3844 6618
119 400 141 458 l
152 404 242 459 (κοί

1164 406 1252 464 DE
1291 407 1731 466 FORMATIONE
1781 406 2310 472 VOCABULORUM.

3237 397 3375 452 ltitl‘i

121 500 3368 552 Μ

1169 615 1588 726 CAPUT
1687 619 2308 726 TERTIUM.

721 819 882 902 DE
951 817 1734 904 FORMATIONE
1804 818 2754 908 VOCABULORUM.

257 1061 376 1118 l36.
417 1062 690 1118 Materiam
723 1063 984 1133 primam,
1013 1079 1081 1120 ex
1115 1074 1218 1134 qua
1255 1065 1574 1121 vocabulum
1603 1066 1690 1122 ef-

119 1155 411 1221 formatur,
464 1157 688 1210 radicem
730 1156 1081 1226 appellamus.
1135 1156 1304 1213 Radix
1353 1174 1480 1213 vero
1508 1159 1563 1214 in
1591 1159 1694 1215 lin-

118 1263 239 1319 gua,
270 1247 444 1317 qualis
477 1248 630 1302 nobis
663 1247 857 1302 tradita
885 1256 988 1313 est,
1019 1264 1283 1319 nusquam
1312 1251 1572 1312 occurrit.
1603 1251 1698 1304 sed

120 1340 480 1418 tantummodo
508 1342 685 1412 stirps,
715 1355 785 1396 ex
818 1341 997 1396 radice
1023 1351 1201 1404 enata,
1234 1357 1298 1397 ex
1349 1358 1470 1412 qua,
1504 1342 1699 1398 additis

120 1434 448 1489 ionnationis
496 1443 550 1488 et
579 1434 822 1489 llexionis
851 1434 1169 1501 elementis,
1212 1435 1529 1490 vocabulum
1573 1450 1700 1491 eva-

119 1531 210 1586 dit.
246 1530 412 1585 Radix
440 1531 598 1600 igitur
625 1530 824 1600 aliquid
853 1542 935 1587 est
965 1535 1315 1598 abstractum,
1348 1531 1535 1602 stirps,
1567 1549 1700 1589 con-

123 1633 318 1679 cretum
343 1641 358 1688 ;
388 1623 664 1692 utriusque
703 1633 884 1682 tamen
916 1625 1103 1682 formae
1128 1627 1450 1699 quandoque
1478 1629 1617 1685 inter
1643 1643 1704 1685 se

122 1718 403 1773 convenire
431 1725 677 1788 possunt.

186 1811 436 1875 Radices,
483 1824 551 1866 ne
595 1826 698 1866 una
747 1810 963 1880 quidem
1011 1821 1280 1883 excepta,
1319 1814 1726 1885 monosyllaba,

119 1911 238 1957 sunt
260 1918 275 1967 ;
299 1916 417 1956 cum
441 1910 618 1956 autem
649 1902 827 1970 plures
854 1903 972 1958 soni
993 1903 1058 1958 ad
1081 1903 1466 1960 ell'ormandam
1493 1908 1703 1960 unicam

116 1992 375 2062 syllabam
406 2007 730 2048 concurrere
756 2004 997 2062 possunt,
1034 1995 1261 2063 radices,
1289 1997 1466 2051 habita
1497 1997 1708 2052 ratione

118 2086 796 2155 terminationis,voealicac
822 2090 907 2145 vel
936 2093 1334 2148 consonantiae
1363 2092 1636 2150 dicuntur.

192 2178 242 2251 l)
282 2177 531 2234 Vocatica:
557 2181 757 2235 radices
784 2192 909 2238 sunt
941 2202 955 2239 :

188 2275 242 2343 a)
270 2273 365 2329 Vel
387 2273 612 2343 simplex
637 2277 859 2345 vocalis,
891 2278 984 2333 uti
1010 2278 1188 2348 (radix
1212 2278 1650 2354 pronominisis),
1676 2299 1709 2337 ιι

119 2371 402 2444 (particula
426 2375 861 2444 interrogativa);
1081 2376 1087 2382 ’

191 2467 241 2537 b)
270 2466 364 2522 Vel
394 2483 696 2524 consonans
722 2479 777 2524 et
795 2472 1015 2538 vocalis,
1044 2483 1106 2529 ut
1129 2472 1208 2544 pa
1231 2472 1408 2545 (radix
1437 2474 1714 2544 pronomi-

117 2558 203 2614 nis
226 2557 403 2630 ῥεια),
440 2559 490 2612 hi
514 2558 687 2631 (radix
716 2564 1049 2630 pronominis
1077 2563 1202 2635 his),
1235 2565 1477 2622 verbales
1504 2564 1711 2622 radices

119 2652 213 2720 iui,
243 2654 349 2718 vai,
379 2652 480 2721 sai,
509 2652 626 2720 bau,
659 2663 798 2720 stau,
821 2654 926 2723 kei,
951 2666 1057 2714 etc.

198 2763 217 2797 ς
237 2734 890 2807 Annotatio.—Primaeva
912 2751 1113 2806 vocalis
1132 2768 1164 2806 a
1187 2750 1535 2823 generalioris
1558 2751 1711 2807 valo-

117 2835 194 2890 ris
223 2845 331 2902 est,
364 2853 520 2909 qnam
550 2852 608 2897 ut
631 2843 794 2898 ullam
822 2842 1056 2899 radicem
1078 2857 1174 2912 per
1201 2857 1260 2896 se
1285 2841 1498 2899 efﬁcere
1521 2843 1711 2912 possit,

117 2926 214 2981 sed
251 2929 578 2997 probabilius
599 2935 713 2991 sive
733 2934 1005 2991 debilitata
1026 2936 1104 3007 (in
1131 2935 1148 2988 i
1177 2935 1260 2989 vel
1283 2933 1360 3005 υ),
1392 2943 1486 2989 aut
1515 2934 1715 3004 produ-

119 3029 204 3073 cta
236 3019 312 3091 (in
344 3021 430 3093 ο),
461 3032 593 3092 etc.,
624 3026 691 3082 ad
720 3025 924 3098 aliquid
954 3025 1322 3096 particularius
1352 3025 1710 3095 restringitur,

123 3114 241 3168 sive
268 3119 582 3174 consonanti
610 3119 930 3189 locupletata
952 3120 1059 3176 vim
1085 3119 1376 3177 radicalem
1402 3120 1650 3191 acquirit.
1685 3139 1708 3174 ι

201 3203 258 3270 2)
287 3203 668 3264 Consonamica:
694 3212 892 3267 radices
921 3211 1006 3268 vel
1033 3227 1137 3267 una
1167 3211 1253 3269 vel
1281 3209 1490 3268 duabus
1519 3226 1714 3270 conso-

125 3297 369 3353 nantibus
398 3311 809 3372 eomponuntur,
839 3313 1071 3375 suntque

194 3389 246 3460 a)
280 3389 488 3449 Vacalis
510 3402 565 3450 et
591 3409 925 3467 consonans,
949 3407 1006 3454 ut
1027 3397 1083 3454 in
1109 3397 1382 3455 radicibus
1405 3398 1711 3456 verbalibus

104 3482 222 3548 aik,
250 3484 373 3554 auls,
405 3488 478 3554 al,
510 3504 598 3557 an,
628 3499 716 3558 at;

187 3575 246 3647 ὁ)
276 3576 489 3635 Vocalis
522 3581 728 3639 duabus
775 3584 1198 3642 consonantibus
1242 3586 1582 3654 interposita,
1614 3600 1708 3640 ex.

107 3684 202 3737 gr.
236 3683 253 3723 :
285 3669 411 3739 hab,
453 3671 564 3739 bar,
608 3676 752 3741 mait,
791 3675 960 3742 skaid,
1000 3677 1152 3750 sail),
1192 3678 1312 3748 stig,
1350 3675 1499 3742 skrit,
1552 3676 1708 3742 baud,

109 3777 266 3831 earp,
304 3761 448 3833 help,
482 3764 630 3833 svalt,
663 3767 836 3835 sland,
870 3778 979 3825 etc.

193 3850 225 3922 §
269 3853 393 3908 157.
436 3853 681 3913 iielative
705 3859 772 3913 ad
798 3859 1016 3930 stirpes,
1050 3861 1242 3932 quibus
1269 3861 1399 3917 dant
1426 3861 1711 3933 originem,

110 3954 396 4016 spectatae,
432 3949 639 4006 radices
665 3961 892 4022 quatuor
918 3962 1045 4010 sunt
1073 3955 1391 4024 specierum,
1424 3970 1658 4024 nempe:

189 4036 246 4108 a)
287 4037 550 4119 l’erbales,
581 4043 713 4098 utin
733 4058 896 4114 supra
915 4045 1145 4104 laudatis
1171 4048 1264 4115 lai,
1287 4046 1390 4119 aik,
1418 4046 1544 4117 halt,
1573 4057 1712 4113 etc.;

187 4128 244 4198 ὁ)
273 4113 600 4200 Nominales,
635 4144 691 4190 ut
716 4113 818 4203 ais,
845 4147 944 4205 au,
972 4137 1126 4210 blop,
1159 4113 1300 4206 etc.;

188 4221 242 4292 c)
269 4221 683 4293 Pronominales,
712 4237 770 4284 ut
791 4229 830 4295 ἰ,
860 4228 962 4302 ῥα,
996 4232 1067 4296 lii,
1097 4238 1241 4299 etc.;

187 4314 253 4385 ά)
289 4313 596 4385 Particulaz,
621 4327 677 4372 ut
700 4317 786 4384 alt,
815 4322 937 4386 and,
963 4321 1032 4387 bi,
1056 4322 1146 4390 du,
1169 4332 1273 4378 etc.

197 4427 218 4460 ι
272 4409 591 4466 Annotatio.
612 4440 682 4452 —
703 4412 854 4478 Quod
885 4415 1124 4470 omnium
1156 4417 1535 4474 vocabulorum
1563 4419 1717 4476 radix

114 4498 362 4553 verbum
391 4500 492 4566 sit,
528 4501 580 4556 in
608 4503 821 4573 gotliico
849 4520 1098 4562 sermone
1123 4508 1344 4563 minime
1372 4513 1660 4579 probatur;
1686 4528 1718 4568 e

105 4591 402 4646 contrario
420 4603 548 4647 sunt
575 4595 829 4650 vocabula
851 4613 1075 4654 numero
1101 4614 1203 4654 non
1225 4614 1413 4670 pauca,
1436 4619 1575 4672 quia,
1600 4605 1718 4659 sive

101 4684 324 4750 forma,
342 4685 454 4739 sive
484 4685 893 4756 signiﬁcatione,
918 4691 984 4744 ad
1012 4693 1242 4746 radicem
1270 4693 1538 4748 verbalem
1562 4709 1720 4764 repu-

100 4790 296 4845 gnare
327 4775 595 4831 videntur.
631 4779 888 4848 Equidem
919 4795 1102 4836 verum
1126 4795 1232 4852 e51,
1252 4785 1572 4840 sententiam
1601 4786 1718 4840 sine

103 4867 298 4922 verb‘o
326 4865 551 4938 intelligi
583 4885 684 4924 non
717 4879 896 4940 posSe,
927 4872 1022 4926 sed
1052 4872 1342 4928 discrimen
1375 4875 1530 4930 adest
1579 4877 1718 4931 inter

99 4959 306 5015 ideam
329 4959 599 5016 verbalem
629 4971 684 5017 et
709 4962 930 5018 verbum
961 4965 1166 5033 ipsum;
1197 4967 1466 5021 connexio
1489 4967 1631 5023 enim
1662 4968 1716 5024 in

94 5052 295 5109 verbo
321 5052 529 5122 jacens,
559 5056 766 5125 copulae
794 5071 916 5112 cum
947 5058 1062 5114 idea
1086 5059 1432 5129 operationis,
1459 5060 1568 5131 jam
1603 5063 1720 5130 ipsa

98 5146 356 5218 quidam
407 5159 492 5204 est
533 5155 794 5206 sermonis
821 5167 1156 5223 progressus,
1203 5153 1292 5224 qui
1333 5166 1722 5224 consequenter

100 5241 339 5311 aliquid
371 5243 612 5298 anterius
631 5245 918 5312 supponit,
947 5254 1003 5300 et
1030 5261 1217 5302 revera
1257 5245 1312 5301 in
1339 5246 1577 5318 pluribus
1606 5249 1724 5303 aliis

99 5333 335 5402 linguis
371 5333 605 5390 nondum
634 5335 856 5393 effectus
883 5346 985 5394 est.
1011 5339 1263 5396 Fatemur
1289 5339 1559 5408 equidem,
1583 5342 1724 5410 quod

100 5427 227 5483 sub
265 5436 522 5495 respectu
547 5427 843 5486 sublimiori
873 5446 980 5486 non
1007 5431 1282 5487 infundata
1309 5433 1486 5500 jaceat
1512 5439 1729 5488 senten-

98 5522 213 5585 tia,
245 5533 360 5588 qua
391 5519 594 5589 singula
622 5522 882 5579 vocabula
907 5524 1223 5594 singulaque
1253 5526 1469 5579 nomina
1501 5541 1530 5580 e
1563 5525 1726 5580 verbo

99 5613 532 5686 procederent,
563 5617 657 5672 sed
694 5620 1045 5691 grammatico
1092 5619 1160 5674 ab
1207 5635 1269 5676 ea
1324 5620 1730 5689 temperandum

101 5724 221 5765 nec
255 5707 367 5763 nisi
397 5708 463 5763 de
495 5711 716 5766 materia
742 5714 1029 5780 sermonis,
1053 5713 1226 5784 qualis
1255 5712 1508 5779 occurrit,
1539 5727 1730 5768 curan-

99 5803 254 5858 dum
291 5817 416 5857 esse
446 5805 734 5860 credimus.
770 5806 1103 5876 Quapropter
1133 5807 1447 5877 nosmetipsi
1477 5822 1542 5862 ea
1589 5808 1730 5862 veri-

104 5907 228 5955 tate
265 5895 430 5963 m0ti,
462 5898 528 5952 ad
561 5898 611 5952 id
644 5900 1011 5956 tantummodo
1049 5900 1426 5972 intendamus,
1466 5909 1525 5958 ut
1557 5899 1730 5972 gothi-

423 6014 697 6080 PATROL.
744 6017 970 6082 XVIII.

1799 1083 1918 1124 cam
1943 1069 2182 1139 linguam
2211 1084 2307 1140 per
2325 1084 2444 1126 eam
2473 1071 2645 1142 ipsam
2682 1071 3031 1132 illustremus.
3063 1074 3196 1131 Hinc
3221 1075 3383 1132 etiam

1802 1177 1908 1216 non
1957 1169 2057 1227 est,
2099 1175 2196 1215 cur
2244 1162 2456 1218 radices
2504 1163 2557 1218 in
2596 1164 2843 1220 verbales
2889 1175 2946 1221 et
2985 1169 3388 1236 pronominales

1804 1255 2022 1324 (Bopp.,
2061 1253 2263 1325 Vergl.,
2313 1253 2568 1321 Gramm.,
2601 1272 2722 1327 pag.
2754 1256 2881 1327 105)
2914 1258 3236 1326 dividamus,
3266 1275 3389 1316 cum

1801 1349 2038 1414 aliunde,
2065 1349 2274 1418 priores
2297 1349 2351 1402 in
2375 1349 2618 1404 verbales
2637 1359 2692 1404 et
2716 1351 3037 1416 nominales,
3061 1352 3389 1421 posteriores

1802 1457 1932 1496 vero
1959 1443 2010 1495 in
2035 1442 2433 1509 pronominales
2459 1450 2513 1496 et
2539 1442 2827 1511 particulas
2856 1441 3048 1500 iterum
3069 1442 3391 1509 incidentes,

1805 1533 1929 1590 huic
1957 1534 2206 1589 divisioni
2235 1533 2479 1604 apprime
2507 1535 2847 1590 conveniant.
2887 1553 2905 1586 ι

1879 1629 1906 1698 §
1950 1628 2072 1683 158.
2105 1629 2162 1682 ln
2183 1627 2454 1682 radicibus
2473 1628 2778 1683 verbalibus
2808 1628 3009 1683 vocalis
3036 1643 3135 1698 pro
3159 1628 3392 1684 maxima

1807 1731 1959 1791 parte
2001 1722 2322 1792 regulariter
2355 1720 3092 1792 commutatur(absonantia,
3129 1719 3157 1792 §
3189 1719 3277 1786 32,
3311 1720 3393 1789 5).

1807 1816 1924 1871 Jam
1955 1832 2116 1882 vero,
2146 1827 2203 1871 ut
2243 1817 2349 1873 illic
2383 1817 2648 1884 diximus,
2680 1825 2963 1888 sequentes
3002 1816 3198 1874 dantur
3231 1815 3394 1873 abso-

1811 1909 2007 1965 nantia:
2033 1909 2236 1966 classes
2263 1929 2274 1964 :

1885 2046 2054 2101 Prses.
2135 2045 2289 2102 Praei.
2335 2045 2470 2118 sing.
2553 2045 2712 2102 Praet.
2755 2045 2894 2118 plur.
2972 2043 3120 2102 Part.
3167 2059 3309 2116 pass.

1923 2140 2027 2194 Li
2274 2157 2306 2195 a
2729 2157 2765 2195 ιι
3151 2157 3189 2194 u

1919 2233 2028 2287 εΗ
2276 2250 2309 2286 a
2735 2249 2763 2288 e
3153 2248 3190 2286 at

1923 2324 2030 2380 5.i
2278 2340 2312 2378 a
2729 2339 2759 2379 ι
3150 2325 3174 2377 ἰ

1923 2419 1978 2474 4.
2010 2419 2059 2474 ei
2280 2419 2336 2473 ai
2727 2419 2750 2472 ί
3156 2417 3178 2470 ἱ

1860 2573 1862 2580 ,
1921 2513 1976 2567 5.
2008 2512 2064 2565 iu
2283 2527 2352 2565 au
2716 2525 2754 2565 ts
3149 2523 3188 2563 It

1923 2604 2040 2660 6.a
2291 2619 2324 2657 ο
2720 2617 2752 2655 o
3156 2615 3192 2653 α

1924 2697 1978 2750 7.
2006 2696 2076 2758 ai.
2099 2711 2127 2750 ε
2293 2711 2324 2750 ο
2722 2709 2755 2748 o
3144 2692 3218 2759 ai,
3235 2707 3266 2747 ο

1887 2828 2171 2899 Spectares
2201 2827 2470 2899 equidem,
2495 2829 2637 2898 quod
2661 2829 2716 2882 in
2743 2825 2827 2881 his
2855 2828 3105 2881 omnibus
3134 2823 3404 2880 absonam

1817 2930 1906 2978 tta:
1935 2921 2195 2977 classibus
2223 2921 2425 2977 vocalis
2455 2919 2704 2976 radicalis
2729 2933 2941 2988 semper
2966 2922 3021 2974 in
3050 2918 3237 2972 eadem
3275 2917 3401 2972 sede

1817 3016 2183 3086 reperiretur;
2216 3030 2304 3070 res
2344 3023 2544 3082 tamen,
2573 3013 2618 3069 si
2661 3029 2779 3068 eam
2811 3012 3029 3082 propius
3072 3011 3402 3080 inspexeris,

1819 3125 1924 3164 non
1969 3109 2039 3164 ita
2080 3124 2139 3164 se
2181 3109 2366 3164 habet.
2393 3110 2449 3165 Si
2480 3107 2644 3174 enim,
2680 3107 2910 3178 exempli
2940 3107 3132 3178 gratia,
3162 3104 3401 3161 vocalem

1818 3202 2101 3272 przesentis
2136 3211 2192 3256 ut
2219 3201 2504 3256 radicalem
2534 3215 2748 3270 semper
2779 3199 3033 3268 accipias,
3070 3206 3198 3254 tunc
3223 3199 3276 3253 in
3308 3198 3404 3254 tri-

1817 3297 1918 3350 bus
1942 3295 2210 3366 prioribus
2247 3294 2579 3350 absonantite
2609 3293 2870 3350 classibus
2900 3307 3042 3362 aegre
3081 3291 3399 3362 explicabis,

1817 3390 2084 3459 quomodo
2104 3388 2155 3460 ζα
2181 3399 2231 3443 et
2263 3404 2298 3440 ιι
2326 3403 2392 3443 ex
2434 3389 2452 3440 i
2482 3385 2774 3457 procedere
2801 3384 3107 3455 potuerint;
3137 3383 3185 3437 si
3213 3393 3402 3438 contra

1818 3490 1874 3542 in
1910 3485 2180 3555 praeterito
2217 3483 2354 3554 sing.
2398 3483 2632 3537 radicem
2663 3494 2875 3548 semper
2900 3492 3129 3548 qumras,
3163 3475 3286 3531 huic
3315 3490 3402 3530 re-

1818 3577 2076 3648 pugnabit
2115 3575 2291 3645 ruptio
2319 3575 2372 3629 in
2411 3583 2599 3645 quarta
2635 3581 2690 3627 et
2715 3571 2897 3640 quinta
2925 3568 3189 3624 classibus
3214 3581 3405 3623 occur-

1819 3685 1982 3735 rens;
2032 3670 2210 3738 itaque
2239 3668 2338 3723 hoc
2369 3665 2686 3736 principium
2731 3663 2890 3718 statui
2922 3670 3122 3732 potest,
3163 3659 3305 3731 quod
3343 3656 3403 3717 in

1820 3777 2138 3832 unaquaque
2165 3759 2496 3816 absonantiae
2525 3759 2696 3813 classe
2721 3771 2783 3811 ea
2811 3755 3016 3811 vocalis
3053 3762 3109 3808 ut
3151 3750 3406 3806 radicalis

1819 3856 2080 3912 sumenda
2107 3856 2199 3921 sit,
2223 3869 2289 3909 ex
2314 3869 2418 3924 qua
2459 3862 2666 3908 caetera.
2689 3849 2839 3920 juxta
2868 3848 3108 3919 cognitas
3147 3859 3404 3900 sonorum

1821 3950 1970 4020 leges
2009 3948 2172 4004 modo
2223 3962 2380 4018 quam
2425 3945 2661 4001 maxime
2702 3944 2862 3999 obvio
2889 3941 3249 3997 deducuntur.
3281 3937 3404 4004 Quo

1822 4044 2018 4114 posito,
2067 4042 2268 4098 vocalis
2321 4039 2580 4111 praeteriti
2624 4038 2763 4107 sing.
2801 4037 2856 4092 in
2909 4035 3080 4091 tribus
3138 4032 3406 4103 prioribus

1821 4138 2104 4204 classibus,
2131 4137 2335 4194 vocalis
2364 4149 2494 4191 vero
2524 4133 2786 4205 participii
2829 4145 2973 4203 pass.
3007 4130 3061 4186 in
3102 4125 3318 4185 caeteris
3352 4135 3409 4181 ut

1823 4231 2077 4288 radicalis
2101 4229 2344 4285 habenda
2381 4237 2482 4284 est.

1899 4324 1926 4396 §
1960 4324 2082 4378 159.
2114 4321 2310 4388 Verba,
2341 4334 2463 4391 qua:
2505 4317 2572 4374 ad
2601 4317 2841 4376 diversas
2888 4309 3220 4369 absonantiar
3271 4308 3410 4364 clas~

1820 4432 1912 4473 ses
1944 4415 2230 4485 pertinent,
2257 4413 2365 4484 jam
2399 4425 2561 4482 supra
2591 4408 2756 4481 (§ll9
2785 4405 2932 4478 sqq.)
2955 4401 3403 4465 memoravimus;

1825 4511 2018 4567 dantur
2045 4519 2224 4562 tamen
2247 4516 2300 4562 et
2322 4506 2440 4561 alia:
2463 4505 2704 4576 plurima:
2736 4502 2951 4570 stirpes,
2984 4511 3124 4570 quae,
3157 4495 3406 4552 eamdem

1823 4602 2154 4659 absonantiae
2180 4599 2496 4655 relationem
2525 4613 2632 4667 pra:
2644 4609 2704 4652 se
2719 4592 3140 4659 lerentes,etiam
3167 4590 3234 4645 ad
3247 4587 3411 4643 verba

1823 4694 2006 4763 fortia,
2032 4693 2157 4748 licet
2185 4692 2238 4746 in
2282 4691 2483 4762 lingua,
2511 4689 2686 4760 qualis
2733 4685 2801 4743 ad
2846 4701 2946 4744 nos
2984 4684 3243 4755 pervenit,
3304 4695 3411 4736 non

1819 4786 1929 4855 jam
1958 4795 2264 4852 occurrant,
2291 4783 2587 4840 relerendae
2612 4792 2756 4840 sunt.
2788 4781 2904 4841 Huc
2929 4795 3058 4851 ergo
3088 4778 3304 4835 veniunt
3331 4794 3346 4829 :

1900 4875 1952 4947 1)
1976 4875 2180 4932 Sviltan
2201 4885 2520 4946 tumescere,
2547 4877 2846 4948 ufsvalleins
2875 4873 3106 4938 inﬂatio;
3130 4900 3202 4912 -—
3220 4868 3414 4940 Ιιὰιραη

1824 4969 2115 5039 benignum
2145 4983 2287 5036 esse,
2321 4970 2489 5024 huldis
2529 4969 2720 5035 libens,
2761 4963 3061 5038 viljahalpei
3093 4960 3414 5018 benevolen-

1828 5065 1922 5130 tia,
1951 5063 2113 5135 hulps
2126 5063 2407 5134 benignus,
2423 5059 2974 5134 propitius;—vil[)an
2995 5057 3204 5123 rudem,
3219 5055 3413 5110 fortem

1828 5171 1949 5212 esse
1979 5157 2070 5226 (?),
2103 5155 2294 5227 vilpeis
2319 5155 2614 5224 sylvestris,
2648 5154 2836 5207 raldan
2880 5150 3182 5215 dominare,
3213 5143 3412 5218 culpas

1831 5247 2002 5320 gloria
2026 5262 2040 5311 ;
2065 5275 2136 5285 —
2156 5246 2378 5300 vimman
2406 5245 2695 5310 maculare,
2719 5257 2975 5314 gavamms
3003 5241 3261 5309 impurus,
3287 5252 3416 5291 ana-

1833 5349 2094 5420 vammjan
2127 5347 2464 5416 vituperare;
2497 5371 2566 5384 —
2595 5343 2842 5402 svimman
2875 5347 3090 5404 natare.
3117 5335 3309 5392 suum!
3342 5341 3416 5387 ta-

1837 5439 1962 5496 hula
1979 5455 1992 5505 ;
2010 5441 2250 5493 —innan
2266 5438 2462 5501 lavere,
2477 5451 2611 5489 anno
2627 5431 2970 5504 stipendium,
2988 5437 3128 5483 arista
3138 5424 3302 5497 gratia
3317 5439 3332 5491 ;
3349 5452 3419 5465 —

1839 5531 2062 5603 grindan
2090 5530 2314 5596 molere,
2363 5525 2708 5591 commolere,
2736 5519 3117 5598 griudafrapjis
3147 5515 3421 5589 pusillani-
3478 5525 3490 5534 '

1839 5625 1965 5689 mis,
1995 5622 2226 5694 grundus
2254 5618 2474 5691 (pulvis,
2507 5617 2894 5688 terra)solum;
2920 5642 2991 5656 —-
3011 5611 3215 5678 tindari,
3237 5625 3420 5680 urere,

1841 5715 2056 5787 tandjau
2097 5713 2411 5778 accendere,
2463 5711 2693 5764 tundnan
2733 5707 2983 5774 accendi;
3007 5702 3293 5778 -εἱηραη
3322 5703 3423 5765 ire,

1844 5811 1918 5866 sin
1925 5809 1967 5880 ί)
2012 5809 2134 5874 itus,
2167 5807 2366 5877 gradus
2399 5803 2611 5877 (vices),
2644 5803 2868 5876 gasinpa
2912 5803 3088 5858 SthilIS
3118 5797 3423 5869 peregrina-

1786 5957 1794 5968 ,
1846 5904 2025 5972 tionis,
2055 5903 2278 5976 sandjau
2307 5901 2550 5969 mittere;
2573 5929 2642 5944 —-
2662 5899 2874 5970 vriggan
2903 5908 3170 5965 torquere,
3194 5889 3426 5948 circum-

2981 6004 3062 6064 32
