3844 6574
597 416 620 472 1
631 413 733 472 003

595 537 746 606 dare,
777 553 970 612 vruggo
999 533 1366 604 tendiculum;
1401 566 1470 578 —
1497 523 1700 609 pigkan
1723 536 1978 608 cogitare,
2007 531 2180 608 pagks

591 636 881 706 gratiarum
905 633 1066 699 actio,
1082 631 1319 705 paglsjan
1345 632 1601 702 cogitare,
1617 629 1856 702 [Jugkjan
1877 630 2084 696 videri;
2108 657 2180 670 -

595 730 835 800 sviggvan
861 737 1071 792 nutare,
1101 728 1438 801 afsvaggvjan
1463 726 1671 781 vibrare
1696 742 1710 793 ;
1739 755 1809 766 -
1831 725 2043 780 vairdan
2087 741 2181 780 cu-

593 835 732 886 rare,
765 820 968 873 vairdus
1013 819 1230 888 hospes,
1278 819 1429 872 vards
1468 827 1675 882 custos,
1713 819 2008 890 fravardjan
2053 832 2177 873 cor-

593 925 878 979 rumpere;
901 911 1216 963 —vairman
1242 909 1500 977 calefieri,
1533 926 1700 963 carm:
1724 909 1949 973 calidus,
1974 924 2176 963 vaurms

592 1002 830 1068 vermis;
862 1031 932 1041 —
956 1002 1176 1072 ﬂaihtan
1200 1011 1468 1071 torquere,
1501 1001 1659 1070 ﬂahto
1692 1014 1926 1071 torques.

663 1096 720 1166 2)
752 1093 917 1149 Hilan
946 1095 1142 1162 celare,
1174 1093 1329 1148 Itilms
1357 1093 1535 1165 galea,
1564 1093 1707 1164 halja
1737 1092 1960 1159 inferus,
1991 1091 2177 1166 hufjan

590 1187 824 1258 operire,
857 1185 1357 1253 velare;—mifan
1384 1185 1533 1257 (coll.
1574 1184 1798 1255 malan),
1841 1182 1997 1255 mili];
2045 1184 2174 1251 mel,

588 1283 690 1337 me!
710 1282 1010 1356 (mensura)
1045 1291 1277 1351 tempus,
1306 1279 1490 1334 mulda
1515 1279 1722 1351 pulvis;
1753 1279 1972 1333 —silan
2005 1277 2177 1346 possi-

588 1376 738 1445 dere,
766 1375 935 1448 saljan
964 1388 1208 1442 manere,
1235 1375 1336 1428 sels
1365 1373 1564 1445 (dives)
1597 1373 1792 1439 bonus,
1818 1372 1954 1441 sulja
1983 1369 2174 1424 funda-

587 1479 850 1537 mentum,
881 1469 1086 1540 planta,
1136 1469 1377 1540 gasuljan
1427 1463 1967 1532 fundare;——skilan
2018 1477 2174 1532 sepa-

584 1574 729 1630 rare,
777 1563 1076 1630 excoriare,
1122 1561 1276 1632 skilja
1318 1559 1584 1624 carnifex,
1613 1557 1812 1612 skildus
1847 1551 2170 1625 (squamma)

581 1664 817 1723 scutum,
868 1653 1037 1726 akalja
1082 1652 1436 1726 (squamma)
1488 1653 1624 1707 later
1685 1649 1833 1721 (gall.
1893 1649 2172 1718 mile);—

582 1749 711 1804 tilan
758 1748 1070 1815 convenire,
1124 1746 1538 1810 accommodari,
1585 1745 1668 1798 tils
1714 1743 2166 1811 accommodatus,

581 1841 684 1896 tals
711 1850 888 1926 aptus,
922 1839 1118 1913 talsjan
1152 1839 1429 1909 adaptare,
1473 1837 1760 1902 inStruere,
1809 1833 2076 1897 educare;
2099 1861 2169 1875 —~

582 1935 757 1989 himan
786 1934 1021 2004 operire,
1050 1933 1241 1987 himins
1272 1933 1494 1999 caelum,
1527 1929 1786 2003 gahamon
1835 1928 2058 1992 vestire,
2090 1926 2174 1981 in-

581 2029 1077 2100 duere;—-friman
1127 2027 1472 2092 accelerare,
1529 2025 1664 2094 [ram
1720 2025 1775 2079 in
1838 2030 2172 2091 conspectu,

581 2125 753 2196 [ruma
783 2124 986 2193 primus
1010 2123 1258 2193 z—qinan
1287 2119 1380 2193 (ἲ),
1408 2121 1529 2191 qino
1553 2119 1909 2188 femina,qens
1936 2116 2128 2170 mulier
2153 2130 2170 2180 ;

585 2244 656 2258 -—
679 2214 846 2288 pinan
867 2215 1108 2279 extendi,
1159 2214 1426 2286 ufpanjan
1460 2212 1709 2278 extendi;
1733 2242 1800 2251 —
1826 2211 2002 2264 minan
2029 2208 2174 2278 cogi-

580 2316 718 2376 tare,
748 2307 988 2381 gamiupi
1037 2306 1322 2372 memoria,
1367 2305 1639 2360 anaminds
1667 2303 1922 2372 suspicio,
1979 2317 2173 2354 munan

581 2403 1052 2475 putare;—vinan
1075 2400 1565 2472 deficere(?),vinia
1586 2412 1864 2470 pascuum,
1888 2412 2011 2450 vana
2041 2394 2173 2450 deﬁ-

581 2498 753 2565 ciens,
782 2512 901 2552 vena
925 2495 1260 2566 exspectatio
1279 2510 1381 2562 ;—
1406 2495 1554 2549 airan
1579 2493 1848 2558 laborare,
1882 2489 2057 2546 colere
2077 2489 2169 2562 (ἲν),

577 2591 720 2645 uirus
746 2589 986 2654 nuntius,
1012 2589 1162 2659 arjan
1195 2602 1350 2643 arare
1371 2603 1459 2655 ;—
1477 2587 1647 2655 {airan
1675 2598 1952 2649 accusare,
1983 2581 2173 2653 fairina

579 2683 851 2749 crimen,-
888 2685 1023 2754 ferja
1077 2679 1394 2748 insidiator,
1451 2680 1704 2750 gafaurds
1756 2675 2175 2744 concilium;-

576 2777 780 2830 svairan
805 2789 1023 2847 gravem
1052 2788 1196 2839 esse,
1225 2790 1368 2828 avare
1397 2772 1592 2840 inanis,
1634 2784 1856 2836 vacuus,
1895 2782 2032 2822 suers
2074 2765 2174 2821 ho-

574 2877 826 2945 noratus;
853 2866 1123 2920 ~vairan
1167 2878 1409 2929 manere,
1449 2863 1669 2929 durare,
1716 2871 1884 2916 tutum
1925 2872 2045 2913 esse
2076 2857 2170 2929 (ἵ),

574 2960 682 3014 rair
705 2959 809 3026 vir,
855 2957 1037 3014 uairilo
1082 2956 1223 3012 labia
1249 2956 1390 3027 (oris
1427 2951 1761 3025 custodesi),
1797 2948 2038 3023 gavairpi
2066 2963 2173 3021 pax

576 3051 776 3125 (hucne
789 3051 858 3122 ἲ),
890 3066 1006 3105 ears
1033 3048 1270 3116 sobrius,
1301 3050 1485 3115 varjan
1509 3061 1715 3114 arcere,
1741 3048 1920 3116 verjan
1949 3056 2173 3099 conser-

573 3159 732 3213 vare;
764 3143 928 3200 stﬂtan
950 3157 1207 3214 pungere,
1223 3141 1367 3208 stiks,
1395 3154 1544 3207 acus,
1561 3146 1843 3211 punctum,
1864 3136 2000 3192 staks
2025 3136 2166 3205 vice,

573 3237 984 3311 hleprastakeins
1015 3234 1304 3291 tentorium
1337 3234 1523 3302 figere.

640 3331 701 3402 5)
753 3329 957 3384 Knivan
996 3328 1090 3399 (τ),
1119 3325 1245 3381 fmiu
1274 3341 1434 3397 genu,
1466 3324 1716 3396 knussjan
1762 3321 2165 3393 genuﬂectere;

572 3423 837 3479 -—hlivan
879 3421 1084 3483 audire,
1134 3418 1288 3491 hliup
1328 3418 1577 3485 attentio,
1622 3418 1922 3478 silentium,
1969 3414 2168 3468 hliuma

573 3515 1074 3583 auditus;—tivan
1113 3521 1361 3583 paratum
1413 3525 1558 3576 esse,
1587 3513 1774 3583 taujan
1819 3507 2018 3572 facere,
2071 3505 2168 3559 tesi

575 3623 750 3677 coma,
767 3607 1004 3678 gatevjan
1029 3617 1355 3674 przeparare,
1382 3601 1632 3656 ordinare
1650 3616 1665 3666 ;
1685 3631 1754 3640 —
1769 3600 1948 3670 faihan
1971 3596 2164 3666 aptari,

573 3701 806 3772 bifaihon
834 3699 1116 3768 decipere,
1157 3698 1473 3770 fullafahjan
1510 3695 1858 3760 satisfacere;
1906 3723 1978 3734 —
2005 3693 2168 3746 didan

575 3794 775 3858 facere,
800 3791 928 3847 ded:
957 3790 1154 3846 factum
1189 3788 1337 3860 (coll.
1369 3787 1397 3859 §
1432 3787 1578 3858 127).

649 3885 708 3955 Δ)
740 3879 1167 3938 Feianhosiilem
1193 3896 1333 3944 esse,
1363 3880 1599 3951 infeinan
1624 3879 1892 3946 misereri,
1922 3877 2064 3949 faian
2093 3875 2171 3932 vi-

579 3985 851 4047 tuperare,
871 3975 999 4048 ﬁjan
1028 3973 1235 4039 odi;—
1266 3973 1442 4044 geiran
1465 3970 1796 4037 desiderare,
1835 3971 1976 4042 geiro
2003 3968 2171 4024 avidi-

573 4080 678 4140 tas,
709 4071 994 4143 Cupiditas,
1026 4070 1275 4148 gairnian.
1297 4083 1614 4138 cuperc;—-
1634 4049 1811 4120 heivan
1840 4064 2053 4135 cperire
2075 4063 2166 4136 (ἲ),

575 4167 685 4223 heiv
705 4168 920 4231 domus,
939 4163 1040 4218 hiai
1061 4160 1305 4236 (tectum)
1329 4161 1612 4230 adspectus
1626 4175 1642 4226 ;
1655 4157 1905 4212 -ιεὶὺαη
1925 4170 2168 4223 manere,

575 4260 712 4316 laiba
751 4257 1018 4329 reliquiae,
1063 4255 1307 4328 bilaibjan
1354 4253 1685 4322 relinquere,
1716 4251 1942 4324 aﬂifnan
1971 4261 2165 4319 snper-

575 4348 1036 4418 eSSe;—veibnn
1083 4347 1322 4413 vertere,
1372 4345 1631 4418 bivaibjan
1690 4343 2169 4407 circumdare;—

577 4444 771 4517 gfeilan
791 4442 974 4496 lucere
1004 4438 1263 4510 (glitmuni
1293 4436 1597 4507 splendor),
1626 4435 1937 4507 glitmunjan
1981 4432 2167 4502 splen-

577 4536 746 4601 dere;
777 4563 848 4575 --
875 4534 1066 4588 vleitan
1110 4533 1419 4602 adspicere,
1468 4530 1798 4584 andavleizns
1860 4527 2165 4597 adspectus,

577 4627 770 4682 vtaiton
785 4626 1057 4694 aucupari,
1074 4625 1511 4693 circumspicere,
1526 4623 1643 4677 aliis
1655 4622 1962 4691 adspectus,
1977 4622 2170 4692 vlizjan

579 4721 634 4778 in
665 4721 854 4777 faciem
880 4721 1288 4785 verberare;—
1308 4719 1482 4791 geisan
1511 4729 1738 4786 terrere,
1770 4719 2044 4791 usgeisnan
2070 4718 2171 4775 lni-

576 4813 707 4884 rari,
733 4822 1061 4883 stupescere,
1093 4813 1355 4884 asgaisjan
1377 4811 1732 4882 stupefacere.

650 4904 708 4976 5)
738 4899 962 4961 Giuman
991 4904 1248 4969 enutrirc,
1280 4917 1471 4967 curare
1509 4900 1598 4974 (ἲ),
1647 4903 1890 4973 gaumjan
1924 4902 2170 4958 conside-

574 5012 722 5065 rare,
754 5011 913 5068 guma
960 4996 1152 5061 homo;
1183 5023 1253 5035 —
1279 4993 1486 5048 skiuran
1535 4993 1882 5050 vehementer
1924 5009 2168 5050 commo-

577 5089 716 5158 veri,
747 5085 1087 5161 vinpiskauro
1105 5085 1488 5152 ventilabrum,
1506 5083 1661 5140 skura
1689 5085 1954 5153 fremitus,
1981 5086 2164 5155 turbo;

577 5185 849 5258 -—jiukan
878 5183 1166 5240 convenire
1209 5181 1281 5254 (τ)
1325 5180 1478 5254 jiuka
1521 5179 1808 5247 discordia,
1835 5181 2022 5254 jiukan
2067 5197 2166 5251 pu-

574 5292 766 5352 gnare,
805 5276 905 5352 juk
947 5292 1064 5348 par,
1116 5274 1308 5348 gajuka
1359 5287 1566 5340 comes,
1616 5271 1804 5345 gajuko
1849 5274 2161 5344 similitudo,

568 5369 752 5446 jukuzi
790 5370 1009 5442 iugum;
1035 5397 1104 5410 --
1125 5369 1304 5422 liuhan
1334 5365 1535 5433 lucere,
1583 5361 1773 5436 (iu/tab
1799 5365 1911 5432 lux,
1939 5364 2166 5438 liuhtjan

574 5459 898 5528 illuminare,
934 5459 1203 5532 tauhaljan
1239 5458 1575 5524 illuminare,
1625 5456 1895 5511 faultmuni
1945 5457 2163 5529 fulgur;

575 5557 844 5611 —liuban
888 5556 1078 5625 amari,
1112 5555 1243 5609 (iubs
1279 5553 1531 5617 dilectus,
1585 5550 1862 5622 galaabjrm
1916 5552 2161 5623 credere,

573 5649 788 5720 galaubs
823 5662 1000 5720 carus,
1044 5648 1333 5719 pretiosus,
1371 5648 1552 5720 galubs
1596 5646 1883 5716 pretiosus,
1935 5647 2165 5720 orapra-

573 5741 692 5797 (Ibo
721 5741 920 5796 caritas
951 5742 1205 5808 fraterna,
1238 5741 1438 5796 lubains
1470 5752 1622 5809 spes;
1654 5767 1726 5778 —
1753 5738 1949 5808 diupan
1989 5739 2161 5795 altum

572 5849 716 5901 esse,
755 5834 906 5904 diups
953 5834 1268 5904 profundus,
1319 5833 1481 5901 altus,
1533 5833 1764 5903 daupjan
1814 5832 2160 5902 immergere,

571 5924 845 5999 laptizare
869 5924 1212 5998 ;—-sliu[)an
1271 5924 1535 5981 lubricum
1609 5937 1770 5993 esse,
1843 5923 2162 5998 afslaupjan

1645 412 2099 474 GRAMMATICA
2139 409 2467 478 GOTHICE
2507 415 2806 482 LINGUE.
3621 437 3699 495 1001

2284 547 2609 607 terrere;—-
2629 542 2793 596 tinum
2824 541 3052 612 adulari,
3083 543 3333 615 decipere,
3373 543 3470 603 ιίιιι.
3503 545 3702 622 simulatur,

2283 633 2410 689 (iuta
2451 637 2720 707 adulator,
2764 639 3063 709 hypocrita,
3087 640 3225 693 (utan
3249 639 3479 710 decipere.

2352 726 2407 798 6)
2434 727 2606 784 Calan
2645 741 2885 799 cantare,
2936 734 3185 801 clamare,
3219 736 3379 804 goljan
3409 735 3582 790 salutem
3616 738 3703 801 dare,

2281 831 2469 882 avere;
2500 851 2570 861 —-
2590 823 2757 894 dogma
2780 823 3074 892 lucescere,
3095 823 3218 898 dags
3247 826 3370 888 dies,
3396 825 3616 897 ahtaudogt
3633 833 3705 882 cui

2281 907 2515 978 duanus;
2545 944 2618 956 --
2643 916 2809 970 haban
2839 916 3037 972 habere
3069 915 3210 987 (gall.
3241 917 3401 986 tenir),
3421 919 3552 972 haban
3573 919 3705 984 habere,

2281 1005 2485 1075 hafljan
2524 1008 2821 1078 adhaerere,
2873 1009 3104 1080 gahoban
3145 1008 3639 1082 continere;—sapan
3661 1028 3705 1065 sa-

2279 1103 2514 1151 turatum
2541 1114 2683 1167 esse,
2711 1099 2842 1172 saps
2865 1110 3151 1168 saturatus,
3183 1101 3422 1173 gasopjan
3471 1111 3706 1164 saturare;—

2277 1201 2446 1246 walan
2475 1191 2849 1250 vehementem
2879 1209 2997 1250 esse
3031 1193 3115 1268 (ν),
3143 1211 3269 1249 wass
3307 1197 3566 1262 vehemens,
3599 1199 3708 1267 tralia

2279 1284 2492 1349 minari,
2520 1284 2820 1356 increpare,
2844 1287 3051 1356 injuriis
3082 1287 3338 1358 prosequi.

2355 1395 2373 1427 ι
2401 1381 2705 1434 Annotatio.
2723 1411 2792 1421 —-
2815 1380 2890 1436 De
2926 1381 3192 1436 nonnullis
3219 1382 3393 1435 harum
3417 1383 3605 1451 stirpium
3627 1398 3707 1452 qur-

2278 1469 2383 1522 stio
2415 1480 2517 1534 est,
2556 1479 2756 1540 utrum,
2787 1473 2952 1528 invita
2984 1474 3313 1538 absonantia,
3339 1474 3415 1529 cui
3443 1474 3710 1544 sultjacenmi

2279 1560 2366 1616 illa
2398 1561 2556 1618 fortia
2605 1566 2766 1619 verba
2802 1566 3050 1636 equidem
3083 1566 3352 1640 deperdita
3379 1565 3611 1621 referenda:
3640 1567 3712 1628 sint,

2276 1667 2343 1706 an
2391 1656 2567 1723 potius
2617 1670 2722 1710 non
2770 1657 3119 1724 credendum,
3153 1660 3290 1729 quod
3336 1658 3589 1713 absonantia
3621 1665 3713 1711 etiam

2276 1743 2426 1810 alibi,
2459 1761 2616 1816 quam
2651 1747 2953 1805 verbalibus
2984 1749 3272 1815 radicibus,
3313 1751 3539 1805 interdum
3576 1751 3716 1817 irrepse-

2277 1839 2347 1891 rit
2377 1837 2428 1909 (ς
2460 1838 2548 1906 52,
2579 1839 2632 1907 5,
2669 1851 2861 1895 annot.
2903 1841 2994 1910 2),
3023 1856 3144 1896 cum
3188 1842 3302 1897 idea
3345 1843 3531 1911 prOpius
3563 1843 3608 1894 ad
3637 1840 3716 1894 radi-

2275 1943 2393 1985 cem
2427 1932 2749 1987 nominalem
2787 1948 2945 2002 quam
2978 1933 3045 1988 ad
3075 1934 3340 1990 verbalem
3383 1933 3588 1989 accedere
3613 1931 3716 1986 ridea-

2275 2028 2385 2088 tur,
2414 2031 2473 2077 ut
2506 2034 2628 2092 puta
2649 2025 2826 2094 qinan,
2855 2024 3065 2092 Imivan,
3098 2027 3288 2098 dagan.

2353 2135 2370 2164 ι
2419 2116 2706 2170 Annotatio
2739 2117 2879 2170 2.—
2901 2118 3017 2172 Alia
3047 2136 3172 2174 vero
3205 2116 3714 2190 vocabulajuxtaregnlu

2277 2207 2605 2262 nhsonantiaa
2646 2209 2834 2264 deduci
2877 2223 3153 2281 nequeunt
3197 2221 3350 2283 atque
3385 2212 3500 2268 adeo
3533 2213 3712 2280 origmiex

2278 2297 2442 2351 verbo
2493 2299 2615 2353 forti
2663 2312 2993 2370 repugnant;
3043 2303 3344 2373 hujusmodi
3383 2312 3491 2358 sunt
3529 2302 3713 2372 presertia

2277 2400 2543 2445 astrorum
2586 2393 2822 2457 nomina,
2866 2405 2922 2449 ut
2951 2412 3145 2466 sumta,
3177 2413 3335 2463 mena,
3361 2397 3713 2461 stairno;elemct-

2277 2490 2454 2536 torum
2487 2493 2541 2538 et
2567 2493 2770 2540 naturae
2799 2487 3287 2557 phenomcnorum,
3318 2500 3370 2544 ut
3395 2489 3714 2560 airpa,rato,(aa,
3788 2485 3789 2560 ξ

2273 2576 2440 2641 viniis,
2488 2577 2645 2649 rign;
2681 2579 3014 2648 animalium,
3055 2591 3115 2638 ut
3159 2585 3334 2654 fauho,
3365 2583 3520 2649 uulua,
3550 2582 3655 2645 lani,
3678 2581 3715 2631 ri:

2277 2668 2432 2739 prus,
2464 2669 2735 2738 ulbandus,
2765 2674 2948 2743 asilus,
2972 2674 3134 2747 fugls,
3164 2693 3279 2742 ara,
3304 2677 3444 2743 dabo,
3470 2675 3609 2743 ahab,
3631 2676 3716 2736 ιω,

2275 2777 2491 2832 sparsa:
2522 2765 2820 2833 plantarum
2845 2782 3144 2840 earumque
3169 2771 3410 2841 partium,
3429 2782 3478 2826 ut
3499 2770 3717 2838 nimbum

2275 2866 2436 2920 attrts,
2460 2872 2599 2928 gms,
2632 2857 2894 2929 [)aurnus,
2923 2872 3050 2927 asts,
3093 2866 3255 2932 mins,
3277 2875 3453 2930 castris,
3474 2865 3594 2934 laufs,
3615 2863 3716 2921 akmt

2275 2948 2403 3016 basi,
2429 2948 2593 3019 peika,
2620 2951 2826 3007 sntakka
2840 2971 2862 3021 ,'
2888 2957 3256 3014 membrorum
3273 2961 3509 3030 corporis,
3530 2969 3574 3012 ut
3587 2954 3716 3026 Antii).

2272 3056 2422 3108 auso,
2445 3058 2600 3114 augo,
2633 3045 2853 3118 munps,
2880 3048 3099 3120 lampas,
3129 3060 3307 3125 tuggo,
3339 3052 3458 3120 hals,
3477 3050 3717 3120 arms,bruttt,

2275 3135 2475 3204 vamba,
2518 3139 2690 3216 fuas,
2728 3147 2862 3208 etc.,
2907 3141 3032 3197 licet
3073 3146 3332 3202 nonnulla
3380 3147 3471 3200 alia
3509 3145 3602 3200 huic
3631 3140 3716 3196 classi

2272 3229 2601 3297 pertinentia
2624 3231 2786 3287 etiam
2816 3233 2882 3289 ad
2910 3235 3152 3291 radicem
3175 3240 3433 3296 verbalem
3457 3239 3594 3295 forsan
3609 3231 3718 3290 referri

2274 3322 2500 3391 possint,
2531 3333 2588 3378 ut
2617 3325 2787 3380 hands
2816 3333 2872 3384 et
2901 3328 3104 3385 haurias
3137 3333 3208 3390 ad
3233 3333 3446 3407 hinpan,
3483 3333 3586 3402 aulis
3604 3328 3647 3385 ad
3664 3324 3716 3379 a7-

2269 3430 2369 3468 van
2393 3414 2462 3486 (?)
2492 3425 2545 3470 ct
2574 3417 2787 3474 similia.
2830 3438 2850 3472 ι

2345 3505 2371 3575 §
2419 3507 2540 3562 MO.
2584 3508 2759 3563 Radix
2801 3510 2964 3582 igitur
3015 3515 3067 3569 in
3113 3519 3469 3586 grammatica,
3513 3507 3718 3571 sicutttitl
3788 3505 3789 3582 ἲ

2273 3595 2492 3665 plantis,
2525 3613 2591 3654 ea
2618 3612 2699 3656 est
2741 3616 2866 3671 pars
2893 3606 3066 3662 oculis
3095 3608 3425 3677 abscondita,
3461 3625 3512 3666 ex
3537 3615 3717 3679 qmvoct-

2275 3687 2456 3743 bulum
2503 3691 2808 3759 enascitur;
2850 3697 3007 3766 stirps
3046 3707 3180 3754 vero
3218 3715 3252 3756 e
3289 3702 3458 3757 radice
3482 3699 3611 3771 palam
3629 3692 3715 3749 eﬂcr-

2274 3789 2380 3847 tur,
2397 3793 2452 3836 ut
2467 3795 2776 3840 concretum
2790 3789 3108 3845 vocabulum
3129 3792 3396 3853 efformet.
3410 3793 3510 3850 iam
3524 3802 3615 3846 vero
3628 3784 3717 3840 etiam

2271 3877 2438 3946 stirps
2457 3879 2726 3946 vocabuli,
2752 3882 2795 3935 si
2827 3883 2928 3938 hoc
2952 3884 3020 3939 ab
3042 3885 3318 3945 elemento
3343 3888 3578 3945 formativo
3595 3891 3716 3950 δειλίη

2273 3983 2413 4034 mus,
2447 3968 2616 4024 forma
2659 3975 3028 4045 monosyllaba
3065 3991 3288 4050 semper
3315 3988 3514 4053 apparet
3537 3964 3714 4032 indum“

2273 4072 2450 4117 autem
2495 4065 2813 4121 vocabulum
2863 4068 3087 4125 relative
3135 4073 3202 4127 ad
3244 4073 3476 4129 flexivum
3514 4071 3715 4126 elementa!

2275 4170 2598 4227 speetemus,
2621 4161 2784 4228 stirps
2807 4161 2858 4216 id
2885 4173 2987 4228 est,
3007 4162 3113 4221 hoc
3143 4166 3460 4223 elementum
3477 4150 3714 4218 autumavit?

2275 4251 2639 4322 sejungamus,
2670 4252 2832 4322 stirps
2868 4254 3166 4313 derivativa
3199 4273 3318 4315 esse
3350 4253 3715 4329 potest,angmenl°

2274 4343 2555 4401 formativo
2577 4345 2766 4414 ditata,
2789 4357 2841 4403 et
2862 4362 3261 4421 consequenter
3282 4343 3711 4425 polysyllaba.8icet-

2273 4452 2354 4508 gr.
2380 4453 2496 4491 nam
2515 4439 2666 4493 radix
2693 4447 2777 4496 est
2801 4451 2856 4496 et
2885 4443 2987 4496 nim
3017 4445 3185 4516 stirps
3211 4454 3302 4505 τοῦ
3333 4448 3517 4509 niman;
3536 4441 3713 4494 nuntiem

2275 4529 2416 4598 (cum
2441 4539 2725 4598 augmento
2758 4533 3041 4589 formativo
3070 4544 3112 4600 t,
3145 4536 3172 4609 §
3202 4536 3328 4610 148)
3357 4539 3503 4606 stirps
3524 4530 3711 4589 τοῦηιυπιί.

2271 4619 2468 4690 nemeig
2501 4621 2643 4690 (cum
2675 4633 2957 4693 augmento
2981 4625 3269 4684 formativo
3287 4629 3383 4700 sig,
3407 4627 3432 4700 ᾗ
3459 4613 3715 4690 ιδο,ξ)ειίφε

2269 4719 2362 4769 τοῦ
2392 4715 2631 4783 nemcigs.
3636 4755 3641 4765 .

2350 4832 2369 4864 ι
2384 4814 2946 4885 Annotatio.—-Stirps
2967 4817 3125 4889 igitur
3145 4835 3174 4874 a
3200 4819 3365 4876 forma
3395 4803 3665 4875 fundamenta“
3679 4797 3712 4852 in

2273 4918 2339 4961 eo
2359 4905 2723 4976 distinguitur,
2747 4908 2886 4977 quod
2909 4907 3025 4964 hate
3045 4909 3156 4981 jam
3182 4913 3440 4968 elemento
3465 4899 3656 4964 formativo
3670 4891 3715 4944 10-

2271 4999 2610 5068 cupletetur;
2658 4999 2783 5056 hinc
2823 4999 2891 5056 de
2944 5000 3113 5057 forma
3151 5005 3368 5059 radicali
3408 4987 3715 5059 tractandumﬁi

2271 5089 2364 5146 ubi
2398 5089 2464 5145 de
2500 5091 2730 5147 ﬂexione
2758 5092 3165 5161 vocabulorum,
3197 5094 3264 5151 dc
3291 5097 3446 5164 stirpe
3475 5100 3588 5150 vero,
3608 5071 3716 5135 ιιῦίδθ

2273 5183 2588 5240 formatione
2611 5185 2808 5256 agitur.
2836 5183 2928 5241 Sic
2950 5202 3035 5242 ex.
3061 5201 3143 5259 gr.
3161 5204 3286 5243 nam
3313 5170 3716 5252 radix,numtsﬁfll5i

2272 5273 2572 5332 NUMPTI
2639 5277 2850 5333 tandem
2915 5279 3082 5335 forma
3134 5277 3518 5337 fundamentalis
3578 5275 3636 5325 est
3669 5261 3720 5315 τεὃ

2269 5377 2462 5424 nantis.
2502 5388 2522 5422 ι
3374 5361 3391 5384 ⁸

2345 5462 2371 5534 §
2403 5464 2527 5520 “1-
2558 5463 2708 5532 Quod
2735 5465 2782 5520 si
2811 5466 3189 5523 vocabulorum
3223 5465 3558 5523 formationem
3573 5443 3722 5541 externis

2269 5563 2476 5612 tantum
2506 5565 2831 5628 spectemus,
2859 5575 2977 5615 eam
3008 5563 3122 5618 sive
3144 5577 3211 5617 ex
3240 5559 3570 5617 terminatione
3591 5541 3721 5601 unicul-

2268 5663 2373 5720 que
2417 5648 2711 5705 dictionum
2745 5651 2903 5707 classi
2941 5653 3156 5723 propria
3178 5668 3298 5707 cem
3345 5651 3421 5706 vel
3453 5647 3611 5712 absque
3629 5631 3723 5686 3W

2268 5744 2448 5798 nantia
2477 5759 2573 5813 per
2594 5744 2894 5812 simplicem
2918 5745 3328 5814 appositionem,
3363 5755 3441 5798 ex.
3467 5752 3552 5809 ετ..
3572 5749 3582 5784 :
3601 5725 3722 5814 atinas,

2269 5851 2409 5891 nm:
2432 5854 2460 5890 a
2485 5838 2666 5894 radice
2687 5854 2841 5906 nam;
2871 5838 2992 5894 sive
3019 5853 3082 5894 ex
3103 5837 3476 5907 compositione
3500 5829 3662 5885 duarum
3678 5808 3722 5907 id

2265 5929 2498 6000 plurium
2527 5933 2797 6004 stirpium,
2822 5905 2884 5990 ut
2907 5933 3161 6004 afniman,
3191 5905 3487 6000 arbinuya,
3513 5905 3711 5990 atipgarda
