3844 6620
49 420 222 476 1009

45 533 270 603 razna)
296 574 310 598 ,
361 530 563 586 avni/iro
595 527 647 600 (a
685 511 913 595 suaihra)
941 511 969 592 ,’
1007 523 1332 579 dauravardo
1377 523 1440 590 (a
1467 521 1642 592 t'ards)
1665 562 1680 587 ,

48 631 294 701 haipno
330 628 384 699 (a
412 623 706 698 haipna?),
732 620 970 692 gamarko
998 620 1052 692 (a
1082 616 1398 689 gamarka?)
1421 617 1570 688 arbjo
1594 615 1686 685 (ab

49 727 287 799 arbja),
335 724 490 794 niij
524 723 574 792 (a
608 718 822 792 nipjis),
853 717 1026 787 kafkjo
1055 715 1106 786 (a
1134 713 1408 784 kalkia?).
1443 712 1562 767 Alia
1596 725 1684 766 res

48 821 332 877 indicant
367 835 379 870 :
411 817 578 869 dauro
618 814 670 884 (a
715 811 898 882 daur),
950 809 1124 863 drittso
1155 807 1208 879 (a
1239 801 1498 873 driusan),
1548 803 1685 857 malo

51 914 123 985 (a
158 910 397 981 multm),
444 909 594 962 rinno
627 906 677 979 (a
706 901 942 974 rinnnn),
971 899 1310 972 vinpiskauro
1341 899 1396 968 (a
1427 898 1679 963 skiuran),

54 1019 284 1074 eruggo
317 1000 369 1073 (a
394 997 656 1071 vriggan),
687 997 849 1068 ﬂahto
884 995 934 1066 (a
963 991 1224 1063 ﬂaihtau),
1255 989 1411 1062 ωαῥο
1443 990 1497 1060 (a
1527 987 1682 1060 wab-

55 1098 221 1171 ian),
273 1094 434 1164 tainjo
462 1094 515 1165 (a
544 1091 725 1161 tains),
751 1089 956 1160 iddaljo
987 1089 1040 1156 (a
1063 1086 1197 1157 dat),
1229 1084 1446 1155 miladjo
1500 1084 1551 1153 (a
1584 1083 1682 1136 mi-

61 1189 270 1262 taps),
325 1189 547 1260 garunjo
592 1184 644 1254 (a
675 1181 914 1250 rinnan).
961 1180 1076 1237 Alia
1109 1177 1322 1232 tandem
1366 1177 1632 1230 abstracta
1668 1191 1682 1228 :

57 1282 280 1354 gnjuko
324 1283 375 1351 (ιι
412 1278 553 1352 juk),
589 1276 722 1345 [ulla
751 1276 803 1348 (a
833 1273 1006 1346 falls),
1053 1271 1295 1343 gariudjo
1337 1269 1389 1340 (ει
1419 1269 1681 1341 gariuds),

57 1376 274 1428 brinno
307 1373 358 1441 (a
391 1368 650 1440 briunan),
683 1367 970 1437 faiftugeiro
1013 1364 1068 1436 (a
1093 1361 1318 1434 geiran),
1353 1360 1684 1430 brobrulubo

61 1468 122 1538 (τι
150 1465 392 1535 liuban),
432 1464 565 1517 reiro
611 1463 660 1531 (a
704 1457 919 1527 reiran),
951 1458 1106 1511 viuno
1149 1457 1203 1528 (a
1243 1454 1490 1524 cinnan),
1522 1453 1684 1523 ralijo

59 1562 124 1634 (a
149 1560 409 1632 rapina),
434 1557 578 1629 sakjo
608 1556 660 1627 (a
685 1553 888 1624 sakan),
910 1551 1083 1622 caihjo
1105 1550 1159 1623 (a
1182 1547 1412 1619 vei/tan),
1437 1548 1684 1620 gatimrjo

75 1657 134 1725 (a
167 1653 445 1725 timrjan).

148 1746 212 1818 β)
239 1746 514 1800 Praeterea
542 1743 842 1798 formantur
860 1739 1035 1795 adhuc
1065 1744 1120 1796 et
1146 1737 1254 1794 alia
1273 1735 1532 1794 vocabula
1558 1749 1682 1791 cum

60 1842 322 1912 simplici
355 1840 430 1910 Ν,
465 1850 519 1897 et
545 1839 790 1912 equidem

146 1937 253 2009 αα)
301 1937 616 1993 lmmediate
666 1934 821 2005 stirpi
868 1932 1030 1988 afﬁxo
1062 1951 1075 1986 :
1109 1945 1275 1989 masc.
1310 1928 1685 2002 [ailmpraihns

67 2031 132 2105 (ξι
169 2029 474 2104 ρνεἰὴαπ).
511 2028 853 2085 'andavleizns
885 2027 938 2098 (a
966 2027 1206 2095 vleitau);
1241 2035 1417 2080 neutr.
1445 2025 1570 2078 bam
1619 2024 1683 2094 (a

58 2121 318 2193 bairan),
345 2123 488 2194 liugn
513 2121 562 2195 (a
591 2119 813 2191 liugan),
847 2120 1098 2174 andavizn
1128 2119 1180 2190 (τι
1213 2119 1413 2188 vizon);
1447 2119 1571 2173 fem.
1595 2133 1684 2170 us-

59 2213 254 2269 beisns
288 2213 341 2285 (a
374 2211 604 2283 beidan),
649 2211 910 2265 auabusns
943 2210 996 2281 (τι
1025 2208 1240 2278 biudan)
1261 2251 1276 2275 ,
1321 2207 1473 2263 soluts
1504 2210 1567 2281 (a
1599 2226 1684 2265 so-

59 2308 229 2378 lun),
261 2309 542 2363 vailavt'ans
565 2308 617 2380 (a
646 2306 844 2378 υἱιοη),
869 2307 995 2362 coll.
1017 2307 1284 2378 gareltsns,
1312 2307 1496 2362 rohsm
1518 2324 1538 2374 ;

146 2400 257 2472 ββ)
293 2400 424 2454 Cum
456 2399 630 2454 vocali
661 2399 962 2469 cuphonica
1010 2401 1051 2452 A
1091 2415 1113 2455 :
1156 2414 1325 2454 masc.
1351 2399 1588 2471 piudans
1619 2399 1681 2472 (a

63 2491 284 2566 piuda)
303 2535 318 2560 ,
339 2495 514 2566 vigoris
542 2494 596 2564 (a
641 2493 882 2565 veihan);
913 2502 1092 2550 neutr.
1139 2493 1300 2548 akran
1329 2492 1423 2566 (ab
1451 2493 1570 2549 akrs
1591 2494 1615 2548 .9
1636 2493 1680 2568 ),

61 2587 232 2659 aljan
267 2586 360 2657 (ab
387 2588 548 2641 alan?
570 2588 620 2656 );
654 2586 783 2641 fern.
809 2603 964 2642 asam
980 2605 1000 2653 ;

145 2678 243 2754 σῃ)
269 2677 404 2734 Cum
431 2677 463 2732 I
495 2696 512 2734 :
544 2693 710 2734 masc.
735 2677 962 2741 kindius.
991 2681 1304 2752 maurgz’us;
1335 2691 1512 2738 neutr:
1538 2683 1681 2757 aigiu

67 2769 176 2842 (ab
206 2770 421 2843 aigan);
449 2770 577 2826 fem.
608 2772 799 2842 fairt’na
827 2773 878 2844 (a
907 2773 1130 2844 fairan);

145 2862 239 2933 δό)
271 2863 404 2919 Cum
436 2863 482 2920 U
518 2881 536 2919 :
571 2874 746 2921 neutr.
794 2866 1148 2938 faihugairum'
1185 2869 1238 2940 (a
1264 2869 1499 2940 geirau),
1544 2872 1680 2942 fair-

67 2959 227 3032 9υηί)
247 2975 263 3023 ;

150 3050 231 3121 τε)
262 3050 394 3106 Cum
416 3049 518 3118 EI,
536 3050 636 3118 Al,
658 3051 730 3118 0;
750 3053 827 3108 sic
845 3051 1122 3108 eﬂ‘ormata
1144 3055 1460 3112 derivantur
1475 3073 1539 3113 ex
1561 3074 1678 3114 ver-

70 3143 172 3199 bis
208 3143 453 3198 secunda:
483 3143 874 3214 conjugationis
901 3145 1134 3214 plurima
1166 3147 1447 3216 feminina,
1480 3162 1538 3204 ut
1561 3150 1677 3204 bal-

77 3236 236 3291 veins
276 3236 326 3306 (τι
365 3236 628 3308 balvjan),
663 3235 857 3307 goleins
901 3238 964 3308 (a
1013 3237 1249 3310 goljan),
1299 3240 1565 3311 daupeins
1612 3243 1674 3313 (a

71 3326 378 3398 daupjau),
423 3328 673 3397 daupeins
716 3330 770 3396 (a
817 3328 1095 3400 daupjau),
1128 3331 1416 3400 afdomeins
1449 3332 1499 3403 (τι
1529 3335 1680 3388 dom-

66 3420 223 3493 ian),
254 3420 463 3490 qism'ns
496 3423 543 3491 (a
576 3421 814 3492 qisljan),
847 3423 1054 3476 hazeins
1084 3423 1135 3493 (a
1168 3423 1422 3497 Itazjan);
1459 3427 1676 3483 bauains

71 3516 124 3584 (a
157 3515 380 3586 bauan),
417 3513 628 3586 [minias
659 3517 709 3585 (a
757 3515 976 3586 [)ttlalt),
1009 3517 1222 3572 lcikuins
1268 3519 1322 3592 (a
1363 3520 1574 3593 leikau),
1607 3524 1676 3577 li-

67 3609 227 3662 bains
257 3609 313 3678 (a
345 3606 526 3678 libau),
561 3609 789 3662 trauains
821 3608 873 3680 (a
905 3611 1142 3680 trauan);
1176 3611 1408 3666 ai/ttrons
1438 3615 1531 3682 (ab
1559 3617 1676 3670 aih-

69 3700 244 3771 Iron),
275 3698 470 3770 lapons
510 3700 561 3770 (a
595 3699 805 3771 (alien),
839 3702 1026 3755 mitons
1056 3702 1107 3774 (a
1131 3703 1338 3774 miton),
1369 3706 1576 3763 salbons
1621 3709 1675 3778 (a

66 3794 308 3864 salbou),
351 3801 453 3848 etc.
505 3795 772 3848 (Imterum
806 3795 984 3849 omnia
1016 3794 1347 3850 substantiva
1376 3842 1389 3865 ,
1422 3815 1542 3868 qua:
1573 3797 1674 3856 hac

65 3886 464 3944 terminatione
485 3885 738 3956 gaudent.
768 3886 834 3939 ad
867 3886 1030 3940 verba
1054 3887 1304 3941 secunda:
1333 3889 1671 3962 conjugatio-

63 3983 179 4049 nis,
220 3981 383 4036 etiam
415 3995 520 4034 non
549 3979 659 4049 jam
697 3980 1055 4045 occurrentia,
1089 3980 1371 4036 referenda
1403 3996 1556 4048 sunt,
1597 3986 1675 4040 sic

67 4091 158 4132 ex.
195 4088 283 4145 gr.
307 4071 592 4126 ahmateius
613 4069 679 4124 ad
708 4071 995 4144 ahmatjan,
1015 4072 1301 4144 gahobaim
1320 4074 1385 4128 ad
1409 4077 1668 4143 gahobau,

66 4174 296 4232 vanains
344 4171 408 4226 ad
437 4186 623 4224 vanan.
678 4168 820 4223 Loco
868 4169 1144 4224 usbloteins
1187 4170 1313 4227 Cor.
1366 4171 1440 4239 ll,
1474 4187 1590 4240 vm,
1637 4174 1672 4228 4

69 4266 292 4324 meliori
333 4262 454 4335 jure
487 4261 765 4334 legendum
799 4269 882 4318 est
908 4261 1223 4328 usblotaim,
1255 4277 1284 4316 a
1316 4262 1493 4318 blotan
1535 4265 1668 4338 (non

65 4359 327 4432 blotian).

137 4454 201 4530 γ)
233 4451 369 4506 Cum
401 4449 522 4506 aliis
558 4446 982 4506 consonantibus
1024 4454 1311 4518 sequentes
1341 4447 1573 4504 evadunt
1603 4449 1670 4504 li-

65 4559 283 4622 gatum:
318 4561 332 4599 :

139 4637 278 4706 SN,
307 4635 404 4691 ΖΝ
438 4653 457 4690 :
489 4646 664 4693 neutr.
697 4636 895 4706 [ιιιήεηὶ
926 4635 978 4708 (a
1002 4635 1191 4705 ﬁlltan)
1212 4651 1227 4702 ;
1252 4634 1379 4690 fem.
1401 4635 1670 4690 Itlaivasna

68 4713 120 4808 (a
142 4733 320 4803 hlaiv)
345 4773 359 4798 ,
386 4731 574 4802 [ilusna
603 4734 657 4802 (a
681 4731 824 4801 ﬁla),
871 4730 1000 4785 coll.
1037 4729 1300 4784 drauhsna
1324 4771 1340 4796 ,
1387 4745 1624 4784 arwazna
1648 4771 1666 4800 ,

67 4831 279 4901 {airzna
298 4843 322 4893 ;

139 4921 276 4988 ΒΝ,
315 4920 364 4975 Γ
369 4920 423 4976 Ν
454 4935 474 4976 :
503 4929 680 4976 neutr.
711 4917 904 4974 υἱωὺηὶ
934 4916 986 4989 (a
1014 4916 1195 4988 sitan),
1226 4916 1452 4989 fastubm’
1485 4917 1535 4989 (a
1562 4920 1668 4988 fus-

64 5020 201 5088 tau),
244 5016 482 5087 valdufni
511 5015 564 5086 (a
593 5014 840 5083 valdau);
866 5012 996 5067 fern.
1031 5012 1306 5082 fraistubni
1332 5017 1383 5083 (a
1415 5012 1664 5083 frat'sau),

59 5109 333 5180 sundufni
360 5109 411 5176 (a
437 5105 687 5175 vuudon).

130 5201 239 5274 dd)
270 5200 315 5254 Β
340 5214 361 5253 :
393 5199 492 5253 hoc
513 5199 780 5254 elemento
809 5197 1160 5254 eilormantur

130 5297 193 5359 α)
234 5291 550 5358 Masculina,
576 5306 769 5361 nempe
800 5309 812 5344 :

134 5390 239 5456 αα)
265 5388 526 5458 Pleraque
562 5387 947 5442 vocabulorum
978 5386 1032 5441 in
1054 5386 1154 5440 reis
1182 5400 1213 5441 e
1239 5385 1418 5441 verbis
1446 5386 1662 5442 deriva-

61 5496 278 5552 torum,
311 5497 432 5552 qua:
458 5493 770 5552 operantem
811 5482 1118 5550 designant,
1177 5480 1315 5535 inter
1368 5495 1487 5549 quae
1543 5481 1662 5534 ani-

58 5575 459 5635 madvertenda
480 5585 604 5629 aunt
661 5592 674 5627 :
735 5574 967 5628 Iaisareis
1025 5574 1082 5639 (a
1117 5570 1352 5643 laisjan),
1409 5571 1662 5641 littpareis

61 5676 116 5744 (a
150 5667 648 5739 liuban),sokareis
672 5668 722 5736 (a
765 5665 991 5735 sokjan),
1052 5665 1284 5718 blostrcis
1342 5665 1393 5732 (a
1441 5663 1656 5733 blotau),

59 5765 303 5821 bokareis
329 5763 381 5834 (a
411 5762 584 5832 boka),
604 5762 908 5830 motareis(a
930 5759 1114 5828 mota),
1138 5758 1379 5814 vutlarcis
1395 5759 1449 5826 (a
1473 5758 1657 5832 vallo).

59 5857 258 5927 Quoad
286 5869 414 5910 vero
435 5855 902 5925 significationem,
937 5853 1015 5908 cis
1043 5852 1387 5918 conveniunt,
1423 5867 1539 5921 qua:
1569 5868 1657 5907 su-

57 5968 156 6026 pra
190 5947 387 6006 litteris
411 5947 486 6019 cc)
528 5945 597 6018 α)
627 5946 718 6016 αα)
745 5946 1098 6016 subjecimus,
1127 5945 1329 6013 addito,
1377 5944 1520 6015 quod
1569 5961 1653 6001 ra-

1275 405 1362 464 ΒΕ
1399 399 1844 462 FORMATIONE
1882 402 2226 461 NOMINA”.

3241 409 3380 467 1010

1787 519 1901 574 rius
1949 528 2002 574 et
2042 519 2390 591 probabiliter
2417 533 2526 576 non
2566 519 2669 578 nisi
2702 519 2878 579 serius
2917 535 2983 579 eo
3018 524 3180 582 modo
3206 523 3384 584 ἐπον-

1785 620 2027 677 manlur;
2935 675 2942 680 .

1854 707 1948 778 ββ)
1973 705 2244 762 Vocabula
2281 707 2332 762 in
2361 707 2454 762 AR
2484 707 2813 766 obscurioris
2847 709 3094 780 originis,
3123 726 3242 783 qua!
3273 726 3378 768 va-

1782 799 1894 854 rios
1916 799 2193 855 affinitatis
2215 811 2494 872 respectus
2518 802 2816 873 designant,
2860 813 2921 859 ut
2942 806 3114 876 fadar,
3147 807 3381 880 bropar;

1783 892 1978 962 quibus
2004 894 2329 963 respondent
2361 895 2622 951 feminina
2650 898 2858 967 svistar,
2897 899 3158 966 dauhtar;

1854 985 1944 1059 νγ)
1977 986 2045 1040 Et
2072 988 2288 1058 insuper
2311 989 2434 1061 ligrs
2470 991 2520 1060 (a
2555 990 2716 1062 ligati)
2741 1001 2795 1048 et
2821 994 3159 1064 spaiskuldrs.

1855 1081 1914 1153 β)
1947 1080 2141 1136 Neutra
2172 1098 2186 1135 :
2217 1083 2426 1154 vaggari
2473 1083 2525 1156 (a
2573 1085 2832 1156 vagga?),
2884 1088 3068 1158 galigri
3111 1087 3160 1160 (a
3186 1089 3378 1162 ligan),

1785 1172 2018 1244 ﬁfigri(a
2050 1173 2259 1246 ﬁlhan),
2287 1177 2343 1230 in
2383 1190 2488 1246 quo
2514 1172 2798 1248 euphonia
2839 1193 3002 1234 causa
3053 1180 3072 1233 ἱ
3099 1179 3377 1236 inductum

1784 1267 2085 1335 praesertim
2117 1267 2650 1324 animadvertendum
2679 1277 2781 1338 est,
2825 1271 2927 1326 nisi
2958 1271 3031 1326 sit
3059 1286 3155 1341 pro
3181 1271 3379 1343 ﬁlhigri

1783 1373 1906 1414 cum
1938 1359 2144 1431 syllaba
2169 1357 2449 1414 formativa
2473 1362 2552 1432 grt'
2579 1363 2604 1416 ?

1853 1455 1911 1528 γ)
1935 1454 2211 1510 Feminina
2237 1472 2252 1508 :
2287 1463 2481 1524 printer
2494 1469 2652 1525 supra
2673 1465 2969 1513 memorata
2991 1457 3194 1523 suistar,
3209 1457 3379 1512 dauli-

1782 1555 1884 1612 tar,
1917 1549 2076 1602 etiam
2109 1546 2294 1620 nullm
2342 1547 2409 1619 (si
2442 1549 2602 1604 lectio
2631 1549 2833 1605 codicis
2879 1551 2924 1604 A
2947 1547 3067 1605 Gal.
3109 1564 3168 1615 tt,
3216 1549 3250 1604 6
3300 1549 3379 1606 le-

1781 1640 1963 1710 gitima
1987 1641 2078 1708 sit,
2109 1657 2134 1694 a
2162 1641 2410 1714 culpas),
2439 1642 2615 1696 saldra
2646 1642 2696 1713 (a
2724 1643 2894 1697 sildan
2909 1641 2975 1714 ?).
3007 1643 3193 1710 Quoad
3222 1657 3378 1698 voca-

1781 1731 1905 1787 bula
1931 1733 2186 1797 muudrei,
2205 1733 2369 1803 digret'
2397 1734 2462 1789 ad
2485 1733 2826 1792 fortnativum
2851 1733 2905 1790 N
2933 1735 3278 1806 pertinentia,
3308 1751 3377 1792 ex

1783 1824 2065 1893 adjectivis
2100 1826 2335 1893 mundi-3,
2363 1826 2507 1898 dign
2533 1828 2757 1883 veniunt
2781 1837 2838 1884 et
2867 1829 3094 1898 proinde
3123 1828 3227 1884 huc
3267 1843 3378 1886 non

1784 1916 2068 1974 referenda
2090 1926 2236 1973 sunt.

1855 2010 1990 2066 Aliis
2050 2012 2475 2068 consonantibus
2515 2026 2817 2069 connexum
2881 2013 3117 2069 occurrit
3162 2021 3373 2071 tantum

1781 2106 1838 2161 in
1861 2105 2086 2176 ligatura
2114 2105 2251 2163 STR
2299 2123 2320 2163 :
2359 2117 2536 2162 neutr.
2587 2109 2736 2180 θείειν
2777 2109 2859 2183 (a
2907 2107 3166 2182 gitpan),
3219 2112 3377 2166 avistr

1783 2199 1878 2272 (ab
1903 2199 2032 2268 avi),
2059 2200 2254 2255 navim
2283 2201 2339 2270 (a
2368 2200 2545 2273 uaus),
2575 2200 2761 2255 hulistr
2785 2202 2836 2273 (a
2857 2198 3087 2274 huljan).

1857 2293 1885 2365 ᾗ
1917 2292 2040 2349 146.
2071 2292 2122 2364 c)
2143 2294 2276 2349 Cum
2307 2295 2694 2360 gutturalibus:

1853 2384 2165 2441 Gutturales
2193 2387 2452 2442 insulsam
2485 2397 2689 2444 tantum
2723 2403 3010 2458 personam
3045 2391 3102 2445 in
3138 2390 3375 2448 forman-

1782 2475 1866 2532 dis
1884 2478 2234 2535 substantivis
2248 2490 2462 2552 gerunt.
2488 2481 2782 2553 Sequentia
2802 2491 3007 2539 tantum
3026 2487 3374 2545 memoranda

1779 2581 1954 2626 sunt:

1853 2663 1940 2735 aa)
1975 2662 2309 2721 Terminatio
2357 2665 2657 2724 masculina
2685 2665 2810 2722 IGG
2837 2667 3109 2738 reperitur
3159 2677 3370 2726 tanaim

1781 2756 1835 2812 in
1863 2756 2140 2813 vocabulis
2171 2758 2427 2829 gadiliggs
2454 2767 2510 2813 et
2535 2758 2801 2833 skilliggs;

1851 2849 1935 2920 bb)
1958 2851 2307 2906 Masculiuum
2339 2852 2693 2925 broprahans,
2724 2855 2789 2910 ad
2818 2855 3107 2910 secundam
3130 2855 3372 2912 declina-

1779 2945 1980 3002 tionem
2010 2945 2311 3017 pertinens,
2339 2945 2662 3016 adjectivum
2707 2948 2783 3002 uti
2818 2947 3012 3002 ainaha
3050 2961 3242 3018 sapere
3293 2944 3374 3004 v’l-

1779 3040 1965 3107 detur;

1849 3135 1928 3206 cc)
1964 3134 2170 3190 Pariter
2200 3134 2516 3190 femininum
2544 3136 2747 3206 “idreiga
2779 3133 2870 3204 (ab
2903 3134 3010 3203 ἱόν)
3043 3134 3109 3189 ad
3152 3134 3375 3206 διηθείὶ-

1779 3241 1899 3283 vum
1929 3229 2118 3300 idreigs
2149 3229 2490 3286 referendum
2521 3239 2643 3294 est;

1849 3333 1946 3402 dd)
1975 3332 2169 3389 Neutra
2197 3332 2396 3401 airiski,
2426 3332 2655 3386 bamiskt'
2679 3332 2898 3388 citerius
2931 3331 3282 3390 etlormantur
3303 3351 3373 3392 ex

1777 3425 2057 3495 adjectivis
2085 3425 2139 3481 in
2166 3425 2290 3495 isks,
2333 3440 2433 3480 nec
2461 3441 2567 3480 non
2595 3434 2650 3480 et
2681 3426 3034 3481 masculinum
3076 3428 3232 3482 atisk:
3261 3428 3374 3499 (vel

1778 3527 2027 3572 neutrum
2059 3517 2216 3588 atisk)
2239 3531 2390 3571 suam
2423 3515 2647 3571 formam
2674 3517 2741 3571 ab
2770 3515 3083 3595 huiusmodi
3107 3518 3374 3590 adjective

1779 3621 2078 3666 mutuatum
2109 3611 2174 3665 iri
2203 3611 2430 3665 videtur.

1836 3705 1924 3774 ree)
1948 3704 2100 3758 Latet
2127 3711 2224 3759 τῶν
2251 3702 2435 3756 miluks
2461 3709 2514 3757 et
2540 3701 2699 3758 altaks
2726 3702 3005 3759 derivatio.

1853 3794 1881 3865 §
1917 3796 2039 3848 147.
2081 3794 2137 3864 d)
2159 3796 2294 3849 Cum
2323 3794 2604 3849 labialibus
2637 3813 2649 3848 :
3379 3819 3382 3868 ί

1854 3887 1908 3940 In
1951 3886 2247 3943 formandis
2273 3887 2545 3942 vocabulis
2600 3903 2706 3941 non
2764 3897 3074 3961 occurrunt,
3126 3894 3372 3963 exceptis

1777 3987 1984 4044 tamen,
2017 3995 2136 4047 quae
2176 3995 2334 4047 supra
2368 3981 2804 4049 memoravimus,
2847 3983 3052 4037 neutris
3081 3992 3134 4040 et
3160 3984 3372 4040 femini-

1778 4072 1862 4125 nis
1889 4072 1941 4126 in
1975 4072 2117 4139 ttbm',
2154 4074 2266 4143 ιιῙηί
2299 4071 2352 4144 (§
2381 4072 2598 4139 M5,cc,
2629 4073 2707 4146 ιν).

1850 4165 2026 4236 §,H8.
2048 4165 2094 4236 ε)
2125 4166 2256 4220 Cum
2280 4166 2581 4223 dentalibus
2603 4180 2655 4222 et
2682 4169 3019 4227 sibilantibus
3047 4188 3059 4226 :

1851 4268 2153 4322 Denlalittm
2205 4278 2258 4322 et
2288 4268 2614 4326 sibilantium
2667 4271 2857 4328 classis
2892 4287 2956 4328 ea
2987 4284 3092 4342 est,
3137 4290 3255 4346 qua:
3312 4279 3369 4336 in

1776 4358 2073 4414 formandis
2121 4359 2473 4416 substantivis
2524 4362 2746 4432 liquidis
2798 4365 3030 4420 maxime
3083 4380 3368 4439 congruat.

1778 4464 1832 4506 tu
1879 4452 2122 4521 plurimis
2148 4451 2418 4525 casibus];
2467 4468 2530 4509 ea
2563 4455 2796 4512 dentalis
2837 4471 2957 4513 esse
2995 4458 3225 4527 videtur,
3264 4477 3368 4530 qua

1714 4585 1717 4587 .
1776 4546 1991 4614 proprie
2031 4545 2368 4600 formationis
2423 4547 2750 4603 elementum
2808 4550 3204 4620 constituatur;
3260 4569 3368 4625 quo

1774 4641 1950 4711 posito
1981 4639 2089 4706 d,t
2145 4648 2259 4694 ets
2309 4639 2362 4694 in
2418 4639 2539 4696 aliis
2586 4641 2772 4697 formis
2820 4644 3163 4700 occurrentia
3211 4659 3277 4700 ex
3318 4644 3363 4718 Ι)

1769 4733 1922 4804 juxta
1951 4734 2190 4803 cognitas
2214 4748 2471 4789 sonorum
2501 4736 2647 4806 leges
2677 4734 2764 4808 (§§
2794 4735 2886 4803 49,
2913 4736 3004 4803 50,
3029 4736 3121 4808 52)
3144 4752 3367 4794 enasceo

1772 4837 1979 4881 rentur.
2009 4826 2118 4881 Nec
2142 4828 2663 4896 praztermittendum
2691 4836 2794 4892 est,
2839 4825 3034 4885 horum
3074 4830 3368 4885 substanti-

1769 4934 1962 4974 vorum
1990 4919 2366 4976 formationem
2404 4937 2524 4977 cum
2571 4921 2894 4979 formatione
2949 4923 3216 4993 participii
3241 4939 3364 4993 pas-

1771 5011 1871 5067 sivi
1902 5012 2152 5067 secundae
2180 5012 2571 5083 conjugationis
2605 5015 2914 5079 convenire,
2932 5015 3074 5070 unde
3101 5030 3168 5071 eo
3189 5017 3360 5085 magis

1773 5103 1837 5158 ad
1861 5111 2250 5174 congruentem
2278 5103 2554 5174 utriusque
2585 5103 2770 5157 forma:
2792 5104 3238 5174 signiﬁcationem
3260 5121 3360 5174 pu-

1772 5206 1999 5262 taretur,
2017 5197 2180 5266 quod,
2201 5197 2288 5252 ubi
2306 5197 2623 5252 vocabulum
2639 5211 2702 5251 ex
2718 5197 2888 5252 verbo
2902 5197 3088 5267 prima:
3100 5196 3245 5266 conj.
3262 5197 3360 5250 de-

1771 5291 1997 5354 rivatur,
2013 5288 2210 5343 vocalis
2224 5288 2482 5358 participii
2503 5285 2695 5358 passivi
2710 5287 3046 5343 adhibeatur.
3064 5287 3230 5358 Hujus
3249 5285 3360 5342 for-

1771 5383 2022 5437 mationis
2076 5381 2407 5437 substantiva
2448 5380 2705 5451 pleraque
2749 5381 2907 5436 etiam
2959 5379 3355 5448 efficacitatem,

1769 5486 1947 5531 actum
1973 5475 2146 5542 ipsum
2169 5475 2499 5546 operationis
2528 5475 2852 5544 significant,
2882 5473 3026 5539 aliis,
3069 5487 3190 5543 quae
3239 5472 3358 5528 sine

1768 5567 2038 5624 elemento
2070 5567 2352 5621 formativo
2382 5565 2717 5622 deducuntur
2746 5566 2801 5636 (ξ
2837 5565 2937 5620 145
2967 5567 3047 5636 a),
3077 5565 3351 5635 objectum

1766 5661 2095 5731 operationis
2126 5661 2306 5728 potius
2333 5659 2757 5730 designantibus.
2782 5659 2899 5714 .lam
2923 5673 3052 5714 vero
3077 5659 3356 5714 formatio-

1765 5772 1862 5814 nes
1893 5757 1997 5811 hue
2016 5754 2342 5824 pertinentes
2367 5755 2613 5823 sequenti
2639 5753 2801 5808 modo
2825 5753 3061 5808 ordinari
3092 5761 3347 5823 possunt:

1749 5884 1756 5893 .
1844 5847 1930 5917 aa)
1963 5848 2072 5911 Eae,
2105 5860 2226 5916 qua:
2249 5844 2572 5914 primitivum
2603 5843 2647 5916 [2
2673 5845 2893 5912 habent,
2946 5845 3059 5901 sive
3077 5844 3348 5900 mediante

1765 5941 1940 5998 vocali
1962 5940 2111 6011 stirpi
2130 5937 2375 5996 vocabuli
2401 5951 2691 6006 annexum,
2722 5938 2834 6018 sive
2875 5938 2998 5995 huic
3038 5936 3348 6002 immediate

2979 6123 3010 6146 ο
