3844 6546
515 398 654 455 1015

513 523 774 571 versetur.
825 514 1012 584 Quoad
1041 515 1176 572 alios
1207 523 1486 589 respectus
1512 519 1624 573 sive
1655 520 1930 588 particulis
1973 519 2088 573 sive

513 607 741 676 quadam
755 607 1146 676 compositione
1155 606 1408 665 adhibitis
1421 623 1725 680 expressos,
1741 609 1875 666 infra
1894 609 1946 681 (§
1963 610 2089 681 170)

513 696 879 753 tractabimus.

586 785 644 857 t)
682 785 1005 843 Pronomina
1033 789 1337 859 personalia
1374 789 1656 847 etformant
1698 793 1998 862 possessiva
2025 808 2094 851 ex

513 877 775 949 genitivo,
804 879 958 951 cujus
985 881 1288 937 terminatio
1314 895 1435 939 cum
1465 884 1839 941 terminatione
1867 885 2093 956 adjecti-

517 981 704 1029 vorum
732 973 922 1044 prima:
939 974 1313 1032 declinationis
1341 986 1695 1048 permutatur,
1729 994 1794 1036 eo
1822 980 2020 1036 modo:

515 1150 654 1209 Gen.
731 1153 758 1208 1
835 1151 988 1211 Pera.
1101 1155 1252 1227 Sing.
1398 1157 1564 1213 meina
1706 1159 1856 1215 Poss.
1938 1162 2099 1216 meins

552 1274 624 1288 —-
711 1276 785 1290 —
868 1278 940 1290 —
1100 1251 1249 1306 Plur.
1395 1251 1589 1322 ugkara
1740 1283 1812 1294 -
1937 1253 2100 1325 ugkar

552 1367 623 1384 --
709 1370 782 1385 ——
869 1371 942 1384 --
1099 1345 1252 1400 Dual.
1401 1363 1592 1401 amara
1700 1347 1851 1400 Poss.
1937 1361 2098 1400 uusar

1469 383 1474 390 '
1572 401 2023 460 GRAMMATICA
2060 400 2379 460 cornice
2415 400 2711 460 uncum.

3542 417 3634 472 1016

2195 515 2331 572 Gen.
2406 516 2441 570 2
2512 516 2662 572 Pers.
2773 515 2923 588 Sing.
3079 517 3234 591 [uina
3384 551 3438 564 -
3539 525 3641 599 iam

2231 636 2304 649 --
2389 637 2460 650 -—-
2544 638 2614 648 —
2783 609 2932 664 Piur.
3075 614 3248 683 igqara
3386 644 3446 657 —
3546 623 3645 693 ῐςςστ

2232 727 2302 743 —
2385 730 2458 744 —
2541 732 2612 742 —
2781 702 2933 757 Dual.
3079 706 3242 759 izvara
3389 738 3448 750 —
3557 714 3648 769 ῑιωτ

2234 821 2306 837 --
2411 792 2445 846 3
2517 793 2668 850 Pers.
3087 799 3221 852 scina
3391 832 3450 843 —
3565 809 3653 862 εείης

2273 885 2332 958 2)
2361 887 2659 944 Pronomen
2692 887 3126 960 interrogativum
3148 907 3242 958 wa,
3283 907 3374 946 was
3411 893 3610 964 signiﬁcat
3623 900 3654 954 in

2202 993 2399 1050 genere
2453 980 2607 1047 quid,
2651 981 2784 1050 quis,
2839 981 2957 1037 sine
3005 981 3248 1051 peculiari
3288 983 3655 1056 determinatione;

2203 1069 2328 1126 hinc
2375 1068 2570 1140 duplex
2611 1069 2924 1125 efformatnr
2972 1086 3260 1141 pronomen
3321 1077 3656 1146 interrogantis:

2199 1161 2385 1236 wapar
2411 1163 2530 1234 quis
2559 1162 2786 1218 duorum
2806 1205 2823 1232 ,
2853 1174 3002 1235 uter,
3033 1169 3203 1239 warjis
3245 1167 3354 1238 quis
3384 1169 3658 1239 plurimorum,

2203 1256 2344 1323 quis.
2391 1254 2518 1309 Hzee
2577 1256 2843 1326 posterior
2890 1255 3060 1312 forma
3108 1259 3338 1313 obscurat
3379 1268 3450 1313 est
3492 1261 3658 1331 originis;

2207 1347 2352 1416 prior
2383 1361 2513 1403 vero
2541 1348 2704 1404 etiam
2734 1349 2787 1404 in
2815 1349 3010 1423 anpar,
3043 1351 3202 1417 alius,
3225 1351 3452 1407 occurrit.

487 1551 500 1558 ’“
1458 1547 1553 1616 C.
1629 1543 2224 1618 FORMATIO
2274 1545 2858 1622 VERBALIS.

1285 1676 1490 1744 (Jacobi
1536 1675 1770 1747 Beitrdge
1794 1693 1886 1730 sur
1911 1674 2186 1731 deutschen
2207 1674 2547 1740 Grammatik,
2569 1690 2692 1746 pag.
2726 1677 2823 1732 151
2859 1675 3002 1748 sqq.)

937 1797 978 1854 Ι.
1019 1793 1443 1853 CONJUGATIO
1485 1794 1715 1851 PRIMA.

591 1892 619 1964 ᾗ
656 1891 780 1948 155.
821 1889 956 1948 Cum
987 1892 1210 1962 primam
1237 1892 1666 1960 coniugationem
1691 1905 1756 1944 ex
1776 1889 1980 1959 legibus
2009 1889 2104 1944 ab-

519 1985 803 2051 sonantiaa,
835 1998 966 2055 quas
995 1983 1154 2049 subit,
1188 1993 1244 2038 ut
1271 1983 1596 2053 primitivum
1627 1981 1787 2036 simul
1815 1990 1870 2036 et
1897 1981 2102 2035 radica-

519 2077 625 2132 lem
655 2075 1034 2146 spectavimus,
1061 2073 1261 2129 frustra
1291 2074 1344 2128 in
1384 2087 1584 2143 genere
1627 2086 1805 2126 sermo
1849 2071 1915 2126 ad
1955 2080 2104 2126 ante-

518 2167 718 2223 riorem
751 2167 940 2221 horum
989 2165 1274 2221 verborum
1305 2163 1693 2218 derivationem
1728 2161 2103 2216 inveniendam

518 2262 904 2333 inquireretur.
928 2259 1043 2314 Non
1072 2260 1264 2314 desunt
1285 2268 1460 2313 tamen
1497 2271 1676 2323 casus,
1698 2256 1752 2311 in
1776 2257 1966 2327 quibus
1991 2257 2105 2312 haec

517 2353 796 2424 inquisitio
823 2352 917 2406 abs
943 2366 1002 2408 re
1032 2367 1134 2406 non
1159 2358 1264 2406 est.

591 2444 649 2515 a)
678 2445 884 2500 Etenim
931 2459 1088 2513 supra
1115 2442 1168 2514 (ξ
1198 2442 1266 2497 52
1287 2482 1301 2506 ,
1324 2439 1381 2513 5)
1410 2439 1750 2506 monuimus,
1776 2437 1917 2508 quod
1940 2438 2103 2494 verba

517 2536 588 2593 ad
610 2543 817 2592 sextam
839 2535 1167 2591 absonantite
1190 2535 1419 2589 classem
1443 2530 1761 2602 pertinentia
1784 2545 1849 2584 ex
1871 2528 2106 2588 secunda

518 2629 788 2699 testisque
816 2626 1076 2682 classibus
1104 2627 1371 2697 posterius
1387 2623 1682 2678 derivatum
1711 2622 1773 2676 iri
1805 2620 2103 2675 videantur.

520 2722 640 2780 1am
663 2736 793 2776 vero
830 2719 957 2775 licet
994 2719 1047 2772 in
1085 2717 1350 2788 plerisque
1374 2715 1552 2770 verbis
1595 2721 1964 2782 argumentum
1995 2711 2104 2780 jam

519 2810 698 2877 desit,
723 2811 843 2881 quia
876 2807 1082 2879 singula
1113 2806 1365 2861 radicalia
1394 2804 1554 2859 verba
1580 2803 1803 2873 deperdi
1832 2812 1884 2857 et
1911 2816 2105 2856 recen-

519 2905 645 2960 tiori
686 2903 854 2958 forma
883 2917 947 2957 ex
997 2901 1080 2954 itis
1127 2901 1363 2954 derivata
1415 2896 1743 2967 supplantari
1795 2902 2104 2964 potuerunt,

520 2995 780 3053 nonnulla
810 3003 988 3049 tamen
1018 2992 1191 3048 adhuc
1231 2998 1519 3060 supersunt
1563 2989 1806 3058 vestigia.
1845 2989 1934 3042 Sic
1981 3003 2106 3042 cum

521 3088 730 3154 malan,
759 3089 862 3142 mol
894 3087 1155 3156 reperitur
1184 3083 1448 3155 quoddam
1479 3083 1635 3136 milan
1658 3124 1671 3146 ,
1712 3082 1836 3150 mal,
1867 3081 1932 3134 ad
1963 3081 2102 3151 quod

523 3179 701 3252 milip,
731 3178 851 3243 mel,
874 3178 1050 3231 mulda
1080 3191 1239 3245 supra
1269 3176 1322 3248 (§
1354 3174 1476 3242 159,
1503 3173 1559 3245 ‘2)
1591 3174 1689 3228 fuit
1719 3175 1974 3240 relatum;
2007 3189 2104 3243 pa-

523 3274 656 3328 riter
683 3287 804 3326 cum
833 3288 1017 3325 svarau
1052 3270 1315 3340 (gravare)
1349 3269 1690 3334 confirmare,
1719 3267 1924 3336 jurare,
1952 3267 2107 3322 datur

524 3367 750 3432 svairan,
789 3381 902 3420 svar
937 3380 1151 3436 gravem
1200 3378 1359 3429 esse,
1411 3378 1475 3418 ex
1525 3376 1630 3433 quo
1675 3377 1819 3415 svare
1867 3361 2103 3429 diflicile,

523 3459 750 3521 frustra,
783 3473 917 3511 st'ers
951 3457 1195 3528 (gravis),
1238 3455 1560 3519 honoratus,
1607 3452 1916 3510 deducenda
1961 3463 2104 3507 sunt.

525 3552 702 3619 Atque
731 3550 867 3604 adeo
905 3563 1025 3603 cum
1049 3547 1254 3614 vrikan,
1283 3545 1424 3616 urak,
1450 3547 1673 3617 supponi
1706 3546 1865 3602 debet
1895 3546 2106 3611 urakan,

528 3641 679 3707 vrok,
731 3656 838 3712 quo
883 3640 1098 3712 vrolrjan
1145 3641 1411 3695 efformari
1453 3639 1639 3711 possit.
1690 3639 1931 3709 Denique
1990 3655 2108 3694 cum

528 3739 698 3805 faran,
743 3734 823 3802 for
863 3733 1022 3787 etiam
1073 3734 1261 3803 fairan,
1306 3733 1390 3803 far
1429 3733 1713 3801 reperitur,
1757 3734 1885 3803 quin
1932 3743 2110 3788 tamen

527 3830 802 3898 utriusque
828 3825 1148 3896 significatio
1174 3827 1558 3882 convenienter
1582 3834 1856 3895 congruat.

599 3920 651 3991 b)
683 3919 792 3975 Nec
822 3933 926 3973 non
949 3928 1004 3974 et
1024 3919 1127 3972 alia
1155 3917 1456 3987 bujusmodi
1483 3918 1643 3973 verba
1668 3918 1840 3986 reipsa
1871 3916 2111 3973 derivata

527 4028 671 4080 esse,
703 4013 948 4082 quamvis
980 4011 1244 4067 derivatio
1287 4009 1484 4075 lateat,
1526 4025 1592 4064 ex
1624 4009 1792 4064 forma
1826 4010 1940 4079 ipsa
1979 4026 2110 4065 con-

528 4106 745 4163 cludere
784 4105 943 4174 iicet,
996 4119 1061 4161 ea
1106 4108 1390 4174 praecipue,
1437 4119 1665 4174 quorum
1710 4103 1862 4158 radix
1907 4105 2112 4160 duabus

529 4198 952 4254 consonantibus
982 4205 1214 4260 constat,
1247 4205 1308 4250 ut
1334 4193 1582 4270 pairsan,
1603 4192 1844 4269 priskan,
1875 4197 2109 4266 t‘a/tsjmt,

527 4291 779 4358 kriustan,
811 4299 949 4356 ctc.;
977 4289 1070 4344 sed
1104 4289 1299 4343 frustra
1327 4288 1557 4358 simplici
1581 4289 1760 4342 radice
1797 4288 2114 4358 reperienda

528 4394 697 4439 totam
738 4385 1002 4454 gothicam
1051 4383 1282 4451 linguam
1315 4381 1736 4448 discuteremus;
1768 4383 1950 4453 paucis
1995 4392 2112 4438 tan-

527 4485 640 4532 tum
671 4487 918 4545 superest
947 4495 960 4529 :
990 4477 1068 4531 sic
1096 4473 1262 4549 alpan
1294 4491 1578 4531 senescere
1604 4493 1670 4530 ex
1695 4478 1816 4530 alan
1850 4477 1993 4531 alere
2013 4517 2027 4542 ,
2055 4485 2110 4530 et

528 4570 726 4644 pinsan
757 4573 992 4641 trahere,
1026 4574 1346 4643 producere,
1377 4589 1440 4628 ex
1467 4571 1635 4644 pinati
1667 4575 1908 4645 produci,
1931 4583 2110 4642 poste-
2137 4619 2140 4622 .

527 4663 640 4719 rius
666 4662 932 4719 efformari
951 4665 1220 4720 videntur.
1252 4664 1426 4721 Simili
1460 4668 1636 4722 forsan
1682 4668 1842 4722 modo
1875 4682 1906 4721 a
1931 4668 2108 4722 uairan

528 4770 770 4824 manere,
797 4759 1010 4814 vairdan
1039 4760 1350 4825 defendere,
1375 4771 1427 4815 ct
1455 4777 1484 4817 a
1513 4761 1671 4816 vakan
1695 4759 1935 4831 vigilare',
1961 4760 2110 4816 salts-

524 4851 618 4925 jan
643 4863 906 4916 crescere,
939 4852 1246 4909 deducenda
1273 4864 1414 4909 sunt.

852 4945 919 5001 ll.
950 4945 1374 5003 CONJUGATIO
1441 4944 1777 5001 SECUNDA.

601 5032 628 5104 ς
687 5033 812 5093 154.
879 5035 1052 5092 Verba
1102 5037 1350 5092 secundm
1403 5035 1794 5106 conjugationis
1848 5037 1902 5091 in
1950 5038 2104 5108 -jan,

524 5136 779 5197 quantum
801 5142 987 5183 eorum
1009 5127 1270 5199 originem
1295 5129 1648 5198 retrospicere
1663 5143 1966 5198 possumus,
1983 5139 2109 5185 sunt

523 5234 624 5288 pro
668 5219 898 5273 maxima
943 5229 1091 5287 parte
1134 5235 1202 5274 ex
1241 5219 1421 5276 verbis
1464 5221 1652 5290 primm
1693 5220 2105 5291 coniugationis,

524 5309 806 5378 adjectivis
832 5311 914 5366 vel
939 5310 1284 5365 substantivis
1312 5319 1518 5366 exorta.
1546 5311 1744 5378 Quibus
1765 5312 2011 5368 omnibus
2037 5312 2110 5367 si-

525 5401 798 5474 gniﬁcatio
851 5420 871 5453 α
906 5402 1137 5458 faciendi
1171 5421 1189 5454 ι
1241 5403 1651 5458 fundamentalis
1693 5419 1813 5459 esse
1855 5401 2103 5472 videtur,

2211 1792 2352 1862 quod
2404 1792 2792 1848 substantivum
2841 1793 3066 1862 indicat,
3101 1795 3386 1853 faciendum
3433 1811 3671 1867 esse,qu

2207 1883 2403 1954 aliquid
2427 1897 2547 1938 cum
2565 1900 2632 1939 eo
2654 1885 2917 1955 agendum
2936 1888 3291 1958 ,signiticant,
3329 1890 3394 1942 ita
3427 1897 3477 1943 ut
3499 1890 3670 1958 objectin

2206 1977 2522 2047 significatio
2551 1977 2606 2034 in
2642 1977 3106 2036 instrumentalem
3139 1989 3386 2047 transeat,
3405 1990 3457 2036 ut
3484 1983 3526 2037 in
3555 1983 3672 2035 hasta-

2199 2076 2301 2146 jan
2332 2073 2458 2128 tuba
2479 2089 2692 2139 canere,
2726 2073 2968 2148 klt'smjan
2987 2077 3238 2149 cymbala
3260 2091 3513 2144 resonare,
3535 2077 3673 2142 tinnire,

2207 2164 2599 2238 ufarltleiprjan
2625 2167 2977 2224 tabernaculo
3011 2177 3194 2240 tegere
3211 2211 3227 2236 ,
3258 2183 3468 2239 superne
3491 2170 3674 2238 obtegere,

2206 2262 2485 2334 ganagljan
2512 2265 2664 2317 clavo
2681 2263 2864 2334 figere,
2889 2265 3115 2336 stainjan
3147 2265 3402 2334 lapidibus
3425 2264 3615 2330 obruere,
3631 2264 3675 2317 la-

2208 2352 2414 2422 pidare.
2437 2353 2550 2408 Non
2576 2354 2676 2409 nisi
2700 2363 2876 2410 autem
2901 2370 3024 2412 raro
3046 2356 3163 2412 haec
3186 2358 3443 2412 transitiva
3461 2357 3678 2427 signiﬁcatio

2207 2445 2264 2502 in
2295 2446 2685 2502 intransitivam
2706 2490 2722 2515 ,
2769 2463 2964 2518 nempe
3003 2469 3020 2502 ι
3051 2449 3215 2505 fiendi
3251 2469 3268 2502 ι
3300 2450 3380 2505 vel
3409 2468 3426 2502 ε
3456 2447 3675 2504 existendit

2210 2539 2417 2608 incidit,
2442 2550 2499 2595 ut
2526 2541 2580 2596 in
2601 2542 2920 2612 andbaltljan
2943 2543 3155 2615 (propr.
3179 2541 3607 2610 ministerio-fungi)
3625 2541 3678 2593 mi

2210 2635 2444 2690 nistrum
2487 2650 2643 2704 esse,
2695 2637 2936 2707 siponjan
2985 2634 3307 2705 discipulum
3359 2649 3499 2700 esse,
3540 2633 3679 2704 riqixia

2211 2725 2497 2781 obscurum
2524 2741 2664 2793 esse,
2691 2727 2959 2799 faurhtjan
2992 2727 3239 2782 timidum
3267 2740 3400 2782 esse.

2284 2818 2340 2888 a)
2372 2820 2413 2874 E
2437 2819 2614 2876 verbis
2643 2821 2829 2890 prima:
2859 2820 3255 2892 conjugationis
3281 2819 3498 2876 derivata
3530 2815 3680 2870 vocales

2213 2911 2468 2981 praeteriti
2521 2911 2660 2982 sing.
2708 2911 2964 2982 pleraque
3006 2912 3316 2982 recipiunt,
3367 2909 3524 2981 paucis
3558 2915 3682 2961 tantum

2213 3005 2450 3059 vocalem
2512 3004 2780 3076 participii
2848 3020 2990 3076 pass.
3058 3007 3397 3063 habentibus.
3447 3003 3682 3059 Deducuntur
3770 3029 3771 3032 η

2213 3097 2375 3168 igitur

2283 3191 2370 3262 aa)
2400 3191 2440 3246 E
2482 3193 2754 3262 praeterito
2791 3194 2929 3265 sing.
2970 3212 2984 3250 :
3017 3195 3072 3264 1)
3103 3197 3365 3267 vammjan
3410 3195 3464 3265 (a
3501 3183 3684 3252 situmst):

2217 3283 2470 3352 brattnjan
2498 3285 2549 3357 (a
2574 3285 2835 3358 brinnan),
2881 3291 3104 3354 rannjan
3150 3288 3205 3360 (a
3233 3287 3455 3357 rinnan),
3488 3279 3684 3351 mdia!“

2212 3376 2290 3429 sin
2294 3375 2454 3449 [)an),
2487 3378 2705 3452 tundjan
2731 3378 2782 3451 (τι
2806 3381 3274 3451 tindan),vandjan
3302 3381 3352 3450 (a
3368 3368 3685 3444 vindan),dr£9i~

2203 3471 2301 3542 jan
2338 3471 2389 3543 (a
2420 3470 2670 3542 drigkan,
2705 3471 2943 3545 pagkjatt
2975 3473 3036 3546 (a
3057 3473 3262 3546 pigkan
3285 3473 3306 3545 )
3328 3517 3343 3541 ,
3365 3473 3546 3543 sagqjatt
3567 3469 3602 3538 (ἃ
3629 3463 3686 3532 δίεν

2211 3564 2369 3634 qan),
2415 3569 2650 3636 stagqjan
2696 3569 2747 3630 (a
2789 3568 3033 3637 stigqan),
3077 3572 3358 3642 svaggvjan
3401 3567 3460 3636 (a
3491 3554 3685 3632 αἱρεῖται),

2214 3652 2442 3726 [)arbjan
2467 3656 2520 3730 (a
2549 3656 2825 3729 pairban),
2857 3661 3160 3732 fravardjan
3192 3661 3246 3734 (a
3278 3656 3557 3725 rairdan?);
3579 3654 3618 3720 ἓ)
3640 3649 3685 3716 πί·

2211 3748 2415 3823 pattjan
2439 3755 2488 3822 (a
2515 3750 2732 3822 [)inan),
2767 3754 2960 3824 tamjan
2993 3754 3046 3826 (a
3080 3755 3268 3826 timan)
3289 3771 3306 3816 ;
3331 3754 3386 3823 5)
3407 3752 3568 3818 daufan
3589 3749 3620 3815 (ι
3641 3743 3682 3794 di-

2211 3841 2355 3910 van),
2398 3846 2572 3916 taujqn
2604 3845 2655 3912 (a
2690 3845 2873 3915 tinuit),
2903 3847 3080 3917 lagjan
3109 3849 3162 3913 (τι
3202 3845 3394 3918 ιὶραη),
3426 3843 3578 3913 vagiat!
3602 3835 3682 3905 (μί’

2213 3933 2361 4004 gan),
2413 3935 2594 4005 rakjau
2635 3936 2686 4005 (a
2737 3936 2928 4007 rikan),
2954 3936 3169 4008 vrakjan
3216 3939 3266 4001 (a
3297 3924 3678 4002 vrikan),fahj¢lli

2216 4028 2442 4099 {ai/tan),
2473 4033 2618 4102 atjan
2645 4029 2734 4098 (ab
2777 4030 2928 4099 itan),
2979 4032 3153 4102 satjan
3202 4032 3252 4099 (a
3297 4027 3466 4097 sitan),
3507 4013 3678 4092 κοιλαηῇ

2215 4120 2395 4188 ttisan)
2426 4138 2438 4182 ;
2473 4121 2528 4190 4)
2561 4122 2803 4190 Imaivjan
2833 4123 2886 4192 (a
2913 4121 3179 4189 Imeivan),
3203 4122 3434 4192 draibjmt
3459 4118 3501 4182 (a
3523 4106 3680 4168 dreiltnlt

2215 4211 2416 4284 t'aibjan
2444 4213 2495 4283 (a
2523 4213 2746 4282 t'et'batt),
2771 4213 2978 4284 vaipjan
3010 4213 3058 4280 (a
3087 4211 3324 4283 veipan),
3368 4209 3547 4280 baidjan
3580 4195 3684 4271 (δι’θὲ
3770 4205 3771 4212 ‘

2215 4302 2362 4371 dan),
2388 4304 2591 4373 gaisjan
2627 4304 2674 4374 (a
2707 4303 2929 4374 grisan),
2954 4305 3145 4374 laisjan
3179 4303 3233 4370 (a
3275 4303 3467 4369 leisan),
3503 4285 3684 4364 raisjﬂl’

2213 4396 2405 4466 reisan)
2433 4413 2452 4462 ;
2491 4396 2548 4466 5)
2588 4399 2831 4468 gaumjan
2856 4397 2904 4469 (a
2937 4397 3144 4468 giuman
3164 4397 3236 4468 ?),
3267 4395 3468 4467 laubjan
3491 4391 3530 4462 (a
3553 4380 3683 4445 lisias)

2217 4489 2446 4560 daupjan
2469 4488 2521 4561 (a
2557 4491 2795 4561 dt'upan),
2831 4491 3070 4562 slaupjan
3103 4490 3158 4560 (ει
3198 4491 3445 4559 sliupan),
3469 4472 3686 4562 drawjml

2216 4559 2487 4651 driusan),
2520 4559 2724 4649 lausjan
2754 4559 2822 4652 ((a
2871 4559 3084 4652 liusan),
3116 4559 3350 4650 rkausjan
3391 4579 3437 4650 (a
3463 4571 3631 4632 histor);
3654 4559 3685 4622 θ)

2217 4674 2395 4745 goljan
2439 4677 2491 4744 (a
2521 4675 2675 4746 galan
2699 4677 2723 4730 ?
2745 4675 2788 4746 ),
2823 4676 2978 4746 ogjan
3006 4675 3095 4746 (ab
3117 4679 3306 4746 agan),
3333 4665 3549 4744 sokjan(a
3562 4653 3682 4746 tam}.

2212 4744 2400 4836 rodjan
2433 4769 2482 4836 (a
2508 4744 2703 4836 rapjan
2727 4744 2811 4835 ?),
2841 4744 3048 4836 stodjatt
3091 4744 3170 4835 (av
3193 4758 3464 4832 standan),
3503 4749 3626 4824 30M“
3648 4744 3676 4806 (³

2211 4855 2428 4928 801m"),
2463 4855 2635 4927 botjan
2660 4855 2708 4926 (a
2738 4856 2911 4924 batan)
2936 4871 2957 4921 ,-
3603 4870 3608 4876 .

2285 4921 2366 5016 lib)
2500 4919 2779 5018 participio
2832 4919 2976 5017 pass.
3012 4945 3062 5015 1)
3108 4943 3375 5018 paursjan
3423 4941 3471 5013 (a
3506 4919 3678 5018 built“);

2211 5012 2450 5110 Itugltjan
2472 5012 2525 5108 (a
2546 5012 2790 5111 pigkttn),
2821 5012 3057 5111 trttsgjan
3089 5012 3140 5108 (ξι
3169 5012 3421 5109 ινὶεξιαη);
3445 5031 3494 5100 2)
3518 5012 3690 5111 buli“)?
3770 5083 3771 5088 η

2215 5101 2378 5201 ltiltin)
2397 5148 2412 5195 ;
2448 5101 2503 5200 6)
2535 5101 2679 5203 dljun
2830 5101 2996 5200 elati),
3025 5101 3201 5200 farian
3314 5101 3692 5198 [aran),dgj“('b
3770 5185 3771 5196 γ

2212 5224 2397 5297 agon),
2423 5223 2608 5298 vakjan
2630 5225 2682 5295 (a
2709 5222 2913 5292 vakan),
2939 5223 3115 5296 batjan
3146 5223 3199 5293 (a
3244 5217 3436 5289 baton).
3770 5215 3771 5286 ᾖ

2285 5312 2337 5382 b)
2371 5317 2445 5370 Ex
2475 5315 2752 5382 adjectivis
2780 5314 3090 5369 derivantur
3674 5384 3682 5398 ι
3770 5377 3771 5398 ἦ

2283 5412 2370 5482 aa)
2400 5411 2591 5467 Primm
2621 5411 2995 5466 declinationis
3023 5427 3037 5464 :
3071 5410 3305 5481 biabrjan
3329 5407 3414 5481 (ab
3432 5400 3566 5466 nimio
3587 5384 3696 5482 W9)

521 5473 603 5548 sic
650 5508 737 5548 ex.
784 5509 908 5565 gr.:
957 5495 1134 5567 lagjan
1172 5495 1352 5564 jacere
1390 5495 1566 5551 facere
1589 5496 1857 5566 (ponere),
1890 5511 1919 5550 a
1947 5497 2103 5568 liga",
2204 5501 2300 5573 jan
2329 5473 2419 5572 (ab
2445 5503 2599 5574 agls),
2623 5503 2882 5572 bat'rlttjan
2909 5501 2958 5571 (a
2988 5473 3227 5570 bairhts),
3267 5473 3538 5570 balpjanci
3561 5473 3694 5574 balbi).

523 5587 762 5653 uarmjan
789 5587 1120 5655 calefacere,
1149 5605 1180 5645 a
1210 5605 1410 5652 varms.
1441 5590 1665 5661 husdjan
1701 5590 2002 5645 thesaurum
2031 5593 2110 5646 fa-
2204 5568 2422 5661 'balvj'an
2455 5568 2507 5664 (εἶ
2552 5568 2733 5664 ὸὰιυε),
2775 5568 3012 5663 blindj'an
3057 5593 3107 5660 (a
3146 5568 3362 5659 blinds),
3388 5568 3645 5649 iusbraidjlﬂ
3666 5568 3698 5634 (⁸

523 5693 646 5735 cere
669 5680 1079 5752 (thesaurizare)
1099 5725 1112 5748 ,
1143 5700 1172 5738 a
1200 5683 1354 5739 huzd.
1392 5683 1645 5755 Equidem
1675 5693 1756 5738 est
1786 5684 1840 5738 in
1867 5685 2109 5753 plurimis
2214 5685 2434 5758 braids),
2457 5663 2697 5758 gairnjan
2725 5688 2788 5755 (a
2813 5686 3042 5758 gairns),
3077 5686 3294 5756 gaurjan
3325 5685 3376 5750 (a
3405 5663 3698 5760 gaurs),dﬂ-§'

521 5773 716 5829 horum
764 5775 1047 5830 verborum
1099 5777 1416 5848 signiﬁcatio
1463 5778 1631 5849 magis
1678 5779 1920 5833 minusve
1960 5777 2111 5832 debi-
2204 5779 2304 5849 jan
2336 5779 2387 5849 (a
2419 5777 2628 5847 daubs),
2678 5777 2974 5849 usdaudjan
3025 5775 3116 5846 (ab
3154 5773 3424 5841 usdauds),
3462 5761 3697 5855 dupli?“

495 5865 674 5920 Jitata
704 5867 784 5922 vel
813 5875 1016 5922 tantum
1069 5846 1432 5940 me'tapltorice
1478 5846 1762 5937 sumenda;
1814 5885 1932 5942 quae
1977 5885 2107 5939 przc-
2205 5846 2440 5942 daulis),
2468 5871 2749 5942 gadiupjan
2773 5870 2825 5940 (a
2849 5846 3302 5942 diups),gaqiujan
3330 5866 3379 5935 (³
3401 5846 3697 5949 0"“)t_"‘f”:"

520 5959 713 6017 urtim
747 5975 778 6019 e
817 5961 1164 6019 substantivis
1197 5964 1502 6020 derivantur
1527 5980 1633 6020 non
1673 5974 1777 6022 tam
1819 5965 2107 6035 obiectum,
2217 5966 2270 6039 (ει
2298 5964 2481 6036 hafts),
2509 5965 2707 6036 hailjan
2727 5964 2778 6038 (ει
2809 5963 3236 6036 hails).ltauhjan
3259 5960 3312 6033 (a
3331 5947 3698 6028 nmmum“
