3844 6620
86 401 199 458 1017

1190 384 1281 443 DE
1321 377 1766 442 FORMATIONE
1804 378 2119 443 VERBALI.

3174 383 3309 440 {018

83 519 131 592 (a
155 516 344 588 hauns),
370 513 619 588 poastjan
646 509 697 581 (a
716 506 940 583 pvasts),
969 504 1149 578 ibnjan
1171 500 1437 579 (abibas),
1468 500 1625 592 Iraur-
1729 498 2131 592 binamnidedun
2181 500 2299 557 loco
2343 501 2774 558 bimamindedutn
2817 499 3098 575 legendum
3142 509 3308 569 esset,

78 590 225 685 fan(a
251 605 442 678 kaurs),
478 604 643 675 latjan
672 602 725 675 (a
751 599 895 672 Iats),
924 597 1240 673 gaunledjan
1273 595 1363 668 (ab
1396 590 1628 661 anleds),

78 700 377 772 sildaleiltjan
425 699 477 769 (a
509 693 821 766 sildaleiks),
852 693 1081 763 maidjan
1100 691 1151 762 (a
1182 687 1392 758 maids),
1420 685 1633 758 raidjan

81 793 130 867 (a
154 793 327 864 raids),
353 787 647 863 garat'htjan
673 786 725 860 (a
750 781 1027 857 garat'hts),
1048 779 1292 854 svinpjan
1324 776 1376 850 (ει
1397 774 1629 848 suinps),

78 886 288 956 varmjan
314 882 371 953 (a
419 879 632 951 oarms).
659 880 841 951 vsrjan
869 875 921 947 (a
955 873 1115 947 cars),
1164 872 1360 944 veisjan
1389 868 1444 944 (a
1483 867 1631 940 ocis),

80 962 269 1053 fahrjan
311 978 365 1049 (a
395 975 585 1049 fagus),
638 973 906 1046 faurhtjan
951 972 1003 1043 (a
1051 967 1299 1043 faurhts),
1342 968 1531 1039 fulljan
1580 963 1633 1038 (a

79 1073 216 1147 (ulls)
237 1114 252 1143 ,
280 1070 542 1145 audagjan
578 1066 671 1137 (ab
697 1066 941 1137 audags),
984 1064 1263 1135 managjan
1287 1062 1343 1135 (a
1378 1059 1632 1130 manags),

1730 590 1857 647 coll.
1890 592 2140 664 birodjam
2164 592 2403 664 ejusdem
2430 592 2869 663 significationis;

1802 683 1937 741 AT:
1968 684 2239 759 lauliatjan
2286 687 2338 760 (a
2368 685 2595 761 liuhaa),
2641 689 2909 759 svogatjan
2951 684 3004 760 (a
3047 683 3309 763 soogjan),

1731 777 1997 852 ahmatjan
2030 779 2120 852 (ab
2145 779 2347 852 ahma),
2377 779 2659 852 kaupatjan
2685 820 2702 845 ,

1804 872 1850 928 Ζ
1877 889 1898 930 :
1927 877 2120 948 talsjan
2151 875 2203 949 (a
2232 875 2406 947 titan),
2432 876 2623 950 olizjan
2646 875 2701 951 (a
2718 874 2895 948 aliis);

1804 967 1891 1024 SS
1917 984 1935 1023 :
1962 968 2209 1043 knussjan
2238 968 2291 1042 (tt
2317 968 2482 1042 kniu).

1809 1081 1837 1153 ᾗ
1866 1082 1993 1140 156.
2019 1084 2076 1155 2)
2104 1084 2402 1142 Verborum
2434 1086 2487 1142 in
2503 1102 2620 1151 -on,
2642 1098 2763 1157 quae
2780 1083 3088 1143 terminatio
3115 1083 3318 1157 pariter

78 1167 300 1239 gabigjan
328 1164 380 1238 (a
404 1159 658 1236 gabeigs),
686 1159 927 1234 valugjan
957 1156 1008 1229 (a
1036 1157 1215 1228 valugs
1228 1156 1296 1228 ?),
1329 1154 1560 1227 mikiljan
1584 1152 1637 1225 (a

1777 1152 2043 1232 nmediate
2056 1152 2126 1232 ad
2148 1178 2370 1248 stirpem
2395 1152 3045 1249 pleruqueiannectitur,
3059 1152 3318 1250 pleraque

78 1256 257 1329 miltils)
282 1276 298 1314 ε

144 1350 222 1422 bb)
246 1349 495 1408 Secundae
518 1344 894 1404 declinationis
919 1362 932 1399 :
954 1343 1157 1413 airzjan
1181 1340 1269 1413 (ab
1284 1336 1485 1408 aim's),
1505 1353 1636 1410 aug-

78 1450 163 1522 ian
185 1444 271 1515 (ab
293 1441 466 1515 angs),
483 1439 719 1514 bleipjan
743 1440 798 1513 (a
819 1435 1035 1512 bleips),
1072 1435 1313 1506 hrainjan
1340 1433 1392 1505 (a
1418 1429 1639 1499 hrains),

77 1541 310 1612 lasgnjan
336 1538 387 1609 (a
418 1532 663 1607 laugnis),
697 1530 996 1607 gamainjan
1026 1528 1081 1600 (a
1112 1524 1386 1600 gamains),
1416 1523 1641 1592 slteirjan

80 1633 132 1703 (a
154 1628 346 1702 slteirs),
370 1630 588 1700 stinrjan
609 1628 629 1699 (
647 1642 678 1683 a
705 1626 901 1695 stiurs),
926 1620 1173 1693 svinpjan
1195 1618 1249 1691 (a
1274 1615 1500 1689 svinps),
1527 1618 1642 1686 fra-

82 1726 286 1801 sntpjan
310 1727 364 1797 (a
384 1723 694 1797 framapeis)
719 1739 739 1789 ;

143 1820 221 1892 cc)
250 1818 442 1874 Tertiae
477 1813 849 1871 declinationis
880 1829 894 1867 :
925 1811 1217 1886 gaaggvjan
1262 1806 1354 1879 (ab
1400 1803 1642 1878 aggous),

75 1913 358 1989 galtardjan
389 1911 443 1983 (a
472 1908 716 1980 bardus),
744 1906 985 1977 manvian
1004 1908 1056 1977 (a
1087 1900 1340 1973 manuus),
1371 1899 1644 1971 talgjan(a

77 2005 291 2080 tulgus).

146 2120 171 2155 ι
206 2098 514 2157 Annotatio.
536 2096 733 2165 -—Huc
760 2092 1101 2152 referendum
1122 2099 1206 2148 est
1233 2088 1395 2146 etiam
1423 2088 1645 2158 newjan,

75 2195 319 2268 quamvis
344 2208 449 2250 non
469 2190 795 2262 adjectivum
821 2204 974 2256 news,
1005 2185 1101 2243 sed
1130 2182 1500 2239 tantummodo
1548 2183 1645 2238 ad-

72 2287 318 2345 verbium
339 2299 443 2339 new
463 2290 731 2339 occurrat.
750 2279 910 2336 Plura
939 2276 1040 2333 alia
1070 2276 1230 2332 etiam
1256 2289 1325 2330 ex
1345 2274 1647 2343 adjectivis,

74 2398 194 2455 qua:
214 2378 612 2442 exsoleverunt,
634 2375 896 2445 originem
944 2372 1178 2443 sapiunt,
1210 2382 1296 2425 ex.
1327 2383 1432 2436 gr.:
1454 2368 1653 2439 gailian

75 2478 131 2549 (a
152 2473 328 2546 gaiIs),
349 2471 569 2543 liuhtjan
602 2468 657 2539 (a
681 2466 882 2534 lia/us),
910 2466 1092 2536 natjan
1118 2464 1173 2535 (a
1200 2460 1362 2530 nats),
1394 2469 1499 2516 etc.
1535 2476 1555 2512 ι

144 2568 194 2637 c)
224 2566 266 2621 Ε
293 2562 637 2621 substantivis
666 2560 1015 2617 derivantur:

145 2660 237 2731 aa)
267 2658 398 2714 Cum
428 2655 820 2728 signiﬁcatione
849 2653 1018 2723 magis
1057 2651 1300 2707 minusve
1328 2655 1544 2720 patente
1576 2646 1652 2702 ia-

75 2752 253 2813 ciendi
284 2769 297 2806 :
328 2749 646 2823 aivaggeljan
692 2746 787 2819 (ab
812 2745 1084 2818 aivaggeli)
1104 2785 1121 2811 ,
1150 2742 1423 2814 arbaidjan
1449 2740 1539 2815 (ab
1566 2755 1655 2794 ar-
1700 2778 1705 2789 .

73 2848 280 2921 baips),
319 2845 574 2915 bandvjan
600 2842 653 2913 (a
674 2836 919 2911 bandvo),
936 2838 1221 2911 gabeistjan
1244 2838 1296 2907 (a
1322 2833 1516 2903 beists),
1538 2834 1657 2921 glit-

74 2920 298 3008 munjan
328 2935 379 3007 (a
426 2929 712 3007 glilmuni),
766 2930 965 3000 dailjan
1006 2929 1056 2998 (a
1103 2925 1282 2996 dails),
1331 2921 1559 2995 dulpjan
1603 2920 1658 2994 (a

72 3029 288 3103 dnlps),
319 3028 525 3099 damjan
572 3026 626 3097 (a
652 3022 839 3092 doma),
872 3021 1099 3093 Ituzdjan
1123 3019 1173 3089 (a
1204 3017 1387 3088 Imzd),
1416 3015 1661 3088 hunsljan

72 3127 134 3198 (ε
167 3122 355 3189 hunsl),
387 3116 610 3190 hrukjan
633 3114 686 3186 (a
717 3112 890 3184 hrult),
913 3112 1078 3184 levjan
1097 3109 1148 3182 (a
1171 3108 1293 3179 (ev),
1324 3104 1662 3177 anamaktjan

78 3196 143 3290 (ε
178 3211 381 3284 malus),
410 3209 651 3283 mapljan
697 3208 751 3279 (a
781 3202 974 3280 mapt),
1005 3204 1198 3275 meljan
1229 3201 1281 3273 (a
1313 3199 1453 3269 mel),
1482 3215 1581 3251 nan
1586 3196 1662 3269 p-

75 3313 185 3386 jau
213 3308 265 3379 (a
304 3302 518 3375 anulis),
550 3300 847 3372 ufarassjan
891 3296 980 3369 (ab
1026 3293 1338 3369 ufarassus),
1370 3292 1577 3363 rignjan
1608 3290 1665 3360 (a

71 3382 245 3475 nigri),
276 3398 496 3471 skaftjan
531 3397 581 3468 (τι
603 3394 809 3462 skafts),
837 3389 1066 3461 sleipjan
1095 3388 1149 3460 (a
1176 3382 1395 3457 διεξίω),
1423 3382 1664 3456 gusuljan

72 3473 343 3567 (avsulja),
373 3491 539 3562 slojan
569 3487 622 3559 (a
643 3482 836 3556 claua),
863 3484 1068 3555 lagrjan
1091 3482 1143 3552 (a
1174 3477 1334 3550 tagr),
1360 3475 1590 3546 taiknjan
1611 3473 1664 3547 (a

69 3584 300 3654 taikns),
342 3570 572 3651 gatevjan
599 3578 651 3649 (a
694 3570 850 3646 leva),
881 3571 1262 3645 gagavairpjan
1289 3571 1343 3641 (a
1372 3567 1661 3643 gavuirpi),

36 3674 41 3679 ’
70 3676 447 3749 andoaurdjan
492 3674 545 3744 (a
569 3670 777 3738 vaurd),
810 3670 994 3738 venjan
1030 3666 1081 3737 (a
1124 3662 1290 3735 oens),
1321 3660 1664 3734 gafrisahtjan

69 3774 125 3845 (a
157 3770 419 3844 frisahts),
454 3767 638 3837 wotjan
666 3766 721 3834 (a
762 3761 939 3834 wota),
972 3758 1390 3831 faihugeironjan
1418 3755 1469 3826 (a
1495 3753 1668 3825 {ai/m-

70 3868 272 3941 θεῖτο),
306 3864 467 3937 ahjan
490 3861 579 3932 (ab
603 3858 747 3927 (rho),
787 3857 982 3928 hugjan
1009 3857 1067 3923 (a
1097 3852 1272 3925 hugs),
1302 3848 1573 3922 miplitjan
1614 3847 1666 3918 (a

71 3961 226 4032 lita),
259 3958 487 4028 tteifljan
516 3956 569 4023 (a
614 3950 823 4024 tveiﬂs),
851 3946 1090 4023 psupjan
1136 3946 1189 4020 (ε
1218 3943 1413 4017 ptup),
1452 3945 1670 4015 vargjan

68 4054 131 4126 (a
164 4050 371 4121 vargs),
402 4047 720 4120 vaifairwjan
759 4043 809 4114 (α
834 4039 1089 4112 fairwus),
1118 4040 1352 4111 usaivjan
1394 4037 1483 4108 (ab
1513 4035 1665 4108 aivs);

146 4147 245 4217 bb)
297 4145 430 4201 Cum
482 4139 868 4212 signiﬁcatione
921 4133 1317 4191 instrumentali
1360 4150 1374 4187 :
1412 4132 1670 4204 haurnjan

65 4241 207 4297 tuba
241 4252 441 4295 canere
472 4234 563 4307 (ab
590 4231 804 4301 haurn),
835 4229 1073 4296 klismian
1112 4224 1357 4298 cymbala
1386 4237 1665 4287 resonare,

60 4332 286 4390 tinnire
310 4334 362 4399 (a
382 4326 610 4397 klismo),
633 4320 1021 4396 ufarhleiprian
1046 4316 1396 4373 tabernaculo
1416 4315 1670 4382 obtegere

57 4428 123 4500 (a
147 4422 430 4497 hleipra),
450 4418 728 4492 ganagljan
750 4416 903 4470 clavo
931 4412 1093 4484 ﬁgere
1111 4411 1166 4483 (a
1192 4408 1387 4481 nagls),
1423 4405 1670 4494 insailian

52 4488 395 4588 illaque-are
427 4488 490 4585 (va
530 4488 702 4579 sail),
740 4507 969 4579 stainjan
1016 4501 1282 4574 lapidibus
1339 4500 1569 4555 obruere
1616 4488 1672 4571 (θ

50 4609 300 4679 slains),
330 4606 539 4677 laistjan
561 4602 797 4673 vestigiis
825 4598 1035 4668 insequi
1057 4598 1108 4669 (a
1134 4594 1325 4666 Iaists),
1356 4594 1675 4667 faurmuljan

46 4720 120 4761 os
156 4703 403 4771 alligare
432 4700 503 4773 (a
529 4697 680 4768 mul),
711 4696 906 4766 matjan
927 4690 1212 4748 comedere
1240 4689 1295 4758 (a
1317 4686 1495 4760 mals);

131 4794 231 4862 cc)
255 4793 399 4847 Cum
430 4789 817 4860 signiﬁcatione
843 4804 862 4837 ι
891 4781 1182 4840 exsistendi
1209 4799 1229 4835 ι
1249 4780 1335 4836 vel
1357 4797 1376 4832 c
1408 4777 1569 4835 ﬁendi
1608 4796 1628 4832 s
1656 4794 1673 4834 :

51 4886 417 4956 andbahtjan
444 4882 743 4937 ministrum
774 4892 897 4933 esse
928 4875 1019 4947 (ab
1046 4871 1345 4941 andbahts),
1378 4870 1675 4942 praufetjan

45 4977 414 5054 prophetam
466 4986 588 5029 esse
630 4970 683 5043 (a
723 4968 1030 5040 praufem),
1078 4964 1317 5036 siponjan
1348 4960 1674 5032 discipulum

44 5088 197 5131 esse
230 5071 290 5140 (a
323 5064 588 5139 siponeis),
610 5064 827 5136 riqizian
857 5061 1144 5117 obscurum
1167 5056 1282 5113 ﬁeri
1312 5057 1365 5126 (a
1390 5054 1564 5126 riqiz).

130 5166 168 5238 §
212 5163 352 5219 155.
381 5160 496 5216 Νοη
527 5159 628 5214 nisi
658 5172 781 5213 raro
824 5157 1049 5225 stirpem
1079 5153 1219 5207 inter
1245 5158 1301 5205 et
1336 5145 1672 5203 terminatio-

39 5274 197 5320 nem
265 5253 594 5321 interjicitur
623 5249 965 5313 formativum
1013 5245 1361 5310 elementum,
1396 5239 1676 5312 sequentia

39 5360 296 5410 tantum
330 5352 618 5402 occurrunt
645 5340 892 5410 exempla
921 5355 936 5394 :

140 5445 196 5501 ν
227 5459 252 5500 :
283 5442 516 5513 malvjan
550 5438 602 5511 (a
631 5435 828 5507 malan)
852 5474 868 5500 ,
913 5428 1231 5504 usfrapvjan
1283 5427 1349 5498 (a
1397 5426 1611 5501 [rapjan
1628 5423 1673 5499 ),

35 5539 345 5607 skadvian
374 5534 425 5608 (a
456 5534 665 5603 skadus)
693 5549 707 5597 ;
1498 5604 1501 5609 η

123 5634 200 5691 Μ
245 5648 267 5688 :
297 5630 563 5702 sniumjan
590 5626 643 5700 (a
673 5622 899 5692 snivan),
929 5619 1148 5690 tarmjan
1174 5616 1227 5689 (a
1256 5616 1424 5670 tairan
1438 5615 1487 5686 7)
1513 5630 1529 5681 ;

118 5728 196 5787 Ν
242 5741 264 5781 :
299 5723 362 5779 In
393 5724 641 5788 namnian
670 5718 722 5791 (a
749 5716 922 5786 namo)
948 5732 980 5769 η
1018 5712 1085 5769 ad
1133 5712 1354 5781 stirpem
1404 5710 1672 5779 pertinet;

32 5827 384 5882 obscurum
411 5814 747 5883 bimaminjan
773 5812 877 5868 huc
894 5792 1234 5866 referendum
1255 5812 1421 5872 esset,
1445 5802 1548 5857 nisi
1571 5801 1678 5860 lor-

30 5936 145 5977 san
177 5932 263 5977 ex
286 5911 558 5985 judiciosa
588 5904 910 5973 Massmanni
930 5902 1259 5991 conjectura,
1285 5898 1415 5960 Luc.
1438 5910 1551 5966 xvr,
1581 5895 1672 5965 si,

1738 1281 1773 1326 e
1795 1269 2169 1342 substantivis,
2199 1285 2368 1342 pauca
2393 1279 2597 1328 tantum
2618 1286 2651 1328 e
2676 1270 2856 1328 verbis
2883 1270 3208 1328 derivantur.

1810 1363 1865 1435 a)
1896 1363 1939 1420 Ε
1969 1363 2148 1421 verbis
2175 1365 2363 1435 prima:
2389 1364 2782 1437 coniugationis
2807 1381 2822 1418 :
2843 1364 3000 1419 mitan
3025 1363 3078 1436 (a
3105 1361 3315 1434 mitan),

1739 1453 1969 1526 bifailton
1995 1456 2052 1528 (a
2113 1455 2337 1529 failtan),
2380 1456 2728 1528 ufarmunnon
2762 1453 2783 1527 (
2808 1469 2838 1510 a
2860 1454 3099 1526 manan),
3129 1454 3320 1509 olaiton

1739 1546 1793 1618 (a
1818 1547 2050 1620 vleitan),
2080 1550 2286 1604 warbon
2313 1551 2370 1618 (a
2410 1548 2685 1619 wairban),
2714 1549 2859 1603 tutan
2904 1548 2955 1619 (a
2983 1547 3193 1617 liutan).
3234 1548 3321 1603 ln-

1741 1650 1944 1697 certum
1965 1647 2072 1706 est,
2093 1649 2270 1696 utrum
2292 1641 2477 1696 trudon
2497 1653 2529 1695 e
2546 1639 2713 1696 verbo
2728 1638 2976 1695 secunda:
2991 1637 3322 1710 coniugatio-

1742 1732 1829 1790 nis
1853 1733 1908 1789 in
1949 1750 2076 1801 -an,
2123 1748 2190 1789 an
2213 1732 2390 1804 potius
2419 1742 2704 1804 utrumque
2730 1747 2763 1790 e
2782 1732 2949 1788 verbo
2976 1730 3098 1788 forti
3127 1730 3319 1802 deper-

1743 1824 1856 1881 dito
1883 1826 2089 1881 triudan
2110 1825 2397 1882 deductum
2423 1825 2514 1881 sit.

1815 1916 1869 1989 ὁ)
1899 1918 1979 1973 Ex
2030 1917 2305 1988 adjectivis
2337 1934 2352 1971 :
2384 1917 2604 1973 ushulon
2642 1917 2697 1987 (a
2730 1916 2892 1987 huis),
2946 1916 3180 1987 idreigon
3232 1913 3323 1987 (ab

1743 2009 1980 2083 idreigs),
2032 2008 2267 2080 galeikon
2298 2009 2350 2082 (a
2380 2008 2618 2083 galeiks),
2668 2010 2894 2065 πιαηάοη
2941 2009 2997 2078 (a
3034 2009 3221 2064 munds
3253 2008 3323 2080 ?),

1747 2102 1951 2158 oundon
1979 2104 2034 2173 (ει
2062 2101 2270 2171 vunds),
2312 2102 2508 2174 gatilon
2539 2100 2591 2174 (a
2630 2100 2761 2172 εὔιε),
2808 2101 3048 2172 gaveison
3075 2100 3131 2170 (a
3159 2098 3323 2170 ocis);

1747 2194 1969 2250 aioiskon
1997 2194 2085 2267 (ab
2117 2193 2348 2263 aivisks),
2384 2192 2704 2248 iudaiviskon
2740 2192 2844 2266 (ab’
2863 2190 3200 2262 iudairisks);
3230 2207 3326 2263 ga-

1749 2289 1916 2360 sibjon
1941 2288 1993 2359 (a
2015 2286 2206 2359 sibjis),
2233 2302 2432 2358 sungon
2465 2284 2516 2356 (τι
2540 2284 2751 2358 sunjis).

1822 2380 1873 2452 c)
1904 2379 1946 2435 E
1991 2378 2338 2434 substantivis
2375 2376 2456 2433 eis
2502 2376 2810 2447 praecipue,
2849 2388 3078 2446 quorum
3125 2372 3331 2433 vocalis

1750 2470 2164 2530 lundamentalis
2188 2478 2270 2525 est
2312 2486 2344 2524 a
2368 2483 2388 2524 :
2418 2466 2680 2522 aoiliadon
2723 2467 2815 2535 (ab
2849 2465 3101 2536 aoiliud),
3144 2464 3332 2518 Itamon

1754 2573 1807 2639 (a
1835 2564 2004 2635 Imms)
2022 2602 2038 2631 ,
2088 2562 2249 2618 Ituran
2277 2560 2334 2634 (a
2363 2558 2511 2637 (rara)
2532 2601 2544 2623 ,
2574 2558 2761 2632 (iulion
2793 2558 2848 2630 (a
2877 2556 3042 2629 liup),
3075 2556 3334 2631 gapaidon

1754 2658 1810 2727 (a
1842 2654 2047 2728 paida),
2084 2654 2277 2726 spillon
2302 2654 2354 2725 (a
2376 2651 2546 2725 spill),
2577 2649 2802 2722 dairpon
2835 2649 2888 2721 (a
2912 2647 3143 2721 vairps),
3168 2646 3333 2715 ﬁskon

1756 2749 1809 2820 (a
1832 2748 1998 2819 ῥεια),
2030 2749 2286 2820 gavadjon
2311 2746 2369 2819 (a
2388 2742 2551 2816 uadi),
2580 2741 2860 2815 gasmipon
2894 2740 2943 2809 (a
2972 2740 3201 2812 smipa),
3243 2741 3337 2811 fri-

1756 2843 1871 2918 pon
1897 2843 1951 2914 (a
1981 2842 2216 2915 rapat),
2246 2842 2459 2914 aljanon
2490 2839 2579 2910 (ab
2602 2837 2792 2911 aljan),
2825 2836 3097 2909 piudanon
3122 2834 3175 2905 (a
3205 2833 3335 2906 piu-

1736 2934 1937 3007 'dans),
1964 2934 2225 2989 midnmon
2247 2931 2299 3002 (ει
2320 2928 2598 3001 miduma),
2623 2941 2925 3001 paurparon
2947 2927 3002 2996 (a
3026 2920 3334 2997 paurpura),

1758 3003 1966 3084 Izatisan
2008 3031 2063 3098 (a
2108 3022 2289 3096 Italis),
2322 3024 2584 3077 navistron
2630 3023 2682 3090 (a
2724 3018 2977 3090 navistr);
3019 3003 3364 3087 quandoque.

1760 3122 1923 3178 etiam
1965 3135 1997 3175 e
2044 3116 2395 3174 substantivis
2440 3128 2562 3170 cum
2607 3112 2781 3167 vocali
2834 3109 3217 3168 fundamentali
3256 3123 3338 3163 u:

1761 3212 1956 3286 στιάοη
1982 3214 2035 3282 (a
2064 3209 2299 3284 gradus),
2324 3208 2495 3263 Iasion
2526 3205 2579 3277 (a
2610 3203 2816 3273 Iustus),
2844 3203 2993 3258 sidon
3022 3202 3075 3274 (a
3099 3198 3289 3273 sidus).

1838 3307 1865 3378 §
1902 3305 2024 3361 l57.
2056 3304 2200 3358 Inter
2225 3316 2289 3358 ea
2319 3315 2440 3372 quze
2483 3300 2653 3371 stirpe
2694 3298 2952 3369 producta
2992 3295 3343 3360 derivantur,

1764 3398 2158 3455 animadvertes
2274 3415 2279 3421 ·

1780 3520 1787 3525 -
1837 3488 2067 3560 a)Qutc,
2098 3484 2380 3556 interiecta
2412 3483 2689 3540 iormativa
2730 3480 2937 3553 syllaba
2981 3481 3089 3548 -in,
3137 3493 3168 3534 e
3213 3476 3347 3534 sub-

1767 3580 2017 3639 stantivis
2070 3591 2419 3648 personarum
2465 3575 2840 3638 deducuntur,
2889 3581 2949 3627 ut
2995 3569 3264 3626 skalkinon
3291 3567 3348 3640 (a

1766 3673 1982 3745 skalks),
2011 3672 2229 3727 horinon
2260 3672 2322 3743 (τι
2353 3671 2472 3725 Itors
2497 3670 2514 3739 )
2536 3709 2551 3736 ,
2582 3668 2894 3723 draulttt'non
2938 3665 2990 3737 (a
3018 3660 3347 3737 gadraultts),

1766 3766 1998 3823 reikinon
2028 3766 2082 3835 (a
2110 3763 2288 3835 reiks),
2325 3762 2544 3817 leikinon
2574 3761 2630 3833 (a
2661 3758 2875 3829 leikeis),
2920 3758 3123 3811 airinon
3156 3756 3248 3827 (ab
3273 3755 3353 3808 ai-

1769 3859 1902 3929 rus),
1935 3857 2190 3929 gudjinon
2218 3856 2272 3927 (a
2309 3855 2518 3927 gudja),
2561 3853 2829 3925 fraujinon
2850 3855 2902 3922 (a
2926 3849 3160 3922 frauja);
3191 3848 3244 3902 in
3272 3848 3353 3902 eis

1768 3964 1917 4015 vero,
1951 3963 2069 4019 quae
2098 3963 2128 4002 c
2158 3946 2508 4001 substantivis
2529 3958 2709 3999 rerum
2735 3953 2910 3997 ortum
2939 3941 3160 4005 ducunt,
3185 3948 3244 3994 ut
3270 3940 3353 3992 ai-

1771 4042 1925 4113 ginon
1955 4038 2045 4108 (ab
2063 4038 2248 4110 aigin),
2265 4036 2484 4107 raginon
2506 4034 2557 4107 (a
2587 4034 2784 4105 ragin),
2808 4033 3017 4105 faginon
3048 4032 3098 4102 (a
3122 4032 3264 4103 fagin
3284 4028 3351 4102 ?),

1772 4130 2001 4201 fairinon
2031 4128 2085 4200 (a
2118 4127 2351 4199 fairina),
2368 4124 2660 4181 derivativa
2691 4125 2897 4194 syllaba
2915 4124 3000 4177 -in
3026 4123 3091 4177 ad
3110 4122 3356 4178 substan-

1774 4221 1943 4276 tivum
1970 4219 2221 4289 pertinet,
2250 4217 2389 4272 unde
2417 4215 2587 4285 magis
2617 4228 2681 4270 ex
2701 4214 2919 4269 fortuito
2944 4226 3072 4268 casu
3097 4227 3256 4282 quam
3283 4226 3352 4267 ex

1772 4314 1959 4371 intima
1990 4312 2246 4366 afﬁnitate
2274 4310 2454 4365 verbis
2487 4322 2648 4377 supra
2677 4306 2909 4362 laudatis
2935 4305 3301 4370 conveniunt;

1847 4406 1901 4478 ὸ)
1932 4407 2062 4475 Qua:
2090 4418 2210 4459 cum
2237 4403 2312 4457 -is
2337 4400 2689 4458 eﬁ'ormantur
2722 4415 2737 4452 :
2771 4398 2876 4454 huc
2897 4395 3135 4452 refertur
3156 4405 3358 4450 tantum

1774 4500 2026 4565 salvison,
2054 4496 2215 4552 modo
2233 4495 2392 4550 lectio
2422 4493 2522 4549 Mc.
2568 4490 2754 4560 tx,20,
2789 4491 3029 4562 legitima
3056 4491 3145 4545 sit.
3180 4489 3239 4546 Si
3267 4504 3361 4544 au-

1776 4603 1885 4648 tem
1912 4605 2033 4646 cum
2065 4603 2132 4645 eo
2155 4602 2317 4659 supra
2351 4585 2418 4658 (§
2454 4584 2579 4651 156,
2611 4583 2660 4656 c)
2693 4593 3050 4640 memoratum
3080 4582 3287 4636 hatizon
3330 4595 3361 4635 a

1778 4685 1915 4739 Italis
1940 4690 2316 4754 componatur,
2344 4680 2430 4736 hic
2452 4694 2561 4736 non
2586 4679 2856 4747 immerito
2877 4679 2944 4734 ad
2967 4677 3362 4733 substantivnm

1775 4775 2113 4847 deperditum
2133 4773 2294 4828 valvis
2316 4769 2713 4827 ascendendum
2744 4769 2869 4836 erit,
2894 4776 2951 4825 et
2969 4774 3366 4839 consequenter

1777 4867 1845 4923 ad
1873 4874 2196 4939 praesentem
2221 4864 2453 4919 classem
2475 4862 2632 4933 plura
2657 4860 2763 4916 alia
2788 4860 3051 4932 ejusmodi
3081 4858 3248 4913 verba
3271 4855 3367 4912 ad-

1777 4958 2044 5022 ducenda,
2073 4965 2133 5013 ut
2158 4956 2339 5028 agison
2364 4955 2455 5026 (ab
2482 4954 2637 5025 agis),
2669 4953 2863 5024 sigison
2892 4950 2946 5023 (a
2977 4948 3156 5022 sigis);

1848 5052 1900 5123 ο)
1928 5050 2060 5119 Quae
2087 5064 2208 5104 cum
2230 5064 2308 5101 -m
2332 5064 2351 5102 :
2375 5047 2616 5101 doalmon
2647 5044 2700 5116 (a
2730 5044 2922 5114 dvals).

1854 5147 1882 5219 §
1917 5146 2059 5201 158;
2090 5146 2148 5218 3)
2166 5141 2340 5200 Verba
2361 5142 2416 5198 in
2440 5157 2553 5205 -an,
2577 5140 2744 5211 quod,
2767 5136 2951 5207 paucis
2984 5142 3186 5189 tantum
3207 5144 3366 5188 exce-

1777 5240 1907 5313 ptis,
1933 5240 2136 5309 pariter
2164 5236 2230 5292 ad
2261 5236 2484 5305 stirpem
2513 5230 2822 5288 immediate
2853 5227 3105 5297 alﬁgitur.

1849 5335 1903 5404 α)
1933 5332 2011 5388 Ex
2035 5324 2424 5397 verbisprimas
2439 5320 2828 5393 coniugationis
2854 5337 2867 5372 :
2891 5316 3056 5391 [iisan
3077 5317 3130 5388 (a
3156 5312 3362 5388 pioan),

1778 5429 1957 5499 botjan
2001 5425 2051 5493 (λ
2079 5419 2275 5489 batan),
2325 5416 2518 5470 oaldan
2568 5414 2618 5477 (a
2652 5411 2878 5479 vildan),
2911 5410 3072 5480 faian,
3124 5408 3253 5478 ﬁjan
3311 5408 3365 5476 (a

1779 5519 1961 5596 feian),
1993 5518 2149 5572 luban
2180 5516 2234 5583 (a
2259 5506 2483 5579 liuban).
2517 5506 2632 5562 Huc
2670 5505 2941 5577 pertinent
2971 5502 3132 5558 etiam
3157 5499 3322 5555 verba
3345 5540 3363 5566 ,

1777 5631 1919 5687 quas,
1945 5612 2067 5668 licet
2095 5624 2159 5664 ex
2191 5603 2457 5662 anomalis
2492 5610 2633 5669 orta,
2663 5597 2985 5669 regulariter
3024 5605 3202 5652 tamen
3231 5595 3363 5652 ﬁec-

1778 5717 2002 5765 tnntur:
2035 5704 2263 5763 kunnan,
2293 5713 2486 5751 munan
2517 5703 2570 5751 et
2599 5694 2760 5749 sitan.

1853 5799 1907 5867 ὁ)
1932 5796 2011 5852 Ex
2034 5789 2317 5863 adjectivis
2336 5803 2460 5844 cum
2479 5785 2878 5858 signiﬁcatione
2902 5781 3130 5840 habendi
3153 5780 3234 5837 vel
3258 5788 3366 5836 tra-

1780 5889 1965 5954 ctandi
1983 5894 2130 5954 ut—,
2146 5899 2236 5942 ex.
2251 5897 2359 5955 gn:
2373 5879 2556 5939 asilum
2571 5885 2880 5937 utsanctum
2902 5874 3103 5933 habere
3114 5873 3164 5947 (α
3174 5870 3357 5941 veil»),
