3844 6580
569 424 709 482 1019

567 559 750 600 averan
769 549 828 598 ut
855 540 1151 612 pretiosum
1175 541 1375 599 habere
1399 545 1452 616 (a
1474 541 1654 614 ενα-ε),
1671 560 1853 597 arman
1872 550 1932 598 ut
1957 558 2154 613 panpe-

570 650 684 692 rem
708 634 926 700 habere,
947 634 1190 690 misereri
1206 634 1293 708 (ab
1303 636 1460 705 arms)
1473 677 1486 702 ,
1501 645 1554 690 et
1566 635 1724 690 etiam
1739 634 1903 690 leikan
1918 637 1966 707 (a
1983 634 2147 707 leika).

637 726 686 797 ε)
703 725 742 780 Ε
757 726 1123 791 substantivis,
1140 740 1332 796 nempe
1352 739 1416 779 ex
1431 725 1560 780 solis
1574 724 1843 781 femininis
1861 727 2045 797 prima:
2059 727 2156 782 de-

573 819 875 876 clinationis
893 835 1012 874 cum
1042 817 1422 876 fundamentali
1437 819 1605 873 vocali
1622 836 1652 874 a
1667 835 1687 874 :
1703 819 1874 888 liugan
1893 820 1947 890 (a
1965 802 2152 890 (iuga),

567 911 749 985 jiukan
775 913 824 982 (a
846 911 1040 983 jiuka),
1069 927 1291 983 saurgan
1324 910 1377 982 (a
1402 911 1637 984 saurga),
1668 913 1851 968 weilan
1881 913 1933 984 (a
1962 909 2150 984 weila).

645 1005 826 1077 §159.
882 1005 1175 1061 Verborum
1224 1014 1402 1061 autem
1433 1019 1464 1060 e
1489 1005 1724 1061 secunda
1777 1005 2152 1076 coniugatione

567 1097 740 1166 stirpe
755 1096 1012 1167 producta
1033 1094 1292 1167 originem
1312 1096 1635 1153 trahentium
1653 1112 1716 1152 ea
1735 1106 1941 1152 tantum
1965 1111 2154 1152 occur-

571 1194 728 1257 runt,
760 1201 878 1259 quae
917 1187 1191 1243 mediante
1237 1187 1442 1260 syllaba
1472 1203 1538 1242 an
1576 1187 1926 1243 eﬂ’ormantur
1957 1205 1970 1241 :
2001 1189 2146 1261 gaui-

569 1297 740 1334 nanan
771 1279 864 1353 (ab
885 1279 1039 1352 aius),
1073 1288 1128 1336 et
1154 1279 1484 1352 gastopanan
1515 1281 1567 1352 (a
1597 1279 1866 1350 standan).

939 1370 1027 1426 ill.
1063 1371 1489 1428 CONJUGATIO
1516 1371 1791 1432 TERTIA.

642 1465 668 1537 §
707 1466 826 1522 l60.
857 1466 1047 1521 Omnia
1077 1466 1235 1537 huius
1265 1463 1660 1537 coniugationis
1687 1466 1850 1522 verba
1881 1465 1947 1521 ad
1986 1465 2148 1522 verba

574 1560 756 1631 prima:
785 1561 868 1615 vel
890 1560 1140 1616 secundzc
1164 1561 1454 1617 referenda
1475 1569 1621 1628 sunt,
1647 1568 1702 1615 et
1728 1561 1815 1615 ubi
1846 1561 1961 1616 haec
1986 1561 2151 1616 verba

567 1651 677 1723 iam
706 1668 810 1707 non
840 1654 1080 1708 existunt
1107 1651 1358 1708 facillime
1379 1663 1504 1708 sunt
1523 1651 1842 1722 supplenda.

642 1742 698 1816 a)
729 1745 805 1799 Ex
829 1745 1010 1800 verbis
1042 1747 1228 1816 prima:
1267 1744 1663 1816 coniugationis
1711 1745 2029 1816 regulariter
2065 1744 2149 1802 ef-

569 1837 867 1893 formantur
896 1839 1166 1896 mediante
1193 1839 1367 1894 vocali
1393 1838 1664 1908 participii
1709 1852 1878 1908 pass.,
1917 1852 2036 1908 qua:
2071 1837 2150 1893 si-

571 1927 906 2000 gnificationi
956 1929 1185 2000 passim
1212 1930 1454 2000 apprime
1494 1930 1783 1984 convenire
1823 1929 2063 1995 videtur;
2096 1931 2150 1986 in

573 2021 848 2077 nonnullis
881 2032 1060 2078 tamen
1089 2023 1268 2079 verbis
1291 2022 1356 2076 ad
1383 2030 1627 2092 quartam
1658 2021 1984 2076 absonantiaa
2015 2022 2154 2078 clas-

572 2123 687 2168 sem
748 2116 1178 2185 pertinentibus,
1233 2113 1434 2170 vocalis
1489 2114 1770 2184 praesentis
1824 2113 2147 2184 praefertur,

571 2221 764 2277 nempe
793 2209 844 2263 in
875 2210 1166 2282 usgeisnan,
1197 2210 1430 2280 infeinan
1457 2216 1511 2264 et
1539 2207 1722 2262 keinan
1745 2223 1764 2272 ;
1785 2207 1837 2262 in
1865 2208 2150 2278 dishnaup-

573 2317 708 2368 nan,
739 2303 806 2356 ad
846 2313 1091 2373 quartam
1145 2302 1371 2358 classem
1413 2301 1614 2366 relato,
1651 2301 1850 2356 vocalis
1890 2299 2150 2370 praeteriti

569 2394 710 2465 sing.
736 2395 982 2465 equidem
1015 2394 1292 2465 interiecta
1313 2401 1414 2459 est,
1440 2393 1541 2448 nisi
1566 2393 1831 2464 quoddam
1856 2391 2144 2462 dishnaup-

569 2489 657 2558 ian
681 2496 737 2542 ut
758 2490 989 2544 medium
1017 2490 1306 2545 terminum
1337 2486 1681 2558 cogitandum
1708 2487 1797 2554 sit,
1829 2487 2026 2543 collato
2054 2503 2151 2558 ga-

569 2577 777 2635 nolman
808 2582 873 2636 ad
901 2591 1106 2637 sextam
1140 2580 1364 2636 classem
1402 2578 1721 2649 pertinente,
1749 2594 1870 2634 cum
1899 2594 2006 2649 quo
2027 2594 2150 2633 ver.

569 2670 695 2727 bum
724 2674 974 2729 secunda:
997 2671 1388 2745 coniugationis
1408 2670 1669 2742 ganohjan
1695 2685 1835 2725 nunc
1861 2671 2036 2725 adhuc
2061 2684 2153 2724 oc-

572 2767 758 2822 currit.
792 2765 910 2823 Jam
940 2783 1067 2823 vero
1089 2767 1401 2822 derivantur
1426 2783 1438 2819 :

642 2857 728 2928 aa)
755 2858 795 2912 E
826 2859 995 2928 prima
1037 2859 1416 2932 coniugatione
1463 2857 1586 2913 forti
1624 2874 1636 2910 :
1669 2856 1913 2910 bundnan
1945 2855 2006 2925 (a
2035 2854 2151 2908 bin-

571 2949 720 3020 dan),
743 2951 971 3005 lundmm
1003 2951 1050 3025 (a
1082 2951 1299 3022 tindan),
1351 2949 1692 3022 gapaursnan
1725 2947 1775 3017 (a
1800 2946 2044 3019 pairsan)

1644 423 2095 483 GRAMMATICA
2133 421 2458 485 GOTHICE
2498 427 2799 486 LINGUE.
3584 445 3666 506 mi

2328 542 2412 615 bb)
2445 543 2487 600 Ε
2511 544 2744 601 secunda
2776 560 2792 600 :
2820 544 3096 616 aftaurnan
3119 545 3168 620 (a
3194 546 3384 620 tairan);

2328 637 2408 708 cc)
2442 637 2484 694 E
2522 648 2706 709 quarta
2761 657 2775 694 :
2832 639 2998 716 lifuan
3050 639 3101 712 (a
3151 640 3342 712 leiban),
3383 644 3674 724 άίεὼϋιαηίι

2254 732 2502 805 skreitan)
2519 774 2535 800 ,
2559 734 2834 806 usgeisnan
2859 735 2913 804 (a
2937 732 3154 806 geisan),
3183 733 3346 789 Ιςιὶηαιι
3369 734 3413 808 (a
3427 736 3570 811 kciaa),
3587 743 3675 814 infd-

2257 844 2359 882 nan
2383 829 2435 900 (a
2466 826 2659 898 fcian);

2330 921 2420 992 dd)
2452 921 2696 992 Equinta
2729 939 2743 976 :
2769 929 3028 994 usgutnan
3061 921 3111 993 (a
3139 920 3338 991 giutan),
3365 921 3562 978 ualuimus
3581 925 3676 996 (al:-

2255 1013 2399 1083 kan),
2433 1013 2704 1085 fralusnan
2726 1015 2778 1083 (a
2805 1009 3114 1084 fratiusan);
3145 1011 3460 1083 dishnaupnatt
3479 1015 3521 1087 (a
3536 1017 3678 1071 dithnit-

2256 1101 2382 1173 ραη)
2402 1120 2415 1169 ;

2327 1193 2402 1264 ce)
2435 1192 2477 1248 E
2506 1203 2657 1248 sexta
2707 1212 2719 1248 :
2767 1194 2957 1248 balnan
2982 1184 3036 1263 (a
3068 1191 3256 1263 baton),
3281 1191 3450 1248 raknan
3492 1194 3534 1265 (a
3553 1194 3680 1268 vain),

2255 1284 2451 1356 Imfnan
2482 1286 2535 1354 (a
2563 1285 2797 1358 Itafjaﬂ);

2325 1373 2390 1440 If)
2422 1374 2464 1429 Ε
2490 1376 2716 1444 septima
2752 1393 2764 1428 :
2795 1376 3112 1448 gaskaidnan
3148 1374 3198 1449 (a
3225 1374 3450 1443 skaidan),
3475 1378 3683 1449 auknan(ab

2255 1469 2483 1540 aukan);

2326 1561 2414 1634 gg)
2451 1563 2527 1617 [ix
2558 1571 2744 1618 octava
2778 1579 2792 1619 :
2817 1565 3096 1619 andletnan
3126 1564 3175 1637 (a
3205 1563 3371 1638 istan).

2329 1656 2357 1728 ἓ
2394 1655 2514 1713 161.
2558 1657 2608 1728 b)
2651 1657 2796 1713 Inter
2835 1659 3001 1714 verba
3047 1661 3290 1715 secunda:
3330 1658 3688 1732 coniugationisea

2255 1750 2624 1805 tantummodo
2648 1751 2700 1805 in
2722 1754 2839 1823 -jan
2876 1752 3026 1806 finita
3055 1752 3220 1806 tertiae
3254 1750 3687 1822 coniugationisverba

2255 1839 2538 1896 efformant
2575 1859 2587 1896 ε
2627 1843 2876 1897 blindnan
2902 1845 2956 1915 (a
2981 1841 3256 1914 blindjan),
3288 1843 3505 1913 gabignan
3529 1843 3566 1911 (a
3585 1843 3690 1913 9dig-

2245 1933 2390 2005 jan),
2439 1933 2680 1988 daubnan
2726 1935 2778 2005 (a
2806 1934 3093 2008 daubjan),
3142 1933 3380 2007 daupnon
3416 1934 3470 2005 (a
3497 1930 3691 2004 desiliat),

2255 2026 2514 2079 dumbnan
2543 2027 2591 2096 (a
2618 2027 2902 2097 dumbjan?
2921 2028 2960 2098 ),
2986 2029 3218 2082 drobnan
3247 2033 3295 2100 (a
3323 2027 3546 2100 drobjan),
3569 2026 3694 2094 inqut-

2254 2135 2356 2172 nan
2383 2119 2433 2191 (a
2463 2120 2782 2190 [raqistjan),
2814 2122 3073 2192 gaqiuuan
3108 2123 3161 2194 (a
3189 2120 3454 2194 gaqiujan),
3495 2117 3692 2172 naiasin

2255 2211 2347 2279 (ab
2376 2211 2714 2284 ushauhjan),
2763 2215 3051 2286 gahaftnan
3096 2217 3150 2287 (a
3187 2213 3474 2288 gahaftjan),
3509 2212 3694 2273 hailmiz

2253 2303 2500 2374 hailjan),
2526 2303 2861 2377 gaplahsnan
2893 2307 2948 2376 (a
2969 2305 3271 2378 [)lahsjan),
3313 2321 3559 2376 managnan
3583 2305 3692 2373 (anu-

2258 2396 2497 2467 nagjun),
2525 2396 2774 2451 mikilnan
2798 2397 2849 2466 (a
2873 2397 3153 2469 mikiljan),
3183 2401 3407 2453 minznaa
3426 2402 3472 2467 (a
3489 2393 3694 2466 utimini).

2256 2487 2519 2560 gam‘pmm
2549 2488 2603 2561 (a
2642 2489 2981 2561 ganipjan?),
3017 2492 3288 2561 ganohnan
3330 2490 3377 2561 (a
3404 2486 3694 2560 ganohjau),tt'

2256 2596 2478 2634 rumnan
2513 2580 2604 2652 (ab
2633 2583 2906 2651 urrumjan
2923 2580 3002 2650 ?),
3029 2580 3346 2654 afslaubnan
3369 2581 3448 2650 (ab
3465 2574 3697 2650 afslaupju),

2254 2671 2602 2741 gastaurknan
2631 2671 2681 2742 (a
2714 2671 3048 2742 gastaurkjan
3068 2673 3140 2742 .9),
3173 2670 3418 2743 svinpnan
3443 2673 3487 2739 (a
3511 2665 3696 2737 srinpisui.
3766 2671 3767 2720 l

2258 2763 2646 2834 gagavairpnan
2696 2763 2751 2834 (a
2790 2764 3192 2834 gagavairpjan)
3216 2805 3231 2830 ,
3279 2764 3462 2833 fulmen
3490 2762 3530 2833 (a
3560 2756 3698 2828 [ulljﬂls

2258 2859 2531 2927 afwapnan
2581 2857 2671 2926 (ab
2705 2856 3017 2928 afwapian).
3068 2856 3252 2913 Solum
3295 2853 3549 2924 ocilman(a
3581 2843 3699 2908 scilliti

2260 2947 2345 3002 hic
2368 2949 2656 3018 excipitur.

588 3047 3700 3078 ω

1388 3144 1490 3214 D.
1564 3139 2143 3216 FOBMATIO
2217 3139 2972 3217 ADVEBBIALIS.

637 3278 808 3351 5162.
837 3280 893 3335 In
910 3279 1103 3336 ordine
1129 3280 1194 3336 ad
1213 3281 1585 3336 lormationem
1616 3279 2017 3348 distinguuntur
2045 3277 2145 3331 ad-

568 3372 750 3428 Verbia
778 3374 937 3439 modi,
968 3374 1068 3428 loci
1092 3383 1146 3428 et
1185 3375 1446 3442 temporis.
1497 3373 1596 3427 Hic
1623 3389 1755 3428 vero
1786 3372 1853 3427 de
1881 3371 1966 3426 liis
1997 3385 2149 3426 men-

568 3467 765 3522 tionem
795 3483 902 3522 non
948 3466 1202 3534 facimus,
1229 3484 1349 3538 qua:
1385 3468 1500 3524 sive
1530 3483 1626 3538 per
1657 3467 2103 3537 compositionem
2129 3505 2146 3531 ,

569 3567 625 3614 ut
653 3574 739 3615 ex.
767 3575 850 3628 gr.
881 3574 1001 3614 cum
1033 3561 1307 3629 particulis
1334 3562 1453 3625 -uh,
1481 3561 1574 3627 -ei,
1606 3560 1739 3614 -hun
1766 3559 2149 3627 eil‘ormantur,

569 3649 685 3706 sive
712 3666 806 3720 per
827 3667 949 3706 vera
977 3632 1306 3706 substantivis
1335 3660 1426 3706 aut
1455 3652 1744 3720 adiectiva,
1775 3665 1896 3705 cum
1921 3649 2006 3704 vel
2034 3649 2152 3704 sine

571 3741 949 3810 praepositione
1002 3742 1548 3807 circumscribuntur;
1591 3741 1768 3811 priora
1790 3741 1934 3796 enim
1965 3740 2056 3796 ubi
2084 3741 2155 3796 de

569 3832 902 3900 compositis,
933 3835 1228 3904 posteriora
1255 3834 1539 3906 in'syntaxi
1570 3834 1965 3889 tractabuntur.

1040 3925 1080 3980 1.
1124 3931 1162 3980 Α
1175 3924 1471 3981 DVERBIA
1523 3926 1711 3983 MODI.

647 4017 676 4090 θ
708 4018 828 4076 165.
861 4019 914 4092 1)
947 4019 1216 4080 Adverbia
1237 4036 1302 4077 ex
1331 4020 1615 4091 adjectivis
1648 4019 1887 4077 derivata
1913 4033 2158 4076 commu-

570 4110 790 4169 nissime
804 4113 1155 4171 eﬁ‘ormantur
1170 4115 1460 4171 auxiliante
1474 4115 1538 4169 ba
1559 4112 1748 4172 forma:
1765 4112 2158 4170 fundamentali

569 4219 806 4264 annexo.

641 4299 696 4374 α)
722 4301 799 4356 Ex
821 4301 1098 4374 adjectivis
1130 4301 1316 4372 prima
1345 4301 1756 4359 declinationis:
1788 4300 2001 4370 abraba,
2033 4316 2156 4355 ase-

571 4391 710 4453 taba,
725 4392 1009 4459 bairhtaba,
1037 4394 1289 4463 baitraba,
1312 4394 1394 4450 bal
1396 4393 1560 4467 palm,
1576 4392 1844 4466 gebigaba,
1865 4392 2158 4464 gagudaba,

573 4482 843 4550 hauhaba,
883 4485 1238 4558 svikunpaba,
1282 4485 1557 4551 mikilaba,
1603 4486 1839 4552 ubilaba,
1881 4484 2115 4548 militabo
2139 4525 2154 4551 ,

574 4575 914 4644 garailttaba,
947 4578 1201 4647 garedaba
1221 4618 1236 4644 ,
1267 4578 1585 4646 unsahtaba,
1618 4576 1881 4642 aviknaba,
1912 4585 2159 4648 uirgatae-

571 4670 716 4736 saba,
752 4669 997 4741 gatilaba,
1028 4671 1316 4743 trigguaba,
1348 4673 1624 4744 uairpaba,
1665 4670 2023 4742 unvairpaba,
2051 4671 2158 4727 vei-

573 4757 730 4825 haba,
750 4759 1077 4831 ainfalpaba,
1107 4762 1376 4834 gaiehaba,
1409 4763 1644 4833 frodaba,
1674 4761 1944 4825 wassaba;
1991 4761 2155 4817 etiam

574 4863 642 4905 ex
668 4851 999 4921 participiis:
1026 4854 1444 4923 unfairinodaba.

647 4942 701 5013 ὁ)
732 4942 811 4998 Ex
840 4942 1118 5014 adjectivis
1157 4945 1410 5000 secunda:
1450 4944 1846 5000 declinationis.
1879 4942 1995 4999 iam
2028 4956 2156 5000 vero

575 5034 772 5092 iterum
821 5037 1260 5106 distinguendum
1290 5046 1410 5103 est,
1445 5049 1623 5093 utrum
1659 5038 1866 5110 syllaba
1908 5036 2158 5092 radicalis

583 5130 1018 5186 terminationem
1061 5129 1376 5199 praecedens
1424 5129 1580 5202 longa
1620 5130 1690 5186 sit
1745 5146 1810 5185 an
1852 5131 2062 5195 brevis;
2103 5129 2158 5184 in

581 5224 748 5294 priori
771 5237 898 5280 casu
935 5223 1243 5281 terminatio
1282 5223 1600 5279 adverbialis
1629 5232 1710 5280 est
1734 5224 1849 5292 iba,
1895 5224 1948 5279 in
1980 5231 2162 5292 poste-

583 5315 715 5372 riori
742 5330 876 5372 vero
893 5315 1044 5389 jaba,
1068 5315 1182 5372 sic:
1207 5316 1407 5382 amiba,
1437 5315 1750 5386 andaugiba,
1787 5313 2154 5383 enataugniba,

581 5407 978 5476 unanasiuniba,
1015 5408 1326 5475 usstirm’ba,
1369 5408 1620 5478 gatemiba
1639 5449 1656 5476 ,
1682 5406 1778 5463 sed
1813 5404 2159 5478 gabaurjaba,

581 5499 824 5571 umjaba.

655 5592 707 5659 ο)
751 5592 829 5647 Ex
879 5591 1158 5664 adjectivis
1209 5593 1385 5650 tertia:
1437 5589 1818 5649 declinationis
1872 5607 1885 5643 :
1937 5588 2166 5664 agluba,

588 5684 890 5756 glaggvuba,
924 5687 1180 5756 harduba,
1210 5689 1480 5744 manvuba.

667 5779 987 5837 rAnnotatio
1019 5785 1245 5840 l.-—llic
1267 5784 1585 5856 quandoque
1605 5801 1639 5838 ιι
1666 5783 1718 5838 in
1745 5799 1779 5836 a
1800 5781 2007 5847 transit,
2034 5791 2092 5837 ut
2111 5781 2172 5838 in

593 5874 1037 5946 gluggvaba,ll.uc.
1054 5891 1142 5950 xv,
1165 5876 1218 5942 8,
1250 5875 1480 5938 hardgba
1497 5876 1622 5932 Cor.
1649 5873 1712 5951 ll,
1728 5890 1843 5942 xui,
1861 5873 1946 5943 10,
1965 5873 2086 5932 cod.
2103 5874 2171 5948 Δ,

2332 3276 2649 3331 «Annotatio
2661 3275 3049 3344 2.—Quamvis
3069 3274 3377 3332 adverbium
3399 3262 3704 3358 interrogatirun
3766 3243 3767 3334 i

2256 3369 2456 3422 waiva?
2483 3367 2786 3435 quomodo?
2838 3368 2943 3424 huc
2975 3385 3076 3439 pro
3107 3385 3205 3425 sua
3237 3362 3574 3439 signiﬁcatione
3609 3362 3704 3422 perti-
3766 3379 3767 3390 ι

2255 3468 2400 3524 neat,
2426 3475 2491 3515 an
2511 3461 2672 3515 etiam
2691 3461 2845 3530 juxta
2875 3461 3106 3516 formam
3139 3445 3463 3518 referendum
3489 3453 3558 3514 sit,
3575 3443 3704 3503 dubium

2257 3563 2362 3607 est.
2399 3552 2532 3608 Cum
2564 3562 2743 3608 tamen
2779 3569 2942 3623 supra
2975 3553 3162 3625 (546,
3194 3553 3248 3624 4)
3293 3549 3537 3622 pltonicam
3565 3538 3702 3630 afﬂuit!"

2257 3654 2366 3700 tem
2403 3645 2430 3699 ὁ
2461 3645 2604 3702 inter
2632 3654 2685 3702 et
2712 3661 2739 3699 υ
2770 3662 2892 3703 esse
2922 3648 3287 3714 ostendimus,
3318 3659 3416 3699 non
3442 3639 3542 3695 inde
3557 3636 3704 3701 impOSSl'

2256 3734 2370 3791 bile
2394 3746 2564 3804 esset,
2588 3736 2632 3791 si
2659 3737 2816 3791 waiva
2837 3737 2959 3792 loco
2985 3738 3156 3791 waiba
3181 3736 3404 3793 steterit.
3427 3732 3484 3788 Ut
3503 3736 3549 3783 ut
3565 3719 3705 3813 ξεινίιὲ

2257 3828 2637 3884 considerandi
2684 3829 2821 3884 ratio
2874 3830 3272 3900 praeferendam
3316 3841 3427 3883 esse
3464 3819 3616 3876 videtur
3643 3820 3703 3875 GP"

2259 3921 2429 3986 nioni,
2449 3935 2553 3989 qua
2577 3921 2891 3978 adverbium
2913 3937 2979 3978 ex
3001 3937 3075 3977 we
3092 3931 3150 3978 et
3171 3923 3285 3977 aiva
3303 3911 3568 3986 compositis
3582 3911 3696 3996 suasa

2258 4021 2429 4067 retur.
2459 4009 2684 4082 Insuper
2705 4011 2830 4067 huic
2852 4013 3015 4068 waiva
3033 4029 3102 4068 ex
3127 4009 3436 4084 pronomine
3455 3998 3698 4084 interfusam

2261 4120 2340 4160 wa
2380 4103 2621 4160 derivato
2659 4106 2951 4176 respondet
2985 4123 3076 4160 sva
3114 4083 3182 4163 ex
3210 4083 3703 4162 demonstrativoralvf'

2263 4205 2466 4249 matum
2496 4235 2512 4262 ,
2560 4195 2702 4266 quod
2751 4205 2813 4250 ut
2852 4211 2964 4250 sava
3012 4196 3412 4267 intelligendum
3446 4197 3514 4244 est
3543 4192 3581 4238 et
3601 4180 3632 4233 in
3649 4182 3701 4277 iu“
3766 4193 3767 4246 ἶ

2264 4286 2407 4342 nulla
2429 4288 2744 4355 compositio
2769 4303 2889 4343 cum
2909 4289 3019 4344 aiva
3039 4288 3347 4359 cogitanda.
3369 4284 3580 4341 Caeterum
3596 4279 3702 4326 υιτιιιςι

2263 4396 2370 4450 que
2411 4380 2719 4438 terminatio
2758 4381 2950 4444 similis
2973 4391 3056 4438 est
3082 4382 3308 4453 originis
3348 4363 3702 4457 signiﬁcationes3

2265 4474 2479 4530 similis.
2530 4473 2833 4530 Relativutn
2881 4491 2963 4530 ave
2994 4491 3062 4530 cx
3097 4491 3189 4532 sva
3231 4484 3284 4530 et
3333 4465 3546 4542 particula
3581 4459 3702 4554 renuit

2264 4566 2311 4620 ei
2340 4565 2646 4622 committis
2669 4565 2811 4622 efﬁci
2838 4565 3084 4634 videtur;
3108 4567 3197 4622 vel
3222 4566 3395 4622 forsan
3417 4577 3444 4617 a
3463 4551 3702 4626 coniunctione

2263 4658 2398 4710 ευαεὶ
2425 4670 2530 4712 non
2558 4655 2659 4711 nisi
2681 4656 3046 4712 contractione
3068 4657 3269 4714 diﬂ'ert.
3299 4677 3317 4710 ι

2335 4751 2392 4823 2)
2424 4753 2603 4808 Altera
2632 4751 2886 4822 frequens
2915 4751 3111 4818 forma,
3156 4768 3277 4823 quas,
3317 4761 3481 4804 tamen
3504 4720 3706 4829 “ouand-

2265 4844 2448 4898 vcrbia
2490 4851 2694 4898 tantum
2745 4858 2813 4899 ex
2863 4843 3149 4914 adjectivis
3203 4842 3423 4898 deducta
3465 4829 3703 4922 restringitur,

2265 4947 2426 4993 esto.
2468 4937 2603 4994 Cum
2637 4938 2808 4992 forma
2839 4939 2902 5012 ba
2941 4938 3106 4994 simul
3137 4938 3448 5010 quandoque
3483 4916 3707 5006 occunllﬂll

2267 5029 2322 5084 in
2362 5029 2626 5102 aitdaugjo
2674 5043 2796 5086 cum
2863 5029 3192 5101 andaugiba,
3234 5029 3439 5102 ριαρθυο
3486 5012 3708 5093 (simiam

2266 5123 2434 5192 gloss.
2469 5122 2524 5178 lt.
2553 5138 2605 5178 v.
2636 5121 3012 5193 coniecimus)
3057 5137 3188 5178 cum
3234 5119 3523 5194 glaggvaba;
3553 5103 3708 5194 inermi“

2268 5227 2352 5273 est
2395 5225 2599 5286 tamen,
2629 5232 2698 5273 an
2727 5217 2906 5274 omnia
2949 5215 3222 5288 adiectiva
3273 5216 3404 5273 hanc
3441 5182 3711 5294 duplicem

2269 5311 2556 5368 verbialem
2629 5311 3061 5368 terminationem
3132 5312 3432 5382 recipiant,
3481 5298 3566 5354 aliis

2268 5402 2428 5460 aliam
2463 5403 2690 5460 formam
2720 5404 3159 5476 praeferentibus.
3208 5376 3301 5464 Sic
3345 5402 3491 5458 forma
3515 5404 3602 5448 cum
3628 5397 3646 5434 ο
3670 5376 3714 5476 Ψ

2273 5497 2556 5569 adjectivis
2576 5497 2856 5555 exclusive
2877 5497 3151 5567 convenit,
3185 5514 3303 5568 qua:
3334 5490 3513 5567 syllaba
3537 5476 3715 5577 dedlifillj

2272 5567 2608 5649 muniuntur.
2633 5592 2914 5664 Excipitur
2932 5602 3141 5649 tantum
3163 5591 3364 5666 syllaba
3387 5577 3607 5642 formatira
3622 5567 3716 5666 ξηιῇ

2275 5699 2305 5740 ι
2352 5685 2634 5757 primaevis
2689 5649 3022 5756 temporibus
3073 5649 3215 5742 cum.
3253 5681 3412 5751 stirpe
3449 5649 3716 5748 (ιιιοάιωωθδθ
3766 5703 3767 5712 η

2275 5781 2568 5837 commixta
2599 5779 2816 5852 (mikils,
2850 5778 3030 5849 ubils).

2347 5833 2820 5946 815;;diecti‘li;
2845 5833 3033 5946 prima
3069 5862 3451 5942 coniugationis
3491 5874 3502 5911 :
3542 5835 3719 5906 arma“.
