  <div class='ocr_page' id='page_1' title='image "/cluster/home/n/w/nwhite01/storage/ocr_20150623/18/hvd.32044015471337/518.png"; bbox 0 0 3844 6616; ppageno 0'>
   <div class='ocr_carea' id='block_1_1' title="bbox 183 417 323 476">
    <p class='ocr_par' dir='ltr' id='par_1_1' title="bbox 183 417 323 476">
     <span class='ocr_line' id='line_1_1' title="bbox 183 417 323 476; baseline 0.021 -4"><span class='ocrx_word' id='word_1_1' title='bbox 183 417 323 476; x_wconf 69' lang='grc' dir='ltr'><strong>10Ξὶ</strong></span> 
     </span>
    </p>
   </div>
   <div class='ocr_carea' id='block_1_2' title="bbox 180 525 1766 608">
    <p class='ocr_par' dir='ltr' id='par_1_2' title="bbox 180 525 1766 608">
     <span class='ocr_line' id='line_1_2' title="bbox 180 525 1766 608; baseline -0.004 -20"><span class='ocrx_word' id='word_1_2' title='bbox 180 531 517 605; x_wconf 73' lang='lat' dir='ltr'><strong>anbarleiko,</strong></span> <span class='ocrx_word' id='word_1_3' title='bbox 550 530 766 601; x_wconf 80' lang='lat' dir='ltr'><strong>galeiko,</strong></span> <span class='ocrx_word' id='word_1_4' title='bbox 799 527 1080 602; x_wconf 64' lang='lat' dir='ltr'><strong>(apaleiko,</strong></span> <span class='ocrx_word' id='word_1_5' title='bbox 1123 527 1427 595; x_wconf 81' lang='lat' dir='ltr'><strong>samaleiko,</strong></span> <span class='ocrx_word' id='word_1_6' title='bbox 1455 525 1731 608; x_wconf 76' lang='lat' dir='ltr'><strong>uairaleiko</strong></span> <span class='ocrx_word' id='word_1_7' title='bbox 1751 567 1766 593; x_wconf 91' lang='lat'><strong>,</strong></span> 
     </span>
    </p>
   </div>
   <div class='ocr_carea' id='block_1_3' title="bbox 182 620 1769 694">
    <p class='ocr_par' dir='ltr' id='par_1_3' title="bbox 182 620 1769 694">
     <span class='ocr_line' id='line_1_3' title="bbox 182 620 1769 694; baseline -0.006 -11"><span class='ocrx_word' id='word_1_8' title='bbox 182 627 429 690; x_wconf 80' lang='lat' dir='ltr'><strong>sinteino,</strong></span> <span class='ocrx_word' id='word_1_9' title='bbox 456 623 724 694; x_wconf 68' lang='lat' dir='ltr'><strong>piudisko,</strong></span> <span class='ocrx_word' id='word_1_10' title='bbox 753 620 1058 687; x_wconf 79' lang='lat' dir='ltr'><strong>iudaivisko,</strong></span> <span class='ocrx_word' id='word_1_11' title='bbox 1089 622 1316 694; x_wconf 79' lang='lat' dir='ltr'><strong>uhteigo,</strong></span> <span class='ocrx_word' id='word_1_12' title='bbox 1350 623 1655 692; x_wconf 80' lang='lat' dir='ltr'><strong>unuhteigo,</strong></span> <span class='ocrx_word' id='word_1_13' title='bbox 1695 622 1769 675; x_wconf 85' lang='grc' dir='ltr'><strong>υἱ-</strong></span> 
     </span>
    </p>
   </div>
   <div class='ocr_carea' id='block_1_4' title="bbox 183 715 1766 790">
    <p class='ocr_par' dir='ltr' id='par_1_4' title="bbox 183 715 1766 790">
     <span class='ocr_line' id='line_1_4' title="bbox 183 715 1766 790; baseline -0.004 -15"><span class='ocrx_word' id='word_1_14' title='bbox 183 720 421 790; x_wconf 82' lang='lat' dir='ltr'><strong>todeigo,</strong></span> <span class='ocrx_word' id='word_1_15' title='bbox 452 715 799 787; x_wconf 75' lang='lat' dir='ltr'><strong>probabiliter</strong></span> <span class='ocrx_word' id='word_1_16' title='bbox 827 716 985 771; x_wconf 87' lang='lat' dir='ltr'><strong>etiam</strong></span> <span class='ocrx_word' id='word_1_17' title='bbox 1012 716 1268 781; x_wconf 79' lang='lat' dir='ltr'><strong>usdaudo,</strong></span> <span class='ocrx_word' id='word_1_18' title='bbox 1298 715 1531 781; x_wconf 76' lang='lat' dir='ltr'><strong>ussindo,</strong></span> <span class='ocrx_word' id='word_1_19' title='bbox 1553 715 1766 780; x_wconf 81' lang='lat' dir='ltr'><strong>sundro,</strong></span> 
     </span>
    </p>
   </div>
   <div class='ocr_carea' id='block_1_5' title="bbox 182 808 1770 883">
    <p class='ocr_par' dir='ltr' id='par_1_5' title="bbox 182 808 1770 883">
     <span class='ocr_line' id='line_1_5' title="bbox 182 808 1770 883; baseline 0 -15"><span class='ocrx_word' id='word_1_20' title='bbox 182 814 523 881; x_wconf 79' lang='lat' dir='ltr'><strong>sniumundo,</strong></span> <span class='ocrx_word' id='word_1_21' title='bbox 543 808 871 883; x_wconf 43' lang='lat' dir='ltr'><strong>‘unveniggo;</strong></span> <span class='ocrx_word' id='word_1_22' title='bbox 903 811 1016 866; x_wconf 60' lang='lat' dir='ltr'><strong>haec</strong></span> <span class='ocrx_word' id='word_1_23' title='bbox 1058 811 1164 866; x_wconf 91' lang='lat' dir='ltr'><strong>duo</strong></span> <span class='ocrx_word' id='word_1_24' title='bbox 1196 813 1491 878; x_wconf 78' lang='lat' dir='ltr'><strong>posteriora</strong></span> <span class='ocrx_word' id='word_1_25' title='bbox 1518 811 1707 867; x_wconf 91' lang='lat' dir='ltr'><strong>saltem</strong></span> <span class='ocrx_word' id='word_1_26' title='bbox 1737 826 1770 868; x_wconf 84' lang='lat' dir='ltr'><strong>e</strong></span> 
     </span>
    </p>
   </div>
   <div class='ocr_carea' id='block_1_6' title="bbox 182 901 1512 976">
    <p class='ocr_par' dir='ltr' id='par_1_6' title="bbox 182 901 1512 976">
     <span class='ocr_line' id='line_1_6' title="bbox 182 901 1512 976; baseline 0 -16"><span class='ocrx_word' id='word_1_27' title='bbox 182 907 370 962; x_wconf 82' lang='lat' dir='ltr'><strong>verbis</strong></span> <span class='ocrx_word' id='word_1_28' title='bbox 399 906 678 975; x_wconf 78' lang='lat' dir='ltr'><strong>sniumjan,</strong></span> <span class='ocrx_word' id='word_1_29' title='bbox 711 906 897 976; x_wconf 83' lang='lat' dir='ltr'><strong>venjan</strong></span> <span class='ocrx_word' id='word_1_30' title='bbox 927 903 1143 959; x_wconf 88' lang='lat' dir='ltr'><strong>difﬁcile</strong></span> <span class='ocrx_word' id='word_1_31' title='bbox 1169 901 1512 960; x_wconf 77' lang='lat' dir='ltr'><strong>ducerentur.</strong></span> 
     </span>
    </p>
   </div>
   <div class='ocr_carea' id='block_1_7' title="bbox 262 995 1768 1069">
    <p class='ocr_par' dir='ltr' id='par_1_7' title="bbox 262 995 1768 1069">
     <span class='ocr_line' id='line_1_7' title="bbox 262 995 1768 1069; baseline -0.003 -17"><span class='ocrx_word' id='word_1_32' title='bbox 262 1000 317 1069; x_wconf 66' lang='grc' dir='ltr'><strong>ὁ)</strong></span> <span class='ocrx_word' id='word_1_33' title='bbox 352 997 431 1052; x_wconf 88' lang='lat' dir='ltr'><strong>Ex</strong></span> <span class='ocrx_word' id='word_1_34' title='bbox 460 997 738 1067; x_wconf 88' lang='lat' dir='ltr'><strong>adjectivis</strong></span> <span class='ocrx_word' id='word_1_35' title='bbox 767 995 1015 1051; x_wconf 64' lang='lat' dir='ltr'><strong>secundae</strong></span> <span class='ocrx_word' id='word_1_36' title='bbox 1053 995 1428 1052; x_wconf 80' lang='lat' dir='ltr'><strong>declinationis</strong></span> <span class='ocrx_word' id='word_1_37' title='bbox 1459 1013 1473 1050; x_wconf 89' lang='lat'><strong>:</strong></span> <span class='ocrx_word' id='word_1_38' title='bbox 1507 995 1768 1068; x_wconf 84' lang='lat' dir='ltr'><strong>andaugjo</strong></span> 
     </span>
    </p>
   </div>
   <div class='ocr_carea' id='block_1_8' title="bbox 182 1088 1771 1162">
    <p class='ocr_par' dir='ltr' id='par_1_8' title="bbox 182 1088 1771 1162">
     <span class='ocr_line' id='line_1_8' title="bbox 182 1088 1771 1162; baseline -0.001 -17"><span class='ocrx_word' id='word_1_39' title='bbox 182 1099 240 1145; x_wconf 86' lang='lat' dir='ltr'><strong>et</strong></span> <span class='ocrx_word' id='word_1_40' title='bbox 271 1091 433 1146; x_wconf 89' lang='lat' dir='ltr'><strong>etiam</strong></span> <span class='ocrx_word' id='word_1_41' title='bbox 461 1091 624 1158; x_wconf 79' lang='lat' dir='ltr'><strong>arvjo,</strong></span> <span class='ocrx_word' id='word_1_42' title='bbox 654 1088 864 1160; x_wconf 83' lang='lat' dir='ltr'><strong>[)iubjo,</strong></span> <span class='ocrx_word' id='word_1_43' title='bbox 897 1088 1141 1159; x_wconf 71' lang='lat' dir='ltr'><strong>galia/tio,</strong></span> <span class='ocrx_word' id='word_1_44' title='bbox 1175 1088 1433 1161; x_wconf 87' lang='lat' dir='ltr'><strong>allandjo,</strong></span> <span class='ocrx_word' id='word_1_45' title='bbox 1464 1099 1517 1145; x_wconf 90' lang='lat' dir='ltr'><strong>et</strong></span> <span class='ocrx_word' id='word_1_46' title='bbox 1548 1089 1771 1162; x_wconf 83' lang='lat' dir='ltr'><strong>insuper</strong></span> 
     </span>
    </p>
   </div>
   <div class='ocr_carea' id='block_1_9' title="bbox 181 1182 1500 1255">
    <p class='ocr_par' dir='ltr' id='par_1_9' title="bbox 181 1182 1500 1255">
     <span class='ocr_line' id='line_1_9' title="bbox 181 1182 1500 1255; baseline -0.002 -16"><span class='ocrx_word' id='word_1_47' title='bbox 181 1183 656 1254; x_wconf 73' lang='lat' dir='ltr'><strong>numeralepridjo</strong></span> <span class='ocrx_word' id='word_1_48' title='bbox 688 1184 840 1238; x_wconf 90' lang='lat' dir='ltr'><strong>tertia</strong></span> <span class='ocrx_word' id='word_1_49' title='bbox 866 1183 1002 1248; x_wconf 87' lang='lat' dir='ltr'><strong>vice,</strong></span> <span class='ocrx_word' id='word_1_50' title='bbox 1026 1197 1055 1237; x_wconf 91' lang='lat' dir='ltr'><strong>a</strong></span> <span class='ocrx_word' id='word_1_51' title='bbox 1079 1182 1262 1255; x_wconf 74' lang='lat' dir='ltr'><strong>pridja</strong></span> <span class='ocrx_word' id='word_1_52' title='bbox 1290 1185 1500 1238; x_wconf 91' lang='lat' dir='ltr'><strong>tertius.</strong></span> 
     </span>
    </p>
   </div>
   <div class='ocr_carea' id='block_1_10' title="bbox 257 1275 1769 1352">
    <p class='ocr_par' dir='ltr' id='par_1_10' title="bbox 257 1275 1769 1352">
     <span class='ocr_line' id='line_1_10' title="bbox 257 1275 1769 1352; baseline 0.001 -21"><span class='ocrx_word' id='word_1_53' title='bbox 257 1275 309 1348; x_wconf 87' lang='lat' dir='ltr'><strong>c)</strong></span> <span class='ocrx_word' id='word_1_54' title='bbox 366 1277 442 1331; x_wconf 84' lang='lat' dir='ltr'><strong>Ex</strong></span> <span class='ocrx_word' id='word_1_55' title='bbox 498 1275 777 1346; x_wconf 87' lang='lat' dir='ltr'><strong>adjectivis</strong></span> <span class='ocrx_word' id='word_1_56' title='bbox 839 1276 1011 1331; x_wconf 67' lang='lat' dir='ltr'><strong>tertire</strong></span> <span class='ocrx_word' id='word_1_57' title='bbox 1067 1275 1440 1332; x_wconf 85' lang='lat' dir='ltr'><strong>declinationis</strong></span> <span class='ocrx_word' id='word_1_58' title='bbox 1491 1294 1504 1331; x_wconf 91' lang='lat'><strong>:</strong></span> <span class='ocrx_word' id='word_1_59' title='bbox 1558 1277 1769 1352; x_wconf 82' lang='lat' dir='ltr'><strong>glaggvo</strong></span> 
     </span>
    </p>
   </div>
   <div class='ocr_carea' id='block_1_11' title="bbox 183 1366 493 1440">
    <p class='ocr_par' dir='ltr' id='par_1_11' title="bbox 183 1366 493 1440">
     <span class='ocr_line' id='line_1_11' title="bbox 183 1366 493 1440; baseline 0 -2"><span class='ocrx_word' id='word_1_60' title='bbox 183 1366 493 1440; x_wconf 64' lang='lat'><strong>(9009900)-</strong></span> 
     </span>
    </p>
   </div>
   <div class='ocr_carea' id='block_1_12' title="bbox 255 1460 1766 1533">
    <p class='ocr_par' dir='ltr' id='par_1_12' title="bbox 255 1460 1766 1533">
     <span class='ocr_line' id='line_1_12' title="bbox 255 1460 1766 1533; baseline 0.001 -19"><span class='ocrx_word' id='word_1_61' title='bbox 255 1465 317 1530; x_wconf 74' lang='grc' dir='ltr'><strong>α)</strong></span> <span class='ocrx_word' id='word_1_62' title='bbox 351 1461 466 1516; x_wconf 82' lang='grc' dir='ltr'>Νοιι</span> <span class='ocrx_word' id='word_1_63' title='bbox 501 1461 567 1515; x_wconf 86' lang='lat' dir='ltr'><strong>ad</strong></span> <span class='ocrx_word' id='word_1_64' title='bbox 590 1460 851 1531; x_wconf 79' lang='lat' dir='ltr'><strong>adjectiva</strong></span> <span class='ocrx_word' id='word_1_65' title='bbox 881 1461 1072 1518; x_wconf 84' lang='lat' dir='ltr'><strong>referri</strong></span> <span class='ocrx_word' id='word_1_66' title='bbox 1096 1460 1349 1518; x_wconf 86' lang='lat' dir='ltr'><strong>videntur</strong></span> <span class='ocrx_word' id='word_1_67' title='bbox 1386 1463 1598 1533; x_wconf 80' lang='lat' dir='ltr'><strong>:aufto,</strong></span> <span class='ocrx_word' id='word_1_68' title='bbox 1630 1461 1766 1533; x_wconf 78' lang='lat' dir='ltr'><strong>ufjo,</strong></span> 
     </span>
    </p>
   </div>
   <div class='ocr_carea' id='block_1_13' title="bbox 183 1555 623 1621">
    <p class='ocr_par' dir='ltr' id='par_1_13' title="bbox 183 1555 623 1621">
     <span class='ocr_line' id='line_1_13' title="bbox 183 1555 623 1621; baseline 0.005 -15"><span class='ocrx_word' id='word_1_69' title='bbox 183 1555 364 1617; x_wconf 79' lang='lat' dir='ltr'><strong>misso,</strong></span> <span class='ocrx_word' id='word_1_70' title='bbox 390 1565 623 1621; x_wconf 80' lang='lat' dir='ltr'><strong>spraulo.</strong></span> 
     </span>
    </p>
   </div>
   <div class='ocr_carea' id='block_1_14' title="bbox 256 1646 1768 1719">
    <p class='ocr_par' dir='ltr' id='par_1_14' title="bbox 256 1646 1768 1719">
     <span class='ocr_line' id='line_1_14' title="bbox 256 1646 1768 1719; baseline 0.001 -18"><span class='ocrx_word' id='word_1_71' title='bbox 256 1647 320 1716; x_wconf 80' lang='grc'><strong>5)</strong></span> <span class='ocrx_word' id='word_1_72' title='bbox 352 1647 614 1702; x_wconf 83' lang='lat' dir='ltr'><strong>Adverbia</strong></span> <span class='ocrx_word' id='word_1_73' title='bbox 636 1661 666 1702; x_wconf 89' lang='lat' dir='ltr'><strong>e</strong></span> <span class='ocrx_word' id='word_1_74' title='bbox 697 1647 1073 1719; x_wconf 82' lang='lat' dir='ltr'><strong>comparativis</strong></span> <span class='ocrx_word' id='word_1_75' title='bbox 1095 1655 1148 1703; x_wconf 92' lang='lat' dir='ltr'><strong>ct</strong></span> <span class='ocrx_word' id='word_1_76' title='bbox 1170 1647 1508 1717; x_wconf 85' lang='lat' dir='ltr'><strong>superlativis</strong></span> <span class='ocrx_word' id='word_1_77' title='bbox 1529 1646 1768 1703; x_wconf 84' lang='lat' dir='ltr'><strong>derivata</strong></span> 
     </span>
    </p>
   </div>
   <div class='ocr_carea' id='block_1_15' title="bbox 182 1737 1770 1810">
    <p class='ocr_par' dir='ltr' id='par_1_15' title="bbox 182 1737 1770 1810">
     <span class='ocr_line' id='line_1_15' title="bbox 182 1737 1770 1810; baseline 0.002 -18"><span class='ocrx_word' id='word_1_78' title='bbox 182 1739 490 1807; x_wconf 79' lang='lat' dir='ltr'><strong>simplicem</strong></span> <span class='ocrx_word' id='word_1_79' title='bbox 534 1737 757 1808; x_wconf 84' lang='lat' dir='ltr'><strong>stirpem</strong></span> <span class='ocrx_word' id='word_1_80' title='bbox 803 1740 1147 1809; x_wconf 83' lang='lat' dir='ltr'><strong>comparativi</strong></span> <span class='ocrx_word' id='word_1_81' title='bbox 1181 1740 1263 1794; x_wconf 89' lang='lat' dir='ltr'><strong>vel</strong></span> <span class='ocrx_word' id='word_1_82' title='bbox 1311 1739 1618 1810; x_wconf 88' lang='lat' dir='ltr'><strong>superlativi</strong></span> <span class='ocrx_word' id='word_1_83' title='bbox 1656 1740 1770 1795; x_wconf 84' lang='lat' dir='ltr'><strong>sine</strong></span> 
     </span>
    </p>
   </div>
   <div class='ocr_carea' id='block_1_16' title="bbox 182 1829 1767 1903">
    <p class='ocr_par' dir='ltr' id='par_1_16' title="bbox 182 1829 1767 1903">
     <span class='ocr_line' id='line_1_16' title="bbox 182 1829 1767 1903; baseline 0.001 -19"><span class='ocrx_word' id='word_1_84' title='bbox 182 1829 568 1886; x_wconf 81' lang='lat' dir='ltr'><strong>terminatione</strong></span> <span class='ocrx_word' id='word_1_85' title='bbox 588 1830 821 1886; x_wconf 82' lang='lat' dir='ltr'><strong>vocalica</strong></span> <span class='ocrx_word' id='word_1_86' title='bbox 851 1830 1126 1896; x_wconf 87' lang='lat' dir='ltr'><strong>adhibent,</strong></span> <span class='ocrx_word' id='word_1_87' title='bbox 1152 1840 1377 1901; x_wconf 87' lang='lat' dir='ltr'><strong>excepto</strong></span> <span class='ocrx_word' id='word_1_88' title='bbox 1403 1831 1543 1903; x_wconf 92' lang='lat' dir='ltr'><strong>quod</strong></span> <span class='ocrx_word' id='word_1_89' title='bbox 1569 1847 1599 1884; x_wconf 82' lang='lat' dir='ltr'><strong><em>z</em></strong></span> <span class='ocrx_word' id='word_1_90' title='bbox 1620 1845 1767 1887; x_wconf 89' lang='lat' dir='ltr'><strong>com-</strong></span> 
     </span>
    </p>
   </div>
   <div class='ocr_carea' id='block_1_17' title="bbox 181 1922 1071 1992">
    <p class='ocr_par' dir='ltr' id='par_1_17' title="bbox 181 1922 1071 1992">
     <span class='ocr_line' id='line_1_17' title="bbox 181 1922 1071 1992; baseline 0.003 -17"><span class='ocrx_word' id='word_1_91' title='bbox 181 1922 413 1992; x_wconf 89' lang='lat' dir='ltr'><strong>parativi</strong></span> <span class='ocrx_word' id='word_1_92' title='bbox 441 1923 494 1977; x_wconf 91' lang='lat' dir='ltr'><strong>in</strong></span> <span class='ocrx_word' id='word_1_93' title='bbox 525 1941 549 1978; x_wconf 72' lang='grc' dir='ltr'><strong><em>ε</em></strong></span> <span class='ocrx_word' id='word_1_94' title='bbox 579 1933 914 1992; x_wconf 71' lang='lat' dir='ltr'><strong>convertant,</strong></span> <span class='ocrx_word' id='word_1_95' title='bbox 949 1925 1026 1979; x_wconf 91' lang='lat' dir='ltr'><strong>sic</strong></span> <span class='ocrx_word' id='word_1_96' title='bbox 1058 1942 1071 1978; x_wconf 92' lang='lat'>:</span> 
     </span>
    </p>
   </div>
   <div class='ocr_carea' id='block_1_18' title="bbox 257 2013 1766 2088">
    <p class='ocr_par' dir='ltr' id='par_1_18' title="bbox 257 2013 1766 2088">
     <span class='ocr_line' id='line_1_18' title="bbox 257 2013 1766 2088; baseline -0.001 -20"><span class='ocrx_word' id='word_1_97' title='bbox 257 2015 316 2086; x_wconf 82' lang='grc' dir='ltr'><strong>α)</strong></span> <span class='ocrx_word' id='word_1_98' title='bbox 347 2015 706 2085; x_wconf 86' lang='lat' dir='ltr'><strong>Comparativi</strong></span> <span class='ocrx_word' id='word_1_99' title='bbox 734 2015 956 2070; x_wconf 73' lang='lat' dir='ltr'><strong>:hauhis</strong></span> <span class='ocrx_word' id='word_1_100' title='bbox 978 2016 1032 2088; x_wconf 90' lang='lat' dir='ltr'><strong>(a</strong></span> <span class='ocrx_word' id='word_1_101' title='bbox 1062 2016 1328 2086; x_wconf 78' lang='lat' dir='ltr'><strong>hauhiza),</strong></span> <span class='ocrx_word' id='word_1_102' title='bbox 1353 2015 1558 2087; x_wconf 72' lang='lat' dir='ltr'><strong>vulpris</strong></span> <span class='ocrx_word' id='word_1_103' title='bbox 1581 2013 1630 2086; x_wconf 70' lang='grc' dir='ltr'><strong>(τι</strong></span> <span class='ocrx_word' id='word_1_104' title='bbox 1652 2014 1766 2068; x_wconf 79' lang='lat' dir='ltr'><strong>vul-</strong></span> 
     </span>
    </p>
   </div>
   <div class='ocr_carea' id='block_1_19' title="bbox 181 2108 1765 2182">
    <p class='ocr_par' dir='ltr' id='par_1_19' title="bbox 181 2108 1765 2182">
     <span class='ocr_line' id='line_1_19' title="bbox 181 2108 1765 2182; baseline 0.002 -21"><span class='ocrx_word' id='word_1_105' title='bbox 181 2108 406 2180; x_wconf 72' lang='lat' dir='ltr'><strong>Im&#39;za),</strong></span> <span class='ocrx_word' id='word_1_106' title='bbox 439 2109 744 2181; x_wconf 70' lang='lat' dir='ltr'><strong>andvairpis</strong></span> <span class='ocrx_word' id='word_1_107' title='bbox 775 2108 874 2181; x_wconf 88' lang='lat' dir='ltr'><strong>(ab</strong></span> <span class='ocrx_word' id='word_1_108' title='bbox 904 2110 1298 2182; x_wconf 68' lang='lat' dir='ltr'><strong>andvairIJiza),</strong></span> <span class='ocrx_word' id='word_1_109' title='bbox 1337 2109 1674 2181; x_wconf 55' lang='lat' dir='ltr'><strong>framvairﬂs</strong></span> <span class='ocrx_word' id='word_1_110' title='bbox 1714 2111 1765 2180; x_wconf 88' lang='lat' dir='ltr'><strong>(a</strong></span> 
     </span>
    </p>
   </div>
   <div class='ocr_carea' id='block_1_20' title="bbox 182 2200 1770 2273">
    <p class='ocr_par' dir='ltr' id='par_1_20' title="bbox 182 2200 1770 2273">
     <span class='ocr_line' id='line_1_20' title="bbox 182 2200 1770 2273; baseline 0.003 -20"><span class='ocrx_word' id='word_1_111' title='bbox 182 2200 602 2271; x_wconf 67' lang='lat' dir='ltr'><strong>framvairpiza),</strong></span> <span class='ocrx_word' id='word_1_112' title='bbox 624 2203 752 2256; x_wconf 68' lang='lat' dir='ltr'><strong>maia</strong></span> <span class='ocrx_word' id='word_1_113' title='bbox 779 2203 832 2271; x_wconf 90' lang='lat' dir='ltr'><strong>(a</strong></span> <span class='ocrx_word' id='word_1_114' title='bbox 855 2201 1066 2273; x_wconf 81' lang='lat' dir='ltr'><strong>maiza);</strong></span> <span class='ocrx_word' id='word_1_115' title='bbox 1091 2202 1332 2272; x_wconf 87' lang='lat' dir='ltr'><strong>ejusdem</strong></span> <span class='ocrx_word' id='word_1_116' title='bbox 1351 2211 1476 2258; x_wconf 82' lang='lat' dir='ltr'><strong>sunt</strong></span> <span class='ocrx_word' id='word_1_117' title='bbox 1496 2202 1770 2256; x_wconf 89' lang='lat' dir='ltr'><strong>formatio-</strong></span> 
     </span>
    </p>
   </div>
   <div class='ocr_carea' id='block_1_21' title="bbox 183 2293 1769 2361">
    <p class='ocr_par' dir='ltr' id='par_1_21' title="bbox 183 2293 1769 2361">
     <span class='ocr_line' id='line_1_21' title="bbox 183 2293 1769 2361; baseline 0.003 -15"><span class='ocrx_word' id='word_1_118' title='bbox 183 2293 272 2346; x_wconf 81' lang='lat' dir='ltr'><strong>nis</strong></span> <span class='ocrx_word' id='word_1_119' title='bbox 295 2293 647 2361; x_wconf 81' lang='lat' dir='ltr'><strong>comparativi</strong></span> <span class='ocrx_word' id='word_1_120' title='bbox 673 2308 740 2348; x_wconf 85' lang='lat' dir='ltr'><strong>ex</strong></span> <span class='ocrx_word' id='word_1_121' title='bbox 767 2293 1034 2349; x_wconf 86' lang='lat' dir='ltr'><strong>adverbiis</strong></span> <span class='ocrx_word' id='word_1_122' title='bbox 1061 2293 1370 2350; x_wconf 81' lang='lat' dir='ltr'><strong>immediate</strong></span> <span class='ocrx_word' id='word_1_123' title='bbox 1393 2293 1618 2349; x_wconf 88' lang='lat' dir='ltr'><strong>derivati</strong></span> <span class='ocrx_word' id='word_1_124' title='bbox 1645 2295 1769 2350; x_wconf 73' lang='lat' dir='ltr'><strong>airis</strong></span> 
     </span>
    </p>
   </div>
   <div class='ocr_carea' id='block_1_22' title="bbox 183 2383 1769 2459">
    <p class='ocr_par' dir='ltr' id='par_1_22' title="bbox 183 2383 1769 2459">
     <span class='ocr_line' id='line_1_22' title="bbox 183 2383 1769 2459; baseline 0.003 -21"><span class='ocrx_word' id='word_1_125' title='bbox 183 2385 280 2452; x_wconf 82' lang='lat' dir='ltr'><strong>(ab</strong></span> <span class='ocrx_word' id='word_1_126' title='bbox 304 2385 429 2454; x_wconf 90' lang='lat' dir='ltr'><strong>air),</strong></span> <span class='ocrx_word' id='word_1_127' title='bbox 475 2387 620 2439; x_wconf 82' lang='lat' dir='ltr'><strong>audis</strong></span> <span class='ocrx_word' id='word_1_128' title='bbox 651 2383 749 2456; x_wconf 89' lang='lat' dir='ltr'><strong>(ab</strong></span> <span class='ocrx_word' id='word_1_129' title='bbox 787 2388 959 2457; x_wconf 84' lang='lat' dir='ltr'><strong>and).</strong></span> <span class='ocrx_word' id='word_1_130' title='bbox 1012 2389 1164 2441; x_wconf 79' lang='lat' dir='ltr'><strong>newis</strong></span> <span class='ocrx_word' id='word_1_131' title='bbox 1207 2387 1267 2459; x_wconf 90' lang='lat' dir='ltr'><strong>(a</strong></span> <span class='ocrx_word' id='word_1_132' title='bbox 1299 2388 1467 2456; x_wconf 82' lang='lat' dir='ltr'><strong>new),</strong></span> <span class='ocrx_word' id='word_1_133' title='bbox 1499 2388 1676 2458; x_wconf 74' lang='lat' dir='ltr'><strong>{ramis</strong></span> <span class='ocrx_word' id='word_1_134' title='bbox 1704 2388 1769 2457; x_wconf 86' lang='lat' dir='ltr'><strong>(a</strong></span> 
     </span>
    </p>
   </div>
   <div class='ocr_carea' id='block_1_23' title="bbox 183 2476 1768 2552">
    <p class='ocr_par' dir='ltr' id='par_1_23' title="bbox 183 2476 1768 2552">
     <span class='ocr_line' id='line_1_23' title="bbox 183 2476 1768 2552; baseline 0.004 -23"><span class='ocrx_word' id='word_1_135' title='bbox 183 2476 366 2548; x_wconf 67' lang='lat' dir='ltr'><strong>fratrs),</strong></span> <span class='ocrx_word' id='word_1_136' title='bbox 401 2477 610 2549; x_wconf 67' lang='grc' dir='ltr'><strong>[ααψίε</strong></span> <span class='ocrx_word' id='word_1_137' title='bbox 639 2477 687 2548; x_wconf 88' lang='lat' dir='ltr'><strong>(a</strong></span> <span class='ocrx_word' id='word_1_138' title='bbox 721 2477 884 2548; x_wconf 70' lang='grc' dir='ltr'>[ωιτρ</span> <span class='ocrx_word' id='word_1_139' title='bbox 904 2480 972 2548; x_wconf 67' lang='lat'><strong>.9),</strong></span> <span class='ocrx_word' id='word_1_140' title='bbox 1006 2478 1176 2534; x_wconf 81' lang='lat' dir='ltr'><strong>Italdis</strong></span> <span class='ocrx_word' id='word_1_141' title='bbox 1205 2479 1259 2552; x_wconf 86' lang='lat' dir='ltr'><strong>(a</strong></span> <span class='ocrx_word' id='word_1_142' title='bbox 1289 2479 1509 2551; x_wconf 65' lang='lat' dir='ltr'><strong>halb?),</strong></span> <span class='ocrx_word' id='word_1_143' title='bbox 1545 2481 1674 2535; x_wconf 72' lang='lat' dir='ltr'><strong>Italis</strong></span> <span class='ocrx_word' id='word_1_144' title='bbox 1704 2482 1768 2549; x_wconf 91' lang='lat' dir='ltr'><strong>(a</strong></span> 
     </span>
    </p>
   </div>
   <div class='ocr_carea' id='block_1_24' title="bbox 183 2571 1770 2648">
    <p class='ocr_par' dir='ltr' id='par_1_24' title="bbox 183 2571 1770 2648">
     <span class='ocr_line' id='line_1_24' title="bbox 183 2571 1770 2648; baseline 0.002 -23"><span class='ocrx_word' id='word_1_145' title='bbox 183 2571 360 2642; x_wconf 66' lang='lat' dir='ltr'><strong>Itan),</strong></span> <span class='ocrx_word' id='word_1_146' title='bbox 388 2572 727 2626; x_wconf 77' lang='lat' dir='ltr'><strong>suiumundoa</strong></span> <span class='ocrx_word' id='word_1_147' title='bbox 753 2573 806 2646; x_wconf 93' lang='lat' dir='ltr'><strong>(a</strong></span> <span class='ocrx_word' id='word_1_148' title='bbox 834 2571 1196 2644; x_wconf 78' lang='lat' dir='ltr'><strong>sniumundo),</strong></span> <span class='ocrx_word' id='word_1_149' title='bbox 1222 2574 1491 2647; x_wconf 75' lang='lat' dir='ltr'><strong>aljateikos</strong></span> <span class='ocrx_word' id='word_1_150' title='bbox 1522 2575 1614 2648; x_wconf 84' lang='lat' dir='ltr'><strong>(ab</strong></span> <span class='ocrx_word' id='word_1_151' title='bbox 1636 2576 1770 2647; x_wconf 82' lang='lat' dir='ltr'><strong>alja-</strong></span> 
     </span>
    </p>
   </div>
   <div class='ocr_carea' id='block_1_25' title="bbox 183 2663 421 2734">
    <p class='ocr_par' dir='ltr' id='par_1_25' title="bbox 183 2663 421 2734">
     <span class='ocr_line' id='line_1_25' title="bbox 183 2663 421 2734; baseline -0.004 -16"><span class='ocrx_word' id='word_1_152' title='bbox 183 2663 322 2718; x_wconf 72' lang='lat' dir='ltr'><strong>leilto</strong></span> <span class='ocrx_word' id='word_1_153' title='bbox 345 2665 421 2734; x_wconf 83' lang='lat'><strong>?).</strong></span> 
     </span>
    </p>
   </div>
   <div class='ocr_carea' id='block_1_26' title="bbox 263 2755 1770 2831">
    <p class='ocr_par' dir='ltr' id='par_1_26' title="bbox 263 2755 1770 2831">
     <span class='ocr_line' id='line_1_26' title="bbox 263 2755 1770 2831; baseline 0.005 -23"><span class='ocrx_word' id='word_1_154' title='bbox 263 2774 283 2808; x_wconf 78' lang='grc' dir='ltr'><strong>ι</strong></span> <span class='ocrx_word' id='word_1_155' title='bbox 321 2757 607 2812; x_wconf 81' lang='lat' dir='ltr'><strong>Annotatio</strong></span> <span class='ocrx_word' id='word_1_156' title='bbox 632 2755 1025 2814; x_wconf 78' lang='lat' dir='ltr'><strong>l.-——Adverbia</strong></span> <span class='ocrx_word' id='word_1_157' title='bbox 1046 2759 1164 2813; x_wconf 79' lang='lat' dir='ltr'><strong>allis</strong></span> <span class='ocrx_word' id='word_1_158' title='bbox 1189 2767 1246 2815; x_wconf 88' lang='lat' dir='ltr'><strong>et</strong></span> <span class='ocrx_word' id='word_1_159' title='bbox 1267 2759 1451 2814; x_wconf 71' lang='lat' dir='ltr'><strong>militis</strong></span> <span class='ocrx_word' id='word_1_160' title='bbox 1471 2759 1538 2814; x_wconf 91' lang='lat' dir='ltr'><strong>ad</strong></span> <span class='ocrx_word' id='word_1_161' title='bbox 1559 2760 1770 2831; x_wconf 74' lang='lat' dir='ltr'><strong>simpli~</strong></span> 
     </span>
    </p>
   </div>
   <div class='ocr_carea' id='block_1_27' title="bbox 180 2850 1770 2924">
    <p class='ocr_par' dir='ltr' id='par_1_27' title="bbox 180 2850 1770 2924">
     <span class='ocr_line' id='line_1_27' title="bbox 180 2850 1770 2924; baseline 0.001 -16"><span class='ocrx_word' id='word_1_162' title='bbox 180 2865 279 2908; x_wconf 85' lang='lat' dir='ltr'><strong>ces</strong></span> <span class='ocrx_word' id='word_1_163' title='bbox 309 2850 598 2922; x_wconf 84' lang='lat' dir='ltr'><strong>particulas</strong></span> <span class='ocrx_word' id='word_1_164' title='bbox 624 2852 868 2922; x_wconf 86' lang='lat' dir='ltr'><strong>proxime</strong></span> <span class='ocrx_word' id='word_1_165' title='bbox 899 2853 1233 2920; x_wconf 86' lang='lat' dir='ltr'><strong>accedentia,</strong></span> <span class='ocrx_word' id='word_1_166' title='bbox 1261 2853 1368 2908; x_wconf 85' lang='lat' dir='ltr'><strong>huc</strong></span> <span class='ocrx_word' id='word_1_167' title='bbox 1402 2853 1649 2924; x_wconf 91' lang='lat' dir='ltr'><strong>equidem</strong></span> <span class='ocrx_word' id='word_1_168' title='bbox 1680 2868 1770 2910; x_wconf 80' lang='lat' dir='ltr'><strong>se-</strong></span> 
     </span>
    </p>
   </div>
   <div class='ocr_carea' id='block_1_28' title="bbox 180 2943 1766 3016">
    <p class='ocr_par' dir='ltr' id='par_1_28' title="bbox 180 2943 1766 3016">
     <span class='ocr_line' id='line_1_28' title="bbox 180 2943 1766 3016; baseline 0.003 -17"><span class='ocrx_word' id='word_1_169' title='bbox 180 2944 424 2999; x_wconf 86' lang='lat' dir='ltr'><strong>cundum</strong></span> <span class='ocrx_word' id='word_1_170' title='bbox 452 2943 675 2999; x_wconf 87' lang='lat' dir='ltr'><strong>formam</strong></span> <span class='ocrx_word' id='word_1_171' title='bbox 708 2944 977 3015; x_wconf 87' lang='lat' dir='ltr'><strong>pertinere</strong></span> <span class='ocrx_word' id='word_1_172' title='bbox 1008 2946 1288 3012; x_wconf 90' lang='lat' dir='ltr'><strong>videntur;</strong></span> <span class='ocrx_word' id='word_1_173' title='bbox 1324 2956 1528 3003; x_wconf 88' lang='lat' dir='ltr'><strong>attento</strong></span> <span class='ocrx_word' id='word_1_174' title='bbox 1557 2959 1766 3016; x_wconf 74' lang='lat' dir='ltr'><strong>autem,</strong></span> 
     </span>
    </p>
   </div>
   <div class='ocr_carea' id='block_1_29' title="bbox 185 3035 1769 3109">
    <p class='ocr_par' dir='ltr' id='par_1_29' title="bbox 185 3035 1769 3109">
     <span class='ocr_line' id='line_1_29' title="bbox 185 3035 1769 3109; baseline 0.004 -20"><span class='ocrx_word' id='word_1_175' title='bbox 185 3036 330 3106; x_wconf 88' lang='lat' dir='ltr'><strong>quod</strong></span> <span class='ocrx_word' id='word_1_176' title='bbox 363 3035 492 3090; x_wconf 89' lang='lat' dir='ltr'><strong>nihil</strong></span> <span class='ocrx_word' id='word_1_177' title='bbox 533 3036 948 3106; x_wconf 86' lang='lat' dir='ltr'><strong>comparationis</strong></span> <span class='ocrx_word' id='word_1_178' title='bbox 976 3037 1030 3092; x_wconf 91' lang='lat' dir='ltr'><strong>in</strong></span> <span class='ocrx_word' id='word_1_179' title='bbox 1065 3039 1163 3092; x_wconf 67' lang='lat' dir='ltr'><strong>alla</strong></span> <span class='ocrx_word' id='word_1_180' title='bbox 1185 3037 1366 3109; x_wconf 85' lang='lat' dir='ltr'><strong>jaceat</strong></span> <span class='ocrx_word' id='word_1_181' title='bbox 1402 3048 1458 3095; x_wconf 90' lang='lat' dir='ltr'><strong>et</strong></span> <span class='ocrx_word' id='word_1_182' title='bbox 1487 3051 1769 3108; x_wconf 82' lang='lat' dir='ltr'><strong>compara-</strong></span> 
     </span>
    </p>
   </div>
   <div class='ocr_carea' id='block_1_30' title="bbox 188 3131 1770 3204">
    <p class='ocr_par' dir='ltr' id='par_1_30' title="bbox 188 3131 1770 3204">
     <span class='ocr_line' id='line_1_30' title="bbox 188 3131 1770 3204; baseline 0.002 -18"><span class='ocrx_word' id='word_1_183' title='bbox 188 3132 331 3186; x_wconf 82' lang='lat' dir='ltr'><strong>tivus</strong></span> <span class='ocrx_word' id='word_1_184' title='bbox 374 3139 466 3188; x_wconf 83' lang='grc' dir='ltr'><strong>τοῦ</strong></span> <span class='ocrx_word' id='word_1_185' title='bbox 500 3131 665 3186; x_wconf 81' lang='lat' dir='ltr'><strong>raihts</strong></span> <span class='ocrx_word' id='word_1_186' title='bbox 691 3133 759 3187; x_wconf 85' lang='lat' dir='ltr'><strong>sit</strong></span> <span class='ocrx_word' id='word_1_187' title='bbox 801 3133 1032 3186; x_wconf 75' lang='lat' dir='ltr'><strong>raihtoza</strong></span> <span class='ocrx_word' id='word_1_188' title='bbox 1053 3177 1068 3204; x_wconf 91' lang='lat'><strong>,</strong></span> <span class='ocrx_word' id='word_1_189' title='bbox 1102 3133 1171 3188; x_wconf 90' lang='lat' dir='ltr'><strong>de</strong></span> <span class='ocrx_word' id='word_1_190' title='bbox 1207 3134 1355 3189; x_wconf 92' lang='lat' dir='ltr'><strong>nullo</strong></span> <span class='ocrx_word' id='word_1_191' title='bbox 1401 3135 1770 3204; x_wconf 82' lang='lat' dir='ltr'><strong>comparativo</strong></span> 
     </span>
    </p>
   </div>
   <div class='ocr_carea' id='block_1_31' title="bbox 195 3224 1072 3296">
    <p class='ocr_par' dir='ltr' id='par_1_31' title="bbox 195 3224 1072 3296">
     <span class='ocr_line' id='line_1_31' title="bbox 195 3224 1072 3296; baseline 0.005 -19"><span class='ocrx_word' id='word_1_192' title='bbox 195 3224 282 3279; x_wconf 81' lang='lat' dir='ltr'><strong>llis</strong></span> <span class='ocrx_word' id='word_1_193' title='bbox 307 3224 568 3281; x_wconf 81' lang='lat' dir='ltr'><strong>adverbiis</strong></span> <span class='ocrx_word' id='word_1_194' title='bbox 599 3225 936 3296; x_wconf 76' lang='lat' dir='ltr'><strong>cogitandum</strong></span> <span class='ocrx_word' id='word_1_195' title='bbox 970 3230 1072 3281; x_wconf 86' lang='lat' dir='ltr'><strong>est.</strong></span> 
     </span>
    </p>
   </div>
   <div class='ocr_carea' id='block_1_32' title="bbox 266 3318 1768 3390">
    <p class='ocr_par' dir='ltr' id='par_1_32' title="bbox 266 3318 1768 3390">
     <span class='ocr_line' id='line_1_32' title="bbox 266 3318 1768 3390; baseline 0.004 -20"><span class='ocrx_word' id='word_1_196' title='bbox 266 3319 582 3372; x_wconf 71' lang='lat' dir='ltr'><strong>«Annotatio</strong></span> <span class='ocrx_word' id='word_1_197' title='bbox 608 3319 1002 3374; x_wconf 70' lang='lat' dir='ltr'><strong>2.—Nonnu|la</strong></span> <span class='ocrx_word' id='word_1_198' title='bbox 1031 3318 1286 3375; x_wconf 86' lang='lat' dir='ltr'><strong>adverbia</strong></span> <span class='ocrx_word' id='word_1_199' title='bbox 1318 3320 1422 3376; x_wconf 90' lang='lat' dir='ltr'><strong>huc</strong></span> <span class='ocrx_word' id='word_1_200' title='bbox 1447 3321 1768 3390; x_wconf 89' lang='lat' dir='ltr'><strong>pertinentia</strong></span> 
     </span>
    </p>
   </div>
   <div class='ocr_carea' id='block_1_33' title="bbox 177 3409 1768 3485">
    <p class='ocr_par' dir='ltr' id='par_1_33' title="bbox 177 3409 1768 3485">
     <span class='ocr_line' id='line_1_33' title="bbox 177 3409 1768 3485; baseline 0.003 -21"><span class='ocrx_word' id='word_1_201' title='bbox 177 3410 203 3464; x_wconf 74' lang='grc' dir='ltr'><strong><em>ἕ</em></strong></span> <span class='ocrx_word' id='word_1_202' title='bbox 232 3409 372 3478; x_wconf 85' lang='lat' dir='ltr'><strong>quod</strong></span> <span class='ocrx_word' id='word_1_203' title='bbox 419 3427 443 3464; x_wconf 74' lang='grc' dir='ltr'><strong><em>ε</em></strong></span> <span class='ocrx_word' id='word_1_204' title='bbox 491 3411 773 3480; x_wconf 67' lang='lat' dir='ltr'><strong>praecedit,</strong></span> <span class='ocrx_word' id='word_1_205' title='bbox 806 3412 1070 3481; x_wconf 82' lang='lat' dir='ltr'><strong>expulso,</strong></span> <span class='ocrx_word' id='word_1_206' title='bbox 1131 3413 1355 3467; x_wconf 86' lang='lat' dir='ltr'><strong>formam</strong></span> <span class='ocrx_word' id='word_1_207' title='bbox 1416 3423 1768 3485; x_wconf 86' lang='lat' dir='ltr'><strong>sync0patam</strong></span> 
     </span>
    </p>
   </div>
   <div class='ocr_carea' id='block_1_34' title="bbox 176 3503 1766 3580">
    <p class='ocr_par' dir='ltr' id='par_1_34' title="bbox 176 3503 1766 3580">
     <span class='ocr_line' id='line_1_34' title="bbox 176 3503 1766 3580; baseline 0.004 -23"><span class='ocrx_word' id='word_1_208' title='bbox 176 3503 427 3574; x_wconf 67' lang='lat' dir='ltr'><strong>praebent</strong></span> <span class='ocrx_word' id='word_1_209' title='bbox 457 3521 470 3558; x_wconf 90' lang='lat'><strong>:</strong></span> <span class='ocrx_word' id='word_1_210' title='bbox 499 3505 629 3559; x_wconf 76' lang='lat' dir='ltr'><strong>mins</strong></span> <span class='ocrx_word' id='word_1_211' title='bbox 659 3505 714 3575; x_wconf 89' lang='lat' dir='ltr'><strong>(a</strong></span> <span class='ocrx_word' id='word_1_212' title='bbox 738 3505 1009 3575; x_wconf 83' lang='lat' dir='ltr'><strong>minniza),</strong></span> <span class='ocrx_word' id='word_1_213' title='bbox 1034 3507 1168 3560; x_wconf 75' lang='lat' dir='ltr'><strong>vain</strong></span> <span class='ocrx_word' id='word_1_214' title='bbox 1196 3507 1250 3576; x_wconf 88' lang='lat' dir='ltr'><strong>(a</strong></span> <span class='ocrx_word' id='word_1_215' title='bbox 1269 3506 1506 3580; x_wconf 77' lang='lat' dir='ltr'><strong>vairsiza)</strong></span> <span class='ocrx_word' id='word_1_216' title='bbox 1527 3519 1579 3564; x_wconf 89' lang='lat' dir='ltr'><strong>et</strong></span> <span class='ocrx_word' id='word_1_217' title='bbox 1604 3509 1766 3564; x_wconf 88' lang='lat' dir='ltr'><strong>etiam</strong></span> 
     </span>
    </p>
   </div>
   <div class='ocr_carea' id='block_1_35' title="bbox 173 3594 1764 3670">
    <p class='ocr_par' dir='ltr' id='par_1_35' title="bbox 173 3594 1764 3670">
     <span class='ocr_line' id='line_1_35' title="bbox 173 3594 1764 3670; baseline 0.003 -19"><span class='ocrx_word' id='word_1_218' title='bbox 173 3594 332 3665; x_wconf 66' lang='lat' dir='ltr'><strong>scibo</strong></span> <span class='ocrx_word' id='word_1_219' title='bbox 374 3594 426 3666; x_wconf 90' lang='lat' dir='ltr'><strong>(a</strong></span> <span class='ocrx_word' id='word_1_220' title='bbox 453 3597 682 3665; x_wconf 83' lang='lat' dir='ltr'><strong>positivo</strong></span> <span class='ocrx_word' id='word_1_221' title='bbox 710 3596 908 3667; x_wconf 69' lang='lat' dir='ltr'><strong>seipu),</strong></span> <span class='ocrx_word' id='word_1_222' title='bbox 942 3598 1285 3670; x_wconf 70' lang='lat' dir='ltr'><strong>jaindvairpa</strong></span> <span class='ocrx_word' id='word_1_223' title='bbox 1327 3600 1474 3670; x_wconf 85' lang='lat' dir='ltr'><strong>(coll.</strong></span> <span class='ocrx_word' id='word_1_224' title='bbox 1515 3603 1764 3656; x_wconf 82' lang='lat' dir='ltr'><strong>andvair-</strong></span> 
     </span>
    </p>
   </div>
   <div class='ocr_carea' id='block_1_36' title="bbox 175 3686 1112 3761">
    <p class='ocr_par' dir='ltr' id='par_1_36' title="bbox 175 3686 1112 3761">
     <span class='ocr_line' id='line_1_36' title="bbox 175 3686 1112 3761; baseline 0.004 -19"><span class='ocrx_word' id='word_1_225' title='bbox 175 3686 295 3759; x_wconf 67' lang='lat' dir='ltr'><strong>pia,</strong></span> <span class='ocrx_word' id='word_1_226' title='bbox 325 3689 704 3761; x_wconf 67' lang='lat' dir='ltr'><strong>framvairﬁis),</strong></span> <span class='ocrx_word' id='word_1_227' title='bbox 742 3707 886 3756; x_wconf 79' lang='lat' dir='ltr'><strong>sum,</strong></span> <span class='ocrx_word' id='word_1_228' title='bbox 929 3691 1112 3747; x_wconf 77' lang='lat' dir='ltr'><strong>anafts.</strong></span> 
     </span>
    </p>
   </div>
   <div class='ocr_carea' id='block_1_37' title="bbox 259 3781 1760 3854">
    <p class='ocr_par' dir='ltr' id='par_1_37' title="bbox 259 3781 1760 3854">
     <span class='ocr_line' id='line_1_37' title="bbox 259 3781 1760 3854; baseline 0.007 -22"><span class='ocrx_word' id='word_1_229' title='bbox 259 3781 580 3837; x_wconf 69' lang='lat' dir='ltr'><strong>«Annotatio</strong></span> <span class='ocrx_word' id='word_1_230' title='bbox 607 3783 815 3839; x_wconf 78' lang='lat' dir='ltr'><strong>5.-—Ex</strong></span> <span class='ocrx_word' id='word_1_231' title='bbox 845 3783 1099 3839; x_wconf 89' lang='lat' dir='ltr'><strong>adverbio</strong></span> <span class='ocrx_word' id='word_1_232' title='bbox 1120 3784 1216 3854; x_wconf 74' lang='grc' dir='ltr'><strong>βία</strong></span> <span class='ocrx_word' id='word_1_233' title='bbox 1233 3785 1473 3841; x_wconf 84' lang='lat' dir='ltr'><strong>derivata</strong></span> <span class='ocrx_word' id='word_1_234' title='bbox 1499 3787 1668 3842; x_wconf 90' lang='lat' dir='ltr'><strong>forma</strong></span> <span class='ocrx_word' id='word_1_235' title='bbox 1693 3790 1760 3852; x_wconf 87' lang='lat' dir='ltr'><strong>li-</strong></span> 
     </span>
    </p>
   </div>
   <div class='ocr_carea' id='block_1_38' title="bbox 177 3875 1765 3953">
    <p class='ocr_par' dir='ltr' id='par_1_38' title="bbox 177 3875 1765 3953">
     <span class='ocr_line' id='line_1_38' title="bbox 177 3875 1765 3953; baseline 0.006 -24"><span class='ocrx_word' id='word_1_236' title='bbox 177 3875 296 3929; x_wconf 76' lang='lat' dir='ltr'><strong>tuus</strong></span> <span class='ocrx_word' id='word_1_237' title='bbox 321 3885 446 3930; x_wconf 90' lang='lat' dir='ltr'><strong>ante</strong></span> <span class='ocrx_word' id='word_1_238' title='bbox 471 3878 862 3946; x_wconf 80' lang='lat' dir='ltr'><strong>comparativus</strong></span> <span class='ocrx_word' id='word_1_239' title='bbox 892 3889 1202 3946; x_wconf 85' lang='lat' dir='ltr'><strong>usurpatur;</strong></span> <span class='ocrx_word' id='word_1_240' title='bbox 1229 3896 1346 3934; x_wconf 91' lang='lat' dir='ltr'><strong>cum</strong></span> <span class='ocrx_word' id='word_1_241' title='bbox 1376 3891 1549 3936; x_wconf 86' lang='lat' dir='ltr'><strong>autem</strong></span> <span class='ocrx_word' id='word_1_242' title='bbox 1582 3883 1648 3938; x_wconf 93' lang='lat' dir='ltr'><strong>de</strong></span> <span class='ocrx_word' id='word_1_243' title='bbox 1673 3898 1765 3953; x_wconf 78' lang='lat' dir='ltr'><strong>ge-</strong></span> 
     </span>
    </p>
   </div>
   <div class='ocr_carea' id='block_1_39' title="bbox 173 3966 1758 4043">
    <p class='ocr_par' dir='ltr' id='par_1_39' title="bbox 173 3966 1758 4043">
     <span class='ocr_line' id='line_1_39' title="bbox 173 3966 1758 4043; baseline 0.005 -22"><span class='ocrx_word' id='word_1_244' title='bbox 173 3966 352 4021; x_wconf 86' lang='lat' dir='ltr'><strong>nitivo</strong></span> <span class='ocrx_word' id='word_1_245' title='bbox 387 3977 512 4022; x_wconf 87' lang='lat' dir='ltr'><strong>ante</strong></span> <span class='ocrx_word' id='word_1_246' title='bbox 549 3969 860 4024; x_wconf 84' lang='lat' dir='ltr'><strong>adverbium</strong></span> <span class='ocrx_word' id='word_1_247' title='bbox 902 3970 1143 4027; x_wconf 83' lang='lat' dir='ltr'><strong>adhibito</strong></span> <span class='ocrx_word' id='word_1_248' title='bbox 1176 3973 1464 4042; x_wconf 86' lang='lat' dir='ltr'><strong>putandum</strong></span> <span class='ocrx_word' id='word_1_249' title='bbox 1499 3989 1602 4028; x_wconf 85' lang='lat' dir='ltr'><strong>non</strong></span> <span class='ocrx_word' id='word_1_250' title='bbox 1635 3984 1716 4029; x_wconf 87' lang='lat' dir='ltr'><strong>est</strong></span> <span class='ocrx_word' id='word_1_251' title='bbox 1742 4019 1758 4043; x_wconf 92' lang='lat'><strong>,</strong></span> 
     </span>
    </p>
   </div>
   <div class='ocr_carea' id='block_1_40' title="bbox 174 4058 1763 4126">
    <p class='ocr_par' dir='ltr' id='par_1_40' title="bbox 174 4058 1763 4126">
     <span class='ocr_line' id='line_1_40' title="bbox 174 4058 1763 4126; baseline 0.006 -14"><span class='ocrx_word' id='word_1_252' title='bbox 174 4058 604 4126; x_wconf 83' lang='lat' dir='ltr'><strong>comparativum</strong></span> <span class='ocrx_word' id='word_1_253' title='bbox 635 4059 722 4114; x_wconf 86' lang='lat' dir='ltr'><strong>hic</strong></span> <span class='ocrx_word' id='word_1_254' title='bbox 758 4060 948 4117; x_wconf 87' lang='lat' dir='ltr'><strong>adesse</strong></span> <span class='ocrx_word' id='word_1_255' title='bbox 990 4061 1170 4118; x_wconf 82' lang='lat' dir='ltr'><strong>forsan</strong></span> <span class='ocrx_word' id='word_1_256' title='bbox 1226 4064 1554 4120; x_wconf 87' lang='lat' dir='ltr'><strong>credendum</strong></span> <span class='ocrx_word' id='word_1_257' title='bbox 1595 4074 1678 4121; x_wconf 91' lang='lat' dir='ltr'><strong>est</strong></span> <span class='ocrx_word' id='word_1_258' title='bbox 1708 4075 1763 4122; x_wconf 91' lang='lat' dir='ltr'><strong>et</strong></span> 
     </span>
    </p>
   </div>
   <div class='ocr_carea' id='block_1_41' title="bbox 171 4131 1419 4220">
    <p class='ocr_par' dir='ltr' id='par_1_41' title="bbox 171 4131 1419 4220">
     <span class='ocr_line' id='line_1_41' title="bbox 171 4131 1419 4220; baseline 0.009 -19"><span class='ocrx_word' id='word_1_259' title='bbox 171 4149 341 4220; x_wconf 69' lang='lat' dir='ltr'><strong>ﬂaua</strong></span> <span class='ocrx_word' id='word_1_260' title='bbox 369 4165 467 4220; x_wconf 90' lang='lat' dir='ltr'><strong>pro</strong></span> <span class='ocrx_word' id='word_1_261' title='bbox 489 4151 606 4220; x_wconf 64' lang='grc' dir='ltr'><strong>βίου</strong></span> <span class='ocrx_word' id='word_1_262' title='bbox 635 4162 797 4208; x_wconf 89' lang='lat' dir='ltr'><strong>stare.</strong></span> <span class='ocrx_word' id='word_1_263' title='bbox 837 4171 856 4205; x_wconf 71' lang='grc' dir='ltr'><strong>ι</strong></span> <span class='ocrx_word' id='word_1_264' title='bbox 1281 4210 1290 4215; x_wconf 58' lang='lat'><strong>-</strong></span> <span class='ocrx_word' id='word_1_265' title='bbox 1403 4131 1419 4144; x_wconf 43' lang='grc' dir='ltr'>δ</span> 
     </span>
    </p>
   </div>
   <div class='ocr_carea' id='block_1_42' title="bbox 250 4241 1756 4320">
    <p class='ocr_par' dir='ltr' id='par_1_42' title="bbox 250 4241 1756 4320">
     <span class='ocr_line' id='line_1_42' title="bbox 250 4241 1756 4320; baseline 0.007 -26"><span class='ocrx_word' id='word_1_266' title='bbox 250 4241 302 4312; x_wconf 73' lang='grc' dir='ltr'><strong>ὁ)</strong></span> <span class='ocrx_word' id='word_1_267' title='bbox 329 4241 650 4312; x_wconf 80' lang='lat' dir='ltr'><strong>S‘uperlatlvi</strong></span> <span class='ocrx_word' id='word_1_268' title='bbox 670 4262 681 4298; x_wconf 93' lang='lat'>:</span> <span class='ocrx_word' id='word_1_269' title='bbox 705 4245 850 4299; x_wconf 82' lang='lat' dir='ltr'><strong>maist</strong></span> <span class='ocrx_word' id='word_1_270' title='bbox 874 4246 928 4315; x_wconf 90' lang='lat' dir='ltr'><strong>(a</strong></span> <span class='ocrx_word' id='word_1_271' title='bbox 945 4246 1163 4320; x_wconf 83' lang='lat' dir='ltr'><strong>maists),</strong></span> <span class='ocrx_word' id='word_1_272' title='bbox 1185 4249 1389 4319; x_wconf 78' lang='lat' dir='ltr'><strong>frumist</strong></span> <span class='ocrx_word' id='word_1_273' title='bbox 1410 4247 1462 4318; x_wconf 71' lang='grc' dir='ltr'><strong>(ει</strong></span> <span class='ocrx_word' id='word_1_274' title='bbox 1479 4249 1756 4317; x_wconf 80' lang='lat' dir='ltr'><strong>frumisls).</strong></span> 
     </span>
    </p>
   </div>
   <div class='ocr_carea' id='block_1_43' title="bbox 245 4333 1757 4410">
    <p class='ocr_par' dir='ltr' id='par_1_43' title="bbox 245 4333 1757 4410">
     <span class='ocr_line' id='line_1_43' title="bbox 245 4333 1757 4410; baseline 0.009 -22"><span class='ocrx_word' id='word_1_275' title='bbox 245 4333 308 4406; x_wconf 71' lang='grc'><strong>4)</strong></span> <span class='ocrx_word' id='word_1_276' title='bbox 338 4333 538 4391; x_wconf 66' lang='lat' dir='ltr'><strong>Praeter</strong></span> <span class='ocrx_word' id='word_1_277' title='bbox 577 4347 688 4394; x_wconf 89' lang='lat' dir='ltr'><strong>tres</strong></span> <span class='ocrx_word' id='word_1_278' title='bbox 734 4339 1111 4396; x_wconf 83' lang='lat' dir='ltr'><strong>adverbiorum</strong></span> <span class='ocrx_word' id='word_1_279' title='bbox 1152 4342 1516 4410; x_wconf 84' lang='lat' dir='ltr'><strong>praecedentes</strong></span> <span class='ocrx_word' id='word_1_280' title='bbox 1554 4344 1757 4401; x_wconf 87' lang='lat' dir='ltr'><strong>classes</strong></span> 
     </span>
    </p>
   </div>
   <div class='ocr_carea' id='block_1_44' title="bbox 164 4427 1754 4506">
    <p class='ocr_par' dir='ltr' id='par_1_44' title="bbox 164 4427 1754 4506">
     <span class='ocr_line' id='line_1_44' title="bbox 164 4427 1754 4506; baseline 0.006 -24"><span class='ocrx_word' id='word_1_281' title='bbox 164 4436 300 4482; x_wconf 81' lang='lat' dir='ltr'><strong>sunt</strong></span> <span class='ocrx_word' id='word_1_282' title='bbox 326 4436 380 4482; x_wconf 90' lang='lat' dir='ltr'><strong>et</strong></span> <span class='ocrx_word' id='word_1_283' title='bbox 406 4427 508 4482; x_wconf 86' lang='lat' dir='ltr'><strong>alia</strong></span> <span class='ocrx_word' id='word_1_284' title='bbox 537 4444 720 4498; x_wconf 91' lang='lat' dir='ltr'><strong>pauca,</strong></span> <span class='ocrx_word' id='word_1_285' title='bbox 753 4445 894 4502; x_wconf 62' lang='lat' dir='ltr'><strong>quae,</strong></span> <span class='ocrx_word' id='word_1_286' title='bbox 921 4431 1046 4488; x_wconf 90' lang='lat' dir='ltr'><strong>licet</strong></span> <span class='ocrx_word' id='word_1_287' title='bbox 1067 4433 1241 4488; x_wconf 69' lang='lat' dir='ltr'><strong>dubia:</strong></span> <span class='ocrx_word' id='word_1_288' title='bbox 1269 4435 1510 4506; x_wconf 79' lang='lat' dir='ltr'><strong>originis,</strong></span> <span class='ocrx_word' id='word_1_289' title='bbox 1545 4435 1650 4492; x_wconf 90' lang='lat' dir='ltr'><strong>huc</strong></span> <span class='ocrx_word' id='word_1_290' title='bbox 1673 4445 1754 4492; x_wconf 81' lang='lat' dir='ltr'><strong>ta-</strong></span> 
     </span>
    </p>
   </div>
   <div class='ocr_carea' id='block_1_45' title="bbox 165 4517 1042 4589">
    <p class='ocr_par' dir='ltr' id='par_1_45' title="bbox 165 4517 1042 4589">
     <span class='ocr_line' id='line_1_45' title="bbox 165 4517 1042 4589; baseline 0.003 -16"><span class='ocrx_word' id='word_1_291' title='bbox 165 4530 298 4573; x_wconf 86' lang='lat' dir='ltr'><strong>men</strong></span> <span class='ocrx_word' id='word_1_292' title='bbox 328 4517 609 4575; x_wconf 89' lang='lat' dir='ltr'><strong>referenda</strong></span> <span class='ocrx_word' id='word_1_293' title='bbox 635 4531 780 4586; x_wconf 88' lang='lat' dir='ltr'><strong>sunt,</strong></span> <span class='ocrx_word' id='word_1_294' title='bbox 806 4537 997 4589; x_wconf 88' lang='lat' dir='ltr'><strong>nempe</strong></span> <span class='ocrx_word' id='word_1_295' title='bbox 1027 4539 1042 4576; x_wconf 89' lang='lat'><strong>:</strong></span> 
     </span>
    </p>
   </div>
   <div class='ocr_carea' id='block_1_46' title="bbox 243 4605 1438 4686">
    <p class='ocr_par' dir='ltr' id='par_1_46' title="bbox 243 4605 1438 4686">
     <span class='ocr_line' id='line_1_46' title="bbox 243 4605 1438 4686; baseline 0.01 -26"><span class='ocrx_word' id='word_1_296' title='bbox 243 4608 298 4677; x_wconf 91' lang='lat' dir='ltr'><strong>a)</strong></span> <span class='ocrx_word' id='word_1_297' title='bbox 327 4605 459 4662; x_wconf 83' lang='lat' dir='ltr'><strong>Cum</strong></span> <span class='ocrx_word' id='word_1_298' title='bbox 487 4610 531 4662; x_wconf 77' lang='lat' dir='ltr'><strong>is</strong></span> <span class='ocrx_word' id='word_1_299' title='bbox 554 4627 574 4665; x_wconf 87' lang='lat'><strong><em>:</em></strong></span> <span class='ocrx_word' id='word_1_300' title='bbox 598 4607 950 4678; x_wconf 57' lang='lat' dir='ltr'><strong>allisfrailuis</strong></span> <span class='ocrx_word' id='word_1_301' title='bbox 972 4614 1082 4686; x_wconf 85' lang='lat' dir='ltr'><strong>jam</strong></span> <span class='ocrx_word' id='word_1_302' title='bbox 1109 4626 1438 4686; x_wconf 89' lang='lat' dir='ltr'><strong>memorata;</strong></span> 
     </span>
    </p>
   </div>
   <div class='ocr_carea' id='block_1_47' title="bbox 242 4699 901 4774">
    <p class='ocr_par' dir='ltr' id='par_1_47' title="bbox 242 4699 901 4774">
     <span class='ocr_line' id='line_1_47' title="bbox 242 4699 901 4774; baseline 0.015 -23"><span class='ocrx_word' id='word_1_303' title='bbox 242 4699 295 4768; x_wconf 71' lang='grc' dir='ltr'><strong>ὁ)</strong></span> <span class='ocrx_word' id='word_1_304' title='bbox 322 4699 456 4753; x_wconf 81' lang='lat' dir='ltr'><strong>Cum</strong></span> <span class='ocrx_word' id='word_1_305' title='bbox 488 4717 514 4754; x_wconf 86' lang='lat' dir='ltr'><strong>e</strong></span> <span class='ocrx_word' id='word_1_306' title='bbox 547 4717 565 4755; x_wconf 90' lang='lat'><strong><em>:</em></strong></span> <span class='ocrx_word' id='word_1_307' title='bbox 593 4719 697 4770; x_wconf 67' lang='lat' dir='ltr'><strong>eve,</strong></span> <span class='ocrx_word' id='word_1_308' title='bbox 725 4719 901 4774; x_wconf 79' lang='lat' dir='ltr'><strong>suere;</strong></span> 
     </span>
    </p>
   </div>
   <div class='ocr_carea' id='block_1_48' title="bbox 242 4788 916 4866">
    <p class='ocr_par' dir='ltr' id='par_1_48' title="bbox 242 4788 916 4866">
     <span class='ocr_line' id='line_1_48' title="bbox 242 4788 916 4866; baseline 0.012 -24"><span class='ocrx_word' id='word_1_309' title='bbox 242 4789 293 4858; x_wconf 86' lang='lat' dir='ltr'><strong>c)</strong></span> <span class='ocrx_word' id='word_1_310' title='bbox 318 4788 452 4844; x_wconf 91' lang='lat' dir='ltr'><strong>Cum</strong></span> <span class='ocrx_word' id='word_1_311' title='bbox 481 4807 514 4845; x_wconf 93' lang='lat' dir='ltr'><strong>u</strong></span> <span class='ocrx_word' id='word_1_312' title='bbox 543 4808 562 4846; x_wconf 91' lang='lat'><strong><em>:</em></strong></span> <span class='ocrx_word' id='word_1_313' title='bbox 587 4794 702 4861; x_wconf 83' lang='lat' dir='ltr'><strong>ﬁlu,</strong></span> <span class='ocrx_word' id='word_1_314' title='bbox 735 4796 916 4866; x_wconf 79' lang='lat' dir='ltr'><strong>seipu;</strong></span> 
     </span>
    </p>
   </div>
   <div class='ocr_carea' id='block_1_49' title="bbox 240 4880 767 4955">
    <p class='ocr_par' dir='ltr' id='par_1_49' title="bbox 240 4880 767 4955">
     <span class='ocr_line' id='line_1_49' title="bbox 240 4880 767 4955; baseline 0.011 -19"><span class='ocrx_word' id='word_1_315' title='bbox 240 4882 300 4954; x_wconf 76' lang='grc' dir='ltr'><strong>ά)</strong></span> <span class='ocrx_word' id='word_1_316' title='bbox 329 4880 463 4940; x_wconf 84' lang='lat' dir='ltr'><strong>Cum</strong></span> <span class='ocrx_word' id='word_1_317' title='bbox 488 4902 519 4939; x_wconf 82' lang='grc' dir='ltr'><em>α</em></span> <span class='ocrx_word' id='word_1_318' title='bbox 549 4901 566 4940; x_wconf 93' lang='lat'><strong><em>:</em></strong></span> <span class='ocrx_word' id='word_1_319' title='bbox 596 4890 767 4955; x_wconf 77' lang='lat' dir='ltr'><strong>sunja.</strong></span> 
     </span>
    </p>
   </div>
   <div class='ocr_carea' id='block_1_50' title="bbox 1315 408 2365 470">
    <p class='ocr_par' dir='ltr' id='par_1_50' title="bbox 1315 408 2365 470">
     <span class='ocr_line' id='line_1_50' title="bbox 1315 408 2365 470; baseline -0.002 -2"><span class='ocrx_word' id='word_1_320' title='bbox 1315 409 1405 468; x_wconf 79' lang='lat' dir='ltr'><strong>DE</strong></span> <span class='ocrx_word' id='word_1_321' title='bbox 1446 409 1888 470; x_wconf 72' lang='lat' dir='ltr'><strong>FORMATIONE</strong></span> <span class='ocrx_word' id='word_1_322' title='bbox 1926 408 2365 467; x_wconf 73' lang='lat' dir='ltr'><strong>ADVERBIALI.</strong></span> 
     </span>
    </p>
   </div>
   <div class='ocr_carea' id='block_1_51' title="bbox 3309 407 3452 466">
    <p class='ocr_par' dir='ltr' id='par_1_51' title="bbox 3309 407 3452 466">
     <span class='ocr_line' id='line_1_51' title="bbox 3309 407 3452 466; baseline 0 0"><span class='ocrx_word' id='word_1_323' title='bbox 3309 407 3452 466; x_wconf 67' lang='lat' dir='ltr'><strong>im</strong></span> 
     </span>
    </p>
   </div>
   <div class='ocr_carea' id='block_1_52' title="bbox 2329 521 2993 580">
    <p class='ocr_par' dir='ltr' id='par_1_52' title="bbox 2329 521 2993 580">
     <span class='ocr_line' id='line_1_52' title="bbox 2329 521 2993 580; baseline -0.002 0"><span class='ocrx_word' id='word_1_324' title='bbox 2329 523 2394 580; x_wconf 86' lang='lat' dir='ltr'><strong>II.</strong></span> <span class='ocrx_word' id='word_1_325' title='bbox 2437 521 2783 580; x_wconf 70' lang='lat' dir='ltr'><strong>ADVERBIA</strong></span> <span class='ocrx_word' id='word_1_326' title='bbox 2821 521 2993 580; x_wconf 85' lang='lat' dir='ltr'><strong>LOCI.</strong></span> 
     </span>
    </p>
   </div>
   <div class='ocr_carea' id='block_1_53' title="bbox 1945 617 3450 692">
    <p class='ocr_par' dir='ltr' id='par_1_53' title="bbox 1945 617 3450 692">
     <span class='ocr_line' id='line_1_53' title="bbox 1945 617 3450 692; baseline -0.001 -17"><span class='ocrx_word' id='word_1_327' title='bbox 1945 619 1973 692; x_wconf 67' lang='grc' dir='ltr'><strong>ς</strong></span> <span class='ocrx_word' id='word_1_328' title='bbox 2007 618 2130 676; x_wconf 75' lang='grc'><strong>164.</strong></span> <span class='ocrx_word' id='word_1_329' title='bbox 2163 618 2432 676; x_wconf 81' lang='lat' dir='ltr'><strong>Adverbia</strong></span> <span class='ocrx_word' id='word_1_330' title='bbox 2464 618 2565 675; x_wconf 90' lang='lat' dir='ltr'><strong>huc</strong></span> <span class='ocrx_word' id='word_1_331' title='bbox 2595 619 2915 691; x_wconf 87' lang='lat' dir='ltr'><strong>pertinentia</strong></span> <span class='ocrx_word' id='word_1_332' title='bbox 2944 626 3068 674; x_wconf 89' lang='lat' dir='ltr'><strong>sunt</strong></span> <span class='ocrx_word' id='word_1_333' title='bbox 3089 633 3188 689; x_wconf 91' lang='lat' dir='ltr'><strong>pro</strong></span> <span class='ocrx_word' id='word_1_334' title='bbox 3219 617 3450 674; x_wconf 82' lang='lat' dir='ltr'><strong>maxima</strong></span> 
     </span>
    </p>
   </div>
   <div class='ocr_carea' id='block_1_54' title="bbox 1871 702 3452 785">
    <p class='ocr_par' dir='ltr' id='par_1_54' title="bbox 1871 702 3452 785">
     <span class='ocr_line' id='line_1_54' title="bbox 1871 702 3452 785; baseline 0 -19"><span class='ocrx_word' id='word_1_335' title='bbox 1871 723 2023 785; x_wconf 89' lang='lat' dir='ltr'><strong>parte</strong></span> <span class='ocrx_word' id='word_1_336' title='bbox 2061 711 2149 768; x_wconf 90' lang='lat' dir='ltr'><strong>vel</strong></span> <span class='ocrx_word' id='word_1_337' title='bbox 2189 727 2255 767; x_wconf 90' lang='lat' dir='ltr'><strong>ex</strong></span> <span class='ocrx_word' id='word_1_338' title='bbox 2305 711 2560 782; x_wconf 86' lang='lat' dir='ltr'><strong>stirpibus</strong></span> <span class='ocrx_word' id='word_1_339' title='bbox 2606 702 3066 782; x_wconf 81' lang='lat' dir='ltr'><strong>pronominalihus</strong></span> <span class='ocrx_word' id='word_1_340' title='bbox 3091 711 3173 765; x_wconf 90' lang='lat' dir='ltr'><strong>vel</strong></span> <span class='ocrx_word' id='word_1_341' title='bbox 3216 726 3284 766; x_wconf 90' lang='lat' dir='ltr'><strong>ex</strong></span> <span class='ocrx_word' id='word_1_342' title='bbox 3334 709 3452 766; x_wconf 75' lang='lat' dir='ltr'><strong>aliis</strong></span> 
     </span>
    </p>
   </div>
   <div class='ocr_carea' id='block_1_55' title="bbox 1871 801 3451 876">
    <p class='ocr_par' dir='ltr' id='par_1_55' title="bbox 1871 801 3451 876">
     <span class='ocr_line' id='line_1_55' title="bbox 1871 801 3451 876; baseline 0 -21"><span class='ocrx_word' id='word_1_343' title='bbox 1871 804 2144 876; x_wconf 79' lang='lat' dir='ltr'><strong>particulis</strong></span> <span class='ocrx_word' id='word_1_344' title='bbox 2175 803 2473 871; x_wconf 80' lang='lat' dir='ltr'><strong>eﬁ‘ormata,</strong></span> <span class='ocrx_word' id='word_1_345' title='bbox 2509 803 2690 875; x_wconf 86' lang='lat' dir='ltr'><strong>paucis</strong></span> <span class='ocrx_word' id='word_1_346' title='bbox 2714 811 2917 858; x_wconf 83' lang='lat' dir='ltr'><strong>tantum</strong></span> <span class='ocrx_word' id='word_1_347' title='bbox 2950 803 3016 857; x_wconf 88' lang='lat' dir='ltr'><strong>ad</strong></span> <span class='ocrx_word' id='word_1_348' title='bbox 3039 801 3250 856; x_wconf 88' lang='lat' dir='ltr'><strong>radices</strong></span> <span class='ocrx_word' id='word_1_349' title='bbox 3277 802 3451 856; x_wconf 84' lang='lat' dir='ltr'><strong>norni-</strong></span> 
     </span>
    </p>
   </div>
   <div class='ocr_carea' id='block_1_56' title="bbox 1870 895 3452 966">
    <p class='ocr_par' dir='ltr' id='par_1_56' title="bbox 1870 895 3452 966">
     <span class='ocr_line' id='line_1_56' title="bbox 1870 895 3452 966; baseline -0.005 -10"><span class='ocrx_word' id='word_1_350' title='bbox 1870 901 2019 957; x_wconf 86' lang='lat' dir='ltr'><strong>nales</strong></span> <span class='ocrx_word' id='word_1_351' title='bbox 2049 898 2366 955; x_wconf 85' lang='lat' dir='ltr'><strong>referendis.</strong></span> <span class='ocrx_word' id='word_1_352' title='bbox 2409 899 2465 954; x_wconf 87' lang='lat' dir='ltr'><strong>In</strong></span> <span class='ocrx_word' id='word_1_353' title='bbox 2518 906 2630 953; x_wconf 89' lang='lat' dir='ltr'><strong>tres</strong></span> <span class='ocrx_word' id='word_1_354' title='bbox 2669 897 2874 953; x_wconf 85' lang='lat' dir='ltr'><strong>classes</strong></span> <span class='ocrx_word' id='word_1_355' title='bbox 2927 895 3263 964; x_wconf 89' lang='lat' dir='ltr'><strong>partiuntur,</strong></span> <span class='ocrx_word' id='word_1_356' title='bbox 3295 904 3452 966; x_wconf 89' lang='lat' dir='ltr'><strong>prout</strong></span> 
     </span>
    </p>
   </div>
   <div class='ocr_carea' id='block_1_57' title="bbox 1868 986 3454 1058">
    <p class='ocr_par' dir='ltr' id='par_1_57' title="bbox 1868 986 3454 1058">
     <span class='ocr_line' id='line_1_57' title="bbox 1868 986 3454 1058; baseline -0.004 -10"><span class='ocrx_word' id='word_1_357' title='bbox 1868 992 2208 1048; x_wconf 88' lang='lat' dir='ltr'><strong>existentiam</strong></span> <span class='ocrx_word' id='word_1_358' title='bbox 2237 992 2291 1047; x_wconf 92' lang='lat' dir='ltr'><strong>in</strong></span> <span class='ocrx_word' id='word_1_359' title='bbox 2317 991 2456 1057; x_wconf 91' lang='lat' dir='ltr'><strong>loco,</strong></span> <span class='ocrx_word' id='word_1_360' title='bbox 2489 1000 2691 1048; x_wconf 89' lang='lat' dir='ltr'><strong>motum</strong></span> <span class='ocrx_word' id='word_1_361' title='bbox 2719 991 2785 1046; x_wconf 91' lang='lat' dir='ltr'><strong>ad</strong></span> <span class='ocrx_word' id='word_1_362' title='bbox 2819 990 2995 1047; x_wconf 90' lang='lat' dir='ltr'><strong>locum</strong></span> <span class='ocrx_word' id='word_1_363' title='bbox 3015 1027 3032 1058; x_wconf 90' lang='lat'><strong>,</strong></span> <span class='ocrx_word' id='word_1_364' title='bbox 3058 988 3144 1046; x_wconf 90' lang='lat' dir='ltr'><strong>vel</strong></span> <span class='ocrx_word' id='word_1_365' title='bbox 3172 1003 3202 1042; x_wconf 90' lang='lat' dir='ltr'><strong>a</strong></span> <span class='ocrx_word' id='word_1_366' title='bbox 3231 987 3352 1043; x_wconf 90' lang='lat' dir='ltr'><strong>loco</strong></span> <span class='ocrx_word' id='word_1_367' title='bbox 3378 986 3454 1043; x_wconf 80' lang='lat' dir='ltr'><strong>si-</strong></span> 
     </span>
    </p>
   </div>
   <div class='ocr_carea' id='block_1_58' title="bbox 1868 1088 2148 1160">
    <p class='ocr_par' dir='ltr' id='par_1_58' title="bbox 1868 1088 2148 1160">
     <span class='ocr_line' id='line_1_58' title="bbox 1868 1088 2148 1160; baseline -0.004 -17"><span class='ocrx_word' id='word_1_368' title='bbox 1868 1088 2148 1160; x_wconf 76' lang='lat' dir='ltr'><strong>gniﬁcant.</strong></span> 
     </span>
    </p>
   </div>
   <div class='ocr_carea' id='block_1_59' title="bbox 1943 1175 3454 1252">
    <p class='ocr_par' dir='ltr' id='par_1_59' title="bbox 1943 1175 3454 1252">
     <span class='ocr_line' id='line_1_59' title="bbox 1943 1175 3454 1252; baseline -0.005 -16"><span class='ocrx_word' id='word_1_369' title='bbox 1943 1181 2000 1252; x_wconf 80' lang='lat' dir='ltr'><strong>l)</strong></span> <span class='ocrx_word' id='word_1_370' title='bbox 2029 1179 2110 1235; x_wconf 86' lang='lat' dir='ltr'><strong>Ad</strong></span> <span class='ocrx_word' id='word_1_371' title='bbox 2138 1179 2527 1252; x_wconf 77' lang='lat' dir='ltr'><strong>designandum</strong></span> <span class='ocrx_word' id='word_1_372' title='bbox 2558 1179 2732 1234; x_wconf 91' lang='lat' dir='ltr'><strong>locum</strong></span> <span class='ocrx_word' id='word_1_373' title='bbox 2753 1223 2769 1249; x_wconf 91' lang='lat'><strong>,</strong></span> <span class='ocrx_word' id='word_1_374' title='bbox 2815 1178 2870 1233; x_wconf 89' lang='lat' dir='ltr'><strong>in</strong></span> <span class='ocrx_word' id='word_1_375' title='bbox 2905 1191 3014 1249; x_wconf 90' lang='lat' dir='ltr'><strong>quo</strong></span> <span class='ocrx_word' id='word_1_376' title='bbox 3048 1191 3138 1233; x_wconf 86' lang='lat' dir='ltr'><strong>res</strong></span> <span class='ocrx_word' id='word_1_377' title='bbox 3165 1175 3341 1246; x_wconf 90' lang='lat' dir='ltr'><strong>aliqua</strong></span> <span class='ocrx_word' id='word_1_378' title='bbox 3369 1180 3454 1230; x_wconf 86' lang='lat' dir='ltr'><strong>est</strong></span> 
     </span>
    </p>
   </div>
   <div class='ocr_carea' id='block_1_60' title="bbox 1870 1273 2858 1342">
    <p class='ocr_par' dir='ltr' id='par_1_60' title="bbox 1870 1273 2858 1342">
     <span class='ocr_line' id='line_1_60' title="bbox 1870 1273 2858 1342; baseline -0.002 -12"><span class='ocrx_word' id='word_1_379' title='bbox 1870 1275 1958 1331; x_wconf 88' lang='lat' dir='ltr'><strong>vel</strong></span> <span class='ocrx_word' id='word_1_380' title='bbox 1980 1283 2245 1342; x_wconf 89' lang='lat' dir='ltr'><strong>versatur,</strong></span> <span class='ocrx_word' id='word_1_381' title='bbox 2277 1275 2581 1329; x_wconf 89' lang='lat' dir='ltr'><strong>inserviunt</strong></span> <span class='ocrx_word' id='word_1_382' title='bbox 2605 1273 2858 1330; x_wconf 85' lang='lat' dir='ltr'><strong>adverbia</strong></span> 
     </span>
    </p>
   </div>
   <div class='ocr_carea' id='block_1_61' title="bbox 1940 1367 3450 1441">
    <p class='ocr_par' dir='ltr' id='par_1_61' title="bbox 1940 1367 3450 1441">
     <span class='ocr_line' id='line_1_61' title="bbox 1940 1367 3450 1441; baseline -0.001 -18"><span class='ocrx_word' id='word_1_383' title='bbox 1940 1369 1992 1441; x_wconf 91' lang='lat' dir='ltr'><strong>a)</strong></span> <span class='ocrx_word' id='word_1_384' title='bbox 2021 1369 2154 1426; x_wconf 89' lang='lat' dir='ltr'><strong>Cum</strong></span> <span class='ocrx_word' id='word_1_385' title='bbox 2196 1368 2576 1426; x_wconf 85' lang='lat' dir='ltr'><strong>terminatione</strong></span> <span class='ocrx_word' id='word_1_386' title='bbox 2603 1385 2636 1423; x_wconf 77' lang='grc' dir='ltr'><strong>α</strong></span> <span class='ocrx_word' id='word_1_387' title='bbox 2668 1383 2690 1424; x_wconf 90' lang='lat'><strong><em>:</em></strong></span> <span class='ocrx_word' id='word_1_388' title='bbox 2737 1369 2848 1438; x_wconf 81' lang='lat' dir='ltr'><strong>afta</strong></span> <span class='ocrx_word' id='word_1_389' title='bbox 2875 1382 3017 1438; x_wconf 90' lang='lat' dir='ltr'><strong>pone</strong></span> <span class='ocrx_word' id='word_1_390' title='bbox 3037 1407 3052 1433; x_wconf 94' lang='lat'><strong>,</strong></span> <span class='ocrx_word' id='word_1_391' title='bbox 3083 1367 3235 1438; x_wconf 77' lang='lat' dir='ltr'><strong>{aura</strong></span> <span class='ocrx_word' id='word_1_392' title='bbox 3278 1374 3408 1422; x_wconf 87' lang='lat' dir='ltr'><strong>ante</strong></span> <span class='ocrx_word' id='word_1_393' title='bbox 3432 1401 3450 1433; x_wconf 90' lang='lat'><strong>,</strong></span> 
     </span>
    </p>
   </div>
   <div class='ocr_carea' id='block_1_62' title="bbox 1871 1459 3444 1533">
    <p class='ocr_par' dir='ltr' id='par_1_62' title="bbox 1871 1459 3444 1533">
     <span class='ocr_line' id='line_1_62' title="bbox 1871 1459 3444 1533; baseline -0.001 -19"><span class='ocrx_word' id='word_1_394' title='bbox 1871 1460 2074 1533; x_wconf 72' lang='lat' dir='ltr'><strong>dalapa</strong></span> <span class='ocrx_word' id='word_1_395' title='bbox 2094 1460 2250 1529; x_wconf 86' lang='lat' dir='ltr'><strong>infra,</strong></span> <span class='ocrx_word' id='word_1_396' title='bbox 2275 1461 2403 1528; x_wconf 76' lang='lat' dir='ltr'><strong>iupa</strong></span> <span class='ocrx_word' id='word_1_397' title='bbox 2423 1474 2608 1530; x_wconf 84' lang='lat' dir='ltr'><strong>supra,</strong></span> <span class='ocrx_word' id='word_1_398' title='bbox 2639 1469 2729 1515; x_wconf 78' lang='lat' dir='ltr'><strong>uta</strong></span> <span class='ocrx_word' id='word_1_399' title='bbox 2755 1459 2909 1528; x_wconf 85' lang='lat' dir='ltr'><strong>foris,</strong></span> <span class='ocrx_word' id='word_1_400' title='bbox 2932 1463 3056 1514; x_wconf 78' lang='lat' dir='ltr'><strong>iane</strong></span> <span class='ocrx_word' id='word_1_401' title='bbox 3083 1460 3246 1524; x_wconf 87' lang='lat' dir='ltr'><strong>intra,</strong></span> <span class='ocrx_word' id='word_1_402' title='bbox 3278 1460 3444 1526; x_wconf 84' lang='lat' dir='ltr'><strong>intus,</strong></span> 
     </span>
    </p>
   </div>
   <div class='ocr_carea' id='block_1_63' title="bbox 1869 1553 3442 1628">
    <p class='ocr_par' dir='ltr' id='par_1_63' title="bbox 1869 1553 3442 1628">
     <span class='ocr_line' id='line_1_63' title="bbox 1869 1553 3442 1628; baseline -0.001 -20"><span class='ocrx_word' id='word_1_403' title='bbox 1869 1555 2032 1628; x_wconf 73' lang='lat' dir='ltr'><strong>{airra</strong></span> <span class='ocrx_word' id='word_1_404' title='bbox 2060 1555 2238 1625; x_wconf 79' lang='lat' dir='ltr'><strong>longe,</strong></span> <span class='ocrx_word' id='word_1_405' title='bbox 2288 1568 2427 1610; x_wconf 71' lang='lat' dir='ltr'><strong>aetna</strong></span> <span class='ocrx_word' id='word_1_406' title='bbox 2451 1569 2618 1625; x_wconf 89' lang='lat' dir='ltr'><strong>prope</strong></span> <span class='ocrx_word' id='word_1_407' title='bbox 2640 1595 2654 1621; x_wconf 91' lang='lat'><strong>,</strong></span> <span class='ocrx_word' id='word_1_408' title='bbox 2687 1563 2742 1610; x_wconf 91' lang='lat' dir='ltr'><strong>et</strong></span> <span class='ocrx_word' id='word_1_409' title='bbox 2770 1554 3020 1610; x_wconf 86' lang='lat' dir='ltr'><strong>adverbia</strong></span> <span class='ocrx_word' id='word_1_410' title='bbox 3052 1554 3107 1610; x_wconf 92' lang='lat' dir='ltr'><strong>in</strong></span> <span class='ocrx_word' id='word_1_411' title='bbox 3135 1553 3263 1609; x_wconf 87' lang='lat' dir='ltr'><strong>solis</strong></span> <span class='ocrx_word' id='word_1_412' title='bbox 3291 1567 3442 1610; x_wconf 87' lang='lat' dir='ltr'><strong>com-</strong></span> 
     </span>
    </p>
   </div>
   <div class='ocr_carea' id='block_1_64' title="bbox 1873 1646 3446 1720">
    <p class='ocr_par' dir='ltr' id='par_1_64' title="bbox 1873 1646 3446 1720">
     <span class='ocr_line' id='line_1_64' title="bbox 1873 1646 3446 1720; baseline -0.001 -17"><span class='ocrx_word' id='word_1_413' title='bbox 1873 1648 2061 1718; x_wconf 92' lang='lat' dir='ltr'><strong>positis</strong></span> <span class='ocrx_word' id='word_1_414' title='bbox 2093 1647 2429 1704; x_wconf 84' lang='lat' dir='ltr'><strong>occurrentia</strong></span> <span class='ocrx_word' id='word_1_415' title='bbox 2458 1648 2597 1702; x_wconf 79' lang='lat' dir='ltr'><strong>unda</strong></span> <span class='ocrx_word' id='word_1_416' title='bbox 2626 1657 2835 1715; x_wconf 87' lang='lat' dir='ltr'><strong>contra,</strong></span> <span class='ocrx_word' id='word_1_417' title='bbox 2864 1646 3013 1720; x_wconf 74' lang='grc' dir='ltr'><strong>αηρα</strong></span> <span class='ocrx_word' id='word_1_418' title='bbox 3053 1648 3105 1702; x_wconf 92' lang='lat' dir='ltr'><strong>in</strong></span> <span class='ocrx_word' id='word_1_419' title='bbox 3135 1646 3446 1719; x_wconf 67' lang='lat' dir='ltr'><strong>longinquo.</strong></span> 
     </span>
    </p>
   </div>
   <div class='ocr_carea' id='block_1_65' title="bbox 1875 1739 3452 1813">
    <p class='ocr_par' dir='ltr' id='par_1_65' title="bbox 1875 1739 3452 1813">
     <span class='ocr_line' id='line_1_65' title="bbox 1875 1739 3452 1813; baseline -0.001 -17"><span class='ocrx_word' id='word_1_420' title='bbox 1875 1739 1984 1796; x_wconf 86' lang='lat' dir='ltr'><strong>Nec</strong></span> <span class='ocrx_word' id='word_1_421' title='bbox 2015 1755 2120 1796; x_wconf 92' lang='lat' dir='ltr'><strong>non</strong></span> <span class='ocrx_word' id='word_1_422' title='bbox 2152 1741 2262 1813; x_wconf 84' lang='lat' dir='ltr'><strong>alja</strong></span> <span class='ocrx_word' id='word_1_423' title='bbox 2286 1752 2435 1797; x_wconf 89' lang='lat' dir='ltr'><strong>extra</strong></span> <span class='ocrx_word' id='word_1_424' title='bbox 2463 1741 2682 1813; x_wconf 84' lang='lat' dir='ltr'><strong>(propr.</strong></span> <span class='ocrx_word' id='word_1_425' title='bbox 2709 1739 2998 1813; x_wconf 86' lang='lat' dir='ltr'><strong>aliorsum)</strong></span> <span class='ocrx_word' id='word_1_426' title='bbox 3026 1739 3189 1795; x_wconf 87' lang='lat' dir='ltr'><strong>etiam</strong></span> <span class='ocrx_word' id='word_1_427' title='bbox 3230 1739 3334 1794; x_wconf 85' lang='lat' dir='ltr'><strong>huc</strong></span> <span class='ocrx_word' id='word_1_428' title='bbox 3367 1753 3452 1794; x_wconf 87' lang='lat' dir='ltr'><strong>re-</strong></span> 
     </span>
    </p>
   </div>
   <div class='ocr_carea' id='block_1_66' title="bbox 1870 1833 3468 1901">
    <p class='ocr_par' dir='ltr' id='par_1_66' title="bbox 1870 1833 3468 1901">
     <span class='ocr_line' id='line_1_66' title="bbox 1870 1833 3468 1901; baseline 0 -11"><span class='ocrx_word' id='word_1_429' title='bbox 1870 1833 2146 1890; x_wconf 87' lang='lat' dir='ltr'><strong>ferendum</strong></span> <span class='ocrx_word' id='word_1_430' title='bbox 2177 1841 2289 1901; x_wconf 89' lang='lat' dir='ltr'><strong>est;</strong></span> <span class='ocrx_word' id='word_1_431' title='bbox 3451 1843 3468 1855; x_wconf 72' lang='lat'><strong>‘</strong></span> 
     </span>
    </p>
   </div>
   <div class='ocr_carea' id='block_1_67' title="bbox 1940 1920 3450 1996">
    <p class='ocr_par' dir='ltr' id='par_1_67' title="bbox 1940 1920 3450 1996">
     <span class='ocr_line' id='line_1_67' title="bbox 1940 1920 3450 1996; baseline -0.003 -18"><span class='ocrx_word' id='word_1_432' title='bbox 1940 1924 1992 1996; x_wconf 75' lang='grc' dir='ltr'><strong>ὁ)</strong></span> <span class='ocrx_word' id='word_1_433' title='bbox 2017 1923 2149 1980; x_wconf 87' lang='lat' dir='ltr'><strong>Cum</strong></span> <span class='ocrx_word' id='word_1_434' title='bbox 2191 1923 2564 1980; x_wconf 87' lang='lat' dir='ltr'><strong>terminatione</strong></span> <span class='ocrx_word' id='word_1_435' title='bbox 2592 1941 2638 1989; x_wconf 87' lang='lat' dir='ltr'><strong>r,</strong></span> <span class='ocrx_word' id='word_1_436' title='bbox 2667 1941 2728 1978; x_wconf 79' lang='lat' dir='ltr'><strong>ar</strong></span> <span class='ocrx_word' id='word_1_437' title='bbox 2753 1939 2774 1980; x_wconf 91' lang='lat'><strong><em>:</em></strong></span> <span class='ocrx_word' id='word_1_438' title='bbox 2805 1939 2912 1978; x_wconf 87' lang='lat' dir='ltr'><strong>war</strong></span> <span class='ocrx_word' id='word_1_439' title='bbox 2943 1921 3054 1990; x_wconf 91' lang='lat' dir='ltr'><strong>ubi,</strong></span> <span class='ocrx_word' id='word_1_440' title='bbox 3085 1921 3193 1994; x_wconf 71' lang='lat' dir='ltr'><strong>par</strong></span> <span class='ocrx_word' id='word_1_441' title='bbox 3223 1921 3326 1989; x_wconf 90' lang='lat' dir='ltr'><strong>hic,</strong></span> <span class='ocrx_word' id='word_1_442' title='bbox 3357 1920 3450 1975; x_wconf 82' lang='lat' dir='ltr'><strong>Im</strong></span> 
     </span>
    </p>
   </div>
   <div class='ocr_carea' id='block_1_68' title="bbox 1869 2009 3450 2088">
    <p class='ocr_par' dir='ltr' id='par_1_68' title="bbox 1869 2009 3450 2088">
     <span class='ocr_line' id='line_1_68' title="bbox 1869 2009 3450 2088; baseline -0.003 -14"><span class='ocrx_word' id='word_1_443' title='bbox 1869 2009 1964 2084; x_wconf 76' lang='lat' dir='ltr'><strong>ibi,</strong></span> <span class='ocrx_word' id='word_1_444' title='bbox 1982 2018 2164 2088; x_wconf 82' lang='lat' dir='ltr'><strong>jainar</strong></span> <span class='ocrx_word' id='word_1_445' title='bbox 2195 2016 2334 2084; x_wconf 87' lang='lat' dir='ltr'><strong>illic,</strong></span> <span class='ocrx_word' id='word_1_446' title='bbox 2365 2017 2502 2087; x_wconf 80' lang='lat' dir='ltr'><strong>aliar</strong></span> <span class='ocrx_word' id='word_1_447' title='bbox 2541 2015 2702 2083; x_wconf 86' lang='lat' dir='ltr'><strong>alibi,</strong></span> <span class='ocrx_word' id='word_1_448' title='bbox 2739 2015 2951 2072; x_wconf 86' lang='lat' dir='ltr'><strong>collatis</strong></span> <span class='ocrx_word' id='word_1_449' title='bbox 2980 2013 3450 2086; x_wconf 70' lang='lat' dir='ltr'><strong>praepositionibus</strong></span> 
     </span>
    </p>
   </div>
   <div class='ocr_carea' id='block_1_69' title="bbox 1871 2109 3444 2181">
    <p class='ocr_par' dir='ltr' id='par_1_69' title="bbox 1871 2109 3444 2181">
     <span class='ocr_line' id='line_1_69' title="bbox 1871 2109 3444 2181; baseline -0.001 -16"><span class='ocrx_word' id='word_1_450' title='bbox 1871 2112 2055 2165; x_wconf 84' lang='lat' dir='ltr'><strong>hindar</strong></span> <span class='ocrx_word' id='word_1_451' title='bbox 2096 2126 2254 2181; x_wconf 86' lang='lat' dir='ltr'><strong>pone,</strong></span> <span class='ocrx_word' id='word_1_452' title='bbox 2291 2120 2432 2181; x_wconf 90' lang='lat' dir='ltr'><strong>post,</strong></span> <span class='ocrx_word' id='word_1_453' title='bbox 2462 2111 2580 2181; x_wconf 71' lang='lat' dir='ltr'><strong>urar</strong></span> <span class='ocrx_word' id='word_1_454' title='bbox 2609 2124 2790 2180; x_wconf 88' lang='lat' dir='ltr'><strong>super,</strong></span> <span class='ocrx_word' id='word_1_455' title='bbox 2814 2111 2981 2164; x_wconf 81' lang='lat' dir='ltr'><strong>undar</strong></span> <span class='ocrx_word' id='word_1_456' title='bbox 3009 2109 3128 2172; x_wconf 87' lang='lat' dir='ltr'><strong>sub,</strong></span> <span class='ocrx_word' id='word_1_457' title='bbox 3161 2111 3278 2180; x_wconf 62' lang='grc' dir='ltr'><strong>αγαι-</strong></span> <span class='ocrx_word' id='word_1_458' title='bbox 3305 2115 3444 2177; x_wconf 86' lang='lat' dir='ltr'><strong>post.</strong></span> 
     </span>
    </p>
   </div>
   <div class='ocr_carea' id='block_1_70' title="bbox 1941 2194 3446 2274">
    <p class='ocr_par' dir='ltr' id='par_1_70' title="bbox 1941 2194 3446 2274">
     <span class='ocr_line' id='line_1_70' title="bbox 1941 2194 3446 2274; baseline -0.002 -17"><span class='ocrx_word' id='word_1_459' title='bbox 1941 2203 1990 2274; x_wconf 80' lang='grc' dir='ltr'><strong>ε)</strong></span> <span class='ocrx_word' id='word_1_460' title='bbox 2022 2205 2095 2259; x_wconf 82' lang='lat' dir='ltr'><strong>Ex</strong></span> <span class='ocrx_word' id='word_1_461' title='bbox 2126 2205 2398 2260; x_wconf 89' lang='lat' dir='ltr'><strong>nonnullis</strong></span> <span class='ocrx_word' id='word_1_462' title='bbox 2426 2194 2617 2260; x_wconf 80' lang='lat' dir='ltr'><strong>horum</strong></span> <span class='ocrx_word' id='word_1_463' title='bbox 2660 2204 3034 2264; x_wconf 87' lang='lat' dir='ltr'><strong>adverbiorum</strong></span> <span class='ocrx_word' id='word_1_464' title='bbox 3062 2202 3204 2269; x_wconf 89' lang='lat' dir='ltr'><strong>alia,</strong></span> <span class='ocrx_word' id='word_1_465' title='bbox 3242 2200 3446 2270; x_wconf 83' lang='lat' dir='ltr'><strong>signiﬁ-</strong></span> 
     </span>
    </p>
   </div>
   <div class='ocr_carea' id='block_1_71' title="bbox 1869 2292 3444 2368">
    <p class='ocr_par' dir='ltr' id='par_1_71' title="bbox 1869 2292 3444 2368">
     <span class='ocr_line' id='line_1_71' title="bbox 1869 2292 3444 2368; baseline -0.003 -16"><span class='ocrx_word' id='word_1_466' title='bbox 1869 2297 2080 2354; x_wconf 87' lang='lat' dir='ltr'><strong>catione</strong></span> <span class='ocrx_word' id='word_1_467' title='bbox 2111 2297 2382 2368; x_wconf 88' lang='lat' dir='ltr'><strong>paululum</strong></span> <span class='ocrx_word' id='word_1_468' title='bbox 2407 2305 2630 2364; x_wconf 87' lang='lat' dir='ltr'><strong>mutata,</strong></span> <span class='ocrx_word' id='word_1_469' title='bbox 2653 2311 2749 2366; x_wconf 89' lang='lat' dir='ltr'><strong>per</strong></span> <span class='ocrx_word' id='word_1_470' title='bbox 2771 2295 3204 2353; x_wconf 87' lang='lat' dir='ltr'><strong>terminationem</strong></span> <span class='ocrx_word' id='word_1_471' title='bbox 3227 2309 3257 2348; x_wconf 90' lang='grc' dir='ltr'><strong><em>ο</em></strong></span> <span class='ocrx_word' id='word_1_472' title='bbox 3283 2292 3444 2349; x_wconf 76' lang='lat' dir='ltr'><strong>effor-</strong></span> 
     </span>
    </p>
   </div>
   <div class='ocr_carea' id='block_1_72' title="bbox 1869 2387 3433 2462">
    <p class='ocr_par' dir='ltr' id='par_1_72' title="bbox 1869 2387 3433 2462">
     <span class='ocr_line' id='line_1_72' title="bbox 1869 2387 3433 2462; baseline -0.003 -18"><span class='ocrx_word' id='word_1_473' title='bbox 1869 2398 2087 2446; x_wconf 76' lang='lat' dir='ltr'><strong>mantur</strong></span> <span class='ocrx_word' id='word_1_474' title='bbox 2115 2408 2129 2444; x_wconf 87' lang='lat'><strong>:</strong></span> <span class='ocrx_word' id='word_1_475' title='bbox 2155 2394 2306 2462; x_wconf 64' lang='grc' dir='ltr'><strong>πίω-ο</strong></span> <span class='ocrx_word' id='word_1_476' title='bbox 2329 2404 2512 2460; x_wconf 84' lang='lat' dir='ltr'><strong>super,</strong></span> <span class='ocrx_word' id='word_1_477' title='bbox 2541 2403 2778 2458; x_wconf 86' lang='lat' dir='ltr'><strong>sursum,</strong></span> <span class='ocrx_word' id='word_1_478' title='bbox 2811 2389 3013 2444; x_wconf 77' lang='lat' dir='ltr'><strong>undare</strong></span> <span class='ocrx_word' id='word_1_479' title='bbox 3037 2387 3239 2453; x_wconf 86' lang='lat' dir='ltr'><strong>subter,</strong></span> <span class='ocrx_word' id='word_1_480' title='bbox 3260 2391 3433 2456; x_wconf 79' lang='lat' dir='ltr'><strong>aftaro</strong></span> 
     </span>
    </p>
   </div>
   <div class='ocr_carea' id='block_1_73' title="bbox 1869 2481 2375 2552">
    <p class='ocr_par' dir='ltr' id='par_1_73' title="bbox 1869 2481 2375 2552">
     <span class='ocr_line' id='line_1_73' title="bbox 1869 2481 2375 2552; baseline 0 -14"><span class='ocrx_word' id='word_1_481' title='bbox 1869 2495 2033 2552; x_wconf 91' lang='lat' dir='ltr'><strong>pone,</strong></span> <span class='ocrx_word' id='word_1_482' title='bbox 2057 2481 2375 2538; x_wconf 87' lang='lat' dir='ltr'><strong>secundum.</strong></span> 
     </span>
    </p>
   </div>
   <div class='ocr_carea' id='block_1_74' title="bbox 1942 2569 3442 2644">
    <p class='ocr_par' dir='ltr' id='par_1_74' title="bbox 1942 2569 3442 2644">
     <span class='ocr_line' id='line_1_74' title="bbox 1942 2569 3442 2644; baseline 0.001 -18"><span class='ocrx_word' id='word_1_483' title='bbox 1942 2573 2001 2644; x_wconf 78' lang='grc' dir='ltr'><strong>ά)</strong></span> <span class='ocrx_word' id='word_1_484' title='bbox 2028 2574 2252 2644; x_wconf 80' lang='lat' dir='ltr'><strong>Adjecta</strong></span> <span class='ocrx_word' id='word_1_485' title='bbox 2283 2573 2656 2634; x_wconf 87' lang='lat' dir='ltr'><strong>terminatione</strong></span> <span class='ocrx_word' id='word_1_486' title='bbox 2681 2589 2752 2627; x_wconf 78' lang='lat' dir='ltr'><strong>na</strong></span> <span class='ocrx_word' id='word_1_487' title='bbox 2789 2570 3145 2642; x_wconf 84' lang='lat' dir='ltr'><strong>praecedentia</strong></span> <span class='ocrx_word' id='word_1_488' title='bbox 3187 2569 3442 2630; x_wconf 88' lang='lat' dir='ltr'><strong>adverbia</strong></span> 
     </span>
    </p>
   </div>
   <div class='ocr_carea' id='block_1_75' title="bbox 1870 2660 3437 2736">
    <p class='ocr_par' dir='ltr' id='par_1_75' title="bbox 1870 2660 3437 2736">
     <span class='ocr_line' id='line_1_75' title="bbox 1870 2660 3437 2736; baseline -0.004 -16"><span class='ocrx_word' id='word_1_489' title='bbox 1870 2664 2118 2721; x_wconf 87' lang='lat' dir='ltr'><strong>eamdem</strong></span> <span class='ocrx_word' id='word_1_490' title='bbox 2139 2665 2341 2721; x_wconf 84' lang='lat' dir='ltr'><strong>habent</strong></span> <span class='ocrx_word' id='word_1_491' title='bbox 2363 2665 2835 2736; x_wconf 72' lang='lat' dir='ltr'><strong>signiﬁcationem,</strong></span> <span class='ocrx_word' id='word_1_492' title='bbox 2865 2663 3046 2719; x_wconf 89' lang='lat' dir='ltr'><strong>addito</strong></span> <span class='ocrx_word' id='word_1_493' title='bbox 3073 2673 3270 2728; x_wconf 86' lang='lat' dir='ltr'><strong>tamen,</strong></span> <span class='ocrx_word' id='word_1_494' title='bbox 3294 2660 3437 2734; x_wconf 84' lang='lat' dir='ltr'><strong>quod</strong></span> 
     </span>
    </p>
   </div>
   <div class='ocr_carea' id='block_1_76' title="bbox 1872 2758 3439 2830">
    <p class='ocr_par' dir='ltr' id='par_1_76' title="bbox 1872 2758 3439 2830">
     <span class='ocr_line' id='line_1_76' title="bbox 1872 2758 3439 2830; baseline -0.001 -18"><span class='ocrx_word' id='word_1_495' title='bbox 1872 2766 2079 2814; x_wconf 91' lang='lat' dir='ltr'><strong>motum</strong></span> <span class='ocrx_word' id='word_1_496' title='bbox 2105 2774 2136 2814; x_wconf 87' lang='lat' dir='ltr'><strong>a</strong></span> <span class='ocrx_word' id='word_1_497' title='bbox 2169 2760 2288 2815; x_wconf 90' lang='lat' dir='ltr'><strong>loco</strong></span> <span class='ocrx_word' id='word_1_498' title='bbox 2334 2760 2657 2830; x_wconf 88' lang='lat' dir='ltr'><strong>quandoque</strong></span> <span class='ocrx_word' id='word_1_499' title='bbox 2683 2759 2983 2830; x_wconf 86' lang='lat' dir='ltr'><strong>exprimant</strong></span> <span class='ocrx_word' id='word_1_500' title='bbox 3013 2776 3027 2811; x_wconf 89' lang='lat'><strong>:</strong></span> <span class='ocrx_word' id='word_1_501' title='bbox 3060 2758 3238 2828; x_wconf 77' lang='lat' dir='ltr'><strong>aftana</strong></span> <span class='ocrx_word' id='word_1_502' title='bbox 3262 2771 3439 2828; x_wconf 88' lang='lat' dir='ltr'><strong>pone,</strong></span> 
     </span>
    </p>
   </div>
   <div class='ocr_carea' id='block_1_77' title="bbox 1870 2849 3440 2921">
    <p class='ocr_par' dir='ltr' id='par_1_77' title="bbox 1870 2849 3440 2921">
     <span class='ocr_line' id='line_1_77' title="bbox 1870 2849 3440 2921; baseline -0.002 -15"><span class='ocrx_word' id='word_1_503' title='bbox 1870 2860 2030 2906; x_wconf 77' lang='lat' dir='ltr'><strong>utana</strong></span> <span class='ocrx_word' id='word_1_504' title='bbox 2081 2851 2148 2907; x_wconf 89' lang='lat' dir='ltr'><strong>de</strong></span> <span class='ocrx_word' id='word_1_505' title='bbox 2182 2851 2347 2918; x_wconf 88' lang='lat' dir='ltr'><strong>foris,</strong></span> <span class='ocrx_word' id='word_1_506' title='bbox 2390 2854 2582 2908; x_wconf 78' lang='lat' dir='ltr'><strong>innana</strong></span> <span class='ocrx_word' id='word_1_507' title='bbox 2634 2851 2702 2906; x_wconf 83' lang='lat' dir='ltr'><strong>ab</strong></span> <span class='ocrx_word' id='word_1_508' title='bbox 2739 2852 3129 2921; x_wconf 79' lang='lat' dir='ltr'><strong>intus,iupaua</strong></span> <span class='ocrx_word' id='word_1_509' title='bbox 3180 2849 3440 2918; x_wconf 89' lang='lat' dir='ltr'><strong>desuper,</strong></span> 
     </span>
    </p>
   </div>
   <div class='ocr_carea' id='block_1_78' title="bbox 1871 2939 3300 3012">
    <p class='ocr_par' dir='ltr' id='par_1_78' title="bbox 1871 2939 3300 3012">
     <span class='ocr_line' id='line_1_78' title="bbox 1871 2939 3300 3012; baseline -0.002 -17"><span class='ocrx_word' id='word_1_510' title='bbox 1871 2939 2099 2996; x_wconf 68' lang='lat' dir='ltr'><strong>hindana</strong></span> <span class='ocrx_word' id='word_1_511' title='bbox 2121 2952 2260 3012; x_wconf 88' lang='lat' dir='ltr'><strong>post,</strong></span> <span class='ocrx_word' id='word_1_512' title='bbox 2287 2957 2450 3012; x_wconf 88' lang='lat' dir='ltr'><strong>pone,</strong></span> <span class='ocrx_word' id='word_1_513' title='bbox 2474 2957 2687 2998; x_wconf 80' lang='lat' dir='ltr'><strong>samana</strong></span> <span class='ocrx_word' id='word_1_514' title='bbox 2707 2941 2887 3008; x_wconf 85' lang='lat' dir='ltr'><strong>simul,</strong></span> <span class='ocrx_word' id='word_1_515' title='bbox 2916 2940 3300 3010; x_wconf 72' lang='lat' dir='ltr'><strong>congregatim.</strong></span> 
     </span>
    </p>
   </div>
   <div class='ocr_carea' id='block_1_79' title="bbox 1942 3033 3442 3107">
    <p class='ocr_par' dir='ltr' id='par_1_79' title="bbox 1942 3033 3442 3107">
     <span class='ocr_line' id='line_1_79' title="bbox 1942 3033 3442 3107; baseline 0.002 -16"><span class='ocrx_word' id='word_1_516' title='bbox 1942 3035 2002 3107; x_wconf 67' lang='grc' dir='ltr'><strong>Ξ)</strong></span> <span class='ocrx_word' id='word_1_517' title='bbox 2029 3037 2228 3092; x_wconf 86' lang='lat' dir='ltr'><strong>Motum</strong></span> <span class='ocrx_word' id='word_1_518' title='bbox 2269 3036 2336 3092; x_wconf 88' lang='lat' dir='ltr'><strong>ad</strong></span> <span class='ocrx_word' id='word_1_519' title='bbox 2375 3037 2607 3107; x_wconf 86' lang='lat' dir='ltr'><strong>aliquem</strong></span> <span class='ocrx_word' id='word_1_520' title='bbox 2634 3036 2811 3092; x_wconf 89' lang='lat' dir='ltr'><strong>locum</strong></span> <span class='ocrx_word' id='word_1_521' title='bbox 2837 3034 3040 3092; x_wconf 88' lang='lat' dir='ltr'><strong>indicat</strong></span> <span class='ocrx_word' id='word_1_522' title='bbox 3073 3034 3189 3092; x_wconf 87' lang='lat' dir='ltr'><strong>sive</strong></span> <span class='ocrx_word' id='word_1_523' title='bbox 3217 3033 3442 3105; x_wconf 79' lang='lat' dir='ltr'><strong>simplex</strong></span> 
     </span>
    </p>
   </div>
   <div class='ocr_carea' id='block_1_80' title="bbox 1873 3130 3441 3202">
    <p class='ocr_par' dir='ltr' id='par_1_80' title="bbox 1873 3130 3441 3202">
     <span class='ocr_line' id='line_1_80' title="bbox 1873 3130 3441 3202; baseline 0.001 -17"><span class='ocrx_word' id='word_1_524' title='bbox 1873 3130 2041 3200; x_wconf 77' lang='lat' dir='ltr'><strong>stirps</strong></span> <span class='ocrx_word' id='word_1_525' title='bbox 2082 3132 2462 3188; x_wconf 87' lang='lat' dir='ltr'><strong>consonantice</strong></span> <span class='ocrx_word' id='word_1_526' title='bbox 2489 3131 2637 3187; x_wconf 84' lang='lat' dir='ltr'><strong>ﬁnita</strong></span> <span class='ocrx_word' id='word_1_527' title='bbox 2667 3147 2683 3188; x_wconf 87' lang='lat'><strong>:</strong></span> <span class='ocrx_word' id='word_1_528' title='bbox 2711 3131 2858 3200; x_wconf 73' lang='lat' dir='ltr'><strong>four,</strong></span> <span class='ocrx_word' id='word_1_529' title='bbox 2888 3133 3001 3202; x_wconf 77' lang='lat' dir='ltr'><strong>iup,</strong></span> <span class='ocrx_word' id='word_1_530' title='bbox 3030 3140 3118 3199; x_wconf 86' lang='lat' dir='ltr'><strong>ut,</strong></span> <span class='ocrx_word' id='word_1_531' title='bbox 3139 3132 3263 3197; x_wconf 79' lang='lat' dir='ltr'><strong>inn,</strong></span> <span class='ocrx_word' id='word_1_532' title='bbox 3294 3145 3402 3186; x_wconf 74' lang='lat' dir='ltr'><strong>new</strong></span> <span class='ocrx_word' id='word_1_533' title='bbox 3424 3169 3441 3198; x_wconf 87' lang='lat'><strong>,</strong></span> 
     </span>
    </p>
   </div>
   <div class='ocr_carea' id='block_1_81' title="bbox 1870 3227 2420 3287">
    <p class='ocr_par' dir='ltr' id='par_1_81' title="bbox 1870 3227 2420 3287">
     <span class='ocr_line' id='line_1_81' title="bbox 1870 3227 2420 3287; baseline 0.005 -3"><span class='ocrx_word' id='word_1_534' title='bbox 1870 3227 1988 3286; x_wconf 88' lang='lat' dir='ltr'><strong>sive</strong></span> <span class='ocrx_word' id='word_1_535' title='bbox 2015 3230 2420 3287; x_wconf 87' lang='lat' dir='ltr'><strong>terminationes</strong></span> 
     </span>
    </p>
   </div>
   <div class='ocr_carea' id='block_1_82' title="bbox 1940 3322 3416 3397">
    <p class='ocr_par' dir='ltr' id='par_1_82' title="bbox 1940 3322 3416 3397">
     <span class='ocr_line' id='line_1_82' title="bbox 1940 3322 3416 3397; baseline 0.002 -21"><span class='ocrx_word' id='word_1_536' title='bbox 1940 3322 1995 3395; x_wconf 72' lang='grc' dir='ltr'><strong>ο)</strong></span> <span class='ocrx_word' id='word_1_537' title='bbox 2023 3322 2068 3395; x_wconf 73' lang='grc' dir='ltr'><strong><em>ῥ</em></strong></span> <span class='ocrx_word' id='word_1_538' title='bbox 2103 3323 2224 3395; x_wconf 85' lang='lat' dir='ltr'><strong>(D):</strong></span> <span class='ocrx_word' id='word_1_539' title='bbox 2255 3324 2379 3396; x_wconf 72' lang='lat'><strong><em>1001)</em></strong></span> <span class='ocrx_word' id='word_1_540' title='bbox 2409 3339 2537 3396; x_wconf 88' lang='lat' dir='ltr'><strong>quo.</strong></span> <span class='ocrx_word' id='word_1_541' title='bbox 2554 3326 2712 3397; x_wconf 78' lang='lat' dir='ltr'><strong>jaind</strong></span> <span class='ocrx_word' id='word_1_542' title='bbox 2739 3325 2884 3392; x_wconf 85' lang='lat' dir='ltr'><strong>illuc,</strong></span> <span class='ocrx_word' id='word_1_543' title='bbox 2909 3325 3024 3397; x_wconf 70' lang='lat' dir='ltr'><strong>bad</strong></span> <span class='ocrx_word' id='word_1_544' title='bbox 3055 3324 3160 3381; x_wconf 90' lang='lat' dir='ltr'><strong>huc</strong></span> <span class='ocrx_word' id='word_1_545' title='bbox 3187 3324 3416 3396; x_wconf 89' lang='lat' dir='ltr'><strong>(tantum</strong></span> 
     </span>
    </p>
   </div>
   <div class='ocr_carea' id='block_1_83' title="bbox 1871 3417 3442 3494">
    <p class='ocr_par' dir='ltr' id='par_1_83' title="bbox 1871 3417 3442 3494">
     <span class='ocr_line' id='line_1_83' title="bbox 1871 3417 3442 3494; baseline 0.001 -21"><span class='ocrx_word' id='word_1_546' title='bbox 1871 3418 2032 3473; x_wconf 82' lang='lat' dir='ltr'><strong>modo</strong></span> <span class='ocrx_word' id='word_1_547' title='bbox 2054 3419 2108 3474; x_wconf 89' lang='lat' dir='ltr'><strong>in</strong></span> <span class='ocrx_word' id='word_1_548' title='bbox 2129 3422 2430 3488; x_wconf 86' lang='lat' dir='ltr'><strong>composito</strong></span> <span class='ocrx_word' id='word_1_549' title='bbox 2451 3421 2612 3494; x_wconf 72' lang='grc' dir='ltr'>[ιιιάεί</span> <span class='ocrx_word' id='word_1_550' title='bbox 2640 3435 2747 3492; x_wconf 90' lang='lat' dir='ltr'><strong>quo</strong></span> <span class='ocrx_word' id='word_1_551' title='bbox 2767 3417 3084 3490; x_wconf 83' lang='lat' dir='ltr'><strong>superstes),</strong></span> <span class='ocrx_word' id='word_1_552' title='bbox 3106 3418 3262 3492; x_wconf 71' lang='grc' dir='ltr'>ιιι]αρ</span> <span class='ocrx_word' id='word_1_553' title='bbox 3291 3419 3442 3486; x_wconf 85' lang='lat' dir='ltr'><strong>alias,</strong></span> 
     </span>
    </p>
   </div>
   <div class='ocr_carea' id='block_1_84' title="bbox 1870 3507 3441 3584">
    <p class='ocr_par' dir='ltr' id='par_1_84' title="bbox 1870 3507 3441 3584">
     <span class='ocr_line' id='line_1_84' title="bbox 1870 3507 3441 3584; baseline 0.003 -23"><span class='ocrx_word' id='word_1_554' title='bbox 1870 3507 2040 3581; x_wconf 72' lang='lat' dir='ltr'><strong>dalap</strong></span> <span class='ocrx_word' id='word_1_555' title='bbox 2071 3509 2173 3566; x_wconf 87' lang='lat' dir='ltr'><strong>huc</strong></span> <span class='ocrx_word' id='word_1_556' title='bbox 2201 3510 2359 3576; x_wconf 88' lang='lat' dir='ltr'><strong>infra,</strong></span> <span class='ocrx_word' id='word_1_557' title='bbox 2388 3511 2574 3584; x_wconf 75' lang='grc' dir='ltr'>ωηιαρ</span> <span class='ocrx_word' id='word_1_558' title='bbox 2606 3511 2768 3570; x_wconf 85' lang='lat' dir='ltr'><strong>simul</strong></span> <span class='ocrx_word' id='word_1_559' title='bbox 2795 3514 2940 3584; x_wconf 87' lang='lat' dir='ltr'><strong>(cum</strong></span> <span class='ocrx_word' id='word_1_560' title='bbox 2979 3511 3179 3582; x_wconf 84' lang='lat' dir='ltr'><strong>motu);</strong></span> <span class='ocrx_word' id='word_1_561' title='bbox 3212 3513 3298 3568; x_wconf 88' lang='lat' dir='ltr'><strong>cui</strong></span> <span class='ocrx_word' id='word_1_562' title='bbox 3329 3520 3441 3568; x_wconf 88' lang='lat' dir='ltr'><strong>ter-</strong></span> 
     </span>
    </p>
   </div>
   <div class='ocr_carea' id='block_1_85' title="bbox 1870 3599 2685 3674">
    <p class='ocr_par' dir='ltr' id='par_1_85' title="bbox 1870 3599 2685 3674">
     <span class='ocr_line' id='line_1_85' title="bbox 1870 3599 2685 3674; baseline 0.006 -20"><span class='ocrx_word' id='word_1_563' title='bbox 1870 3599 2150 3656; x_wconf 87' lang='lat' dir='ltr'><strong>minationi</strong></span> <span class='ocrx_word' id='word_1_564' title='bbox 2180 3603 2498 3674; x_wconf 89' lang='lat' dir='ltr'><strong>quandoque</strong></span> <span class='ocrx_word' id='word_1_565' title='bbox 2523 3604 2685 3660; x_wconf 87' lang='lat' dir='ltr'><strong>etiam</strong></span> 
     </span>
    </p>
   </div>
   <div class='ocr_carea' id='block_1_86' title="bbox 1941 3691 3442 3766">
    <p class='ocr_par' dir='ltr' id='par_1_86' title="bbox 1941 3691 3442 3766">
     <span class='ocr_line' id='line_1_86' title="bbox 1941 3691 3442 3766; baseline 0.003 -21"><span class='ocrx_word' id='word_1_566' title='bbox 1941 3691 1993 3761; x_wconf 77' lang='grc' dir='ltr'><strong>ὁ)</strong></span> <span class='ocrx_word' id='word_1_567' title='bbox 2046 3693 2120 3748; x_wconf 81' lang='lat' dir='ltr'><strong>Re</strong></span> <span class='ocrx_word' id='word_1_568' title='bbox 2147 3706 2459 3751; x_wconf 88' lang='lat' dir='ltr'><strong>remanente</strong></span> <span class='ocrx_word' id='word_1_569' title='bbox 2499 3695 2688 3752; x_wconf 87' lang='lat' dir='ltr'><strong>eadem</strong></span> <span class='ocrx_word' id='word_1_570' title='bbox 2730 3694 3118 3766; x_wconf 78' lang='lat' dir='ltr'><strong>signiﬁcatione</strong></span> <span class='ocrx_word' id='word_1_571' title='bbox 3159 3691 3393 3766; x_wconf 70' lang='lat' dir='ltr'><strong>anigitur</strong></span> <span class='ocrx_word' id='word_1_572' title='bbox 3425 3709 3442 3748; x_wconf 83' lang='lat'><strong>:</strong></span> 
     </span>
    </p>
   </div>
   <div class='ocr_carea' id='block_1_87' title="bbox 1869 3768 2928 3859">
    <p class='ocr_par' dir='ltr' id='par_1_87' title="bbox 1869 3768 2928 3859">
     <span class='ocr_line' id='line_1_87' title="bbox 1869 3768 2928 3859; baseline 0.006 -22"><span class='ocrx_word' id='word_1_573' title='bbox 1869 3786 2039 3840; x_wconf 80' lang='lat' dir='ltr'><strong>wadre</strong></span> <span class='ocrx_word' id='word_1_574' title='bbox 2064 3801 2190 3856; x_wconf 91' lang='lat' dir='ltr'><strong>quo,</strong></span> <span class='ocrx_word' id='word_1_575' title='bbox 2213 3768 2426 3859; x_wconf 69' lang='lat' dir='ltr'><strong>jatndre</strong></span> <span class='ocrx_word' id='word_1_576' title='bbox 2455 3788 2603 3854; x_wconf 90' lang='lat' dir='ltr'><strong>illuc,</strong></span> <span class='ocrx_word' id='word_1_577' title='bbox 2633 3788 2782 3844; x_wconf 71' lang='lat' dir='ltr'><strong>hiare</strong></span> <span class='ocrx_word' id='word_1_578' title='bbox 2805 3789 2928 3846; x_wconf 87' lang='lat' dir='ltr'><strong>huc.</strong></span> 
     </span>
    </p>
   </div>
   <div class='ocr_carea' id='block_1_88' title="bbox 1939 3876 3441 3950">
    <p class='ocr_par' dir='ltr' id='par_1_88' title="bbox 1939 3876 3441 3950">
     <span class='ocr_line' id='line_1_88' title="bbox 1939 3876 3441 3950; baseline 0.002 -19"><span class='ocrx_word' id='word_1_579' title='bbox 1939 3877 1996 3940; x_wconf 76' lang='lat'><strong>5)</strong></span> <span class='ocrx_word' id='word_1_580' title='bbox 2031 3876 2272 3948; x_wconf 86' lang='lat' dir='ltr'><strong>Denique</strong></span> <span class='ocrx_word' id='word_1_581' title='bbox 2312 3889 2516 3933; x_wconf 89' lang='lat' dir='ltr'><strong>motum</strong></span> <span class='ocrx_word' id='word_1_582' title='bbox 2547 3879 2614 3935; x_wconf 88' lang='lat' dir='ltr'><strong>ab</strong></span> <span class='ocrx_word' id='word_1_583' title='bbox 2656 3881 2837 3950; x_wconf 85' lang='lat' dir='ltr'><strong>aliquo</strong></span> <span class='ocrx_word' id='word_1_584' title='bbox 2867 3880 2987 3934; x_wconf 90' lang='lat' dir='ltr'><strong>loco</strong></span> <span class='ocrx_word' id='word_1_585' title='bbox 3016 3878 3215 3934; x_wconf 80' lang='lat' dir='ltr'><strong>indicat</strong></span> <span class='ocrx_word' id='word_1_586' title='bbox 3256 3879 3441 3934; x_wconf 79' lang='lat' dir='ltr'><strong>termi-</strong></span> 
     </span>
    </p>
   </div>
   <div class='ocr_carea' id='block_1_89' title="bbox 1871 3959 3440 4046">
    <p class='ocr_par' dir='ltr' id='par_1_89' title="bbox 1871 3959 3440 4046">
     <span class='ocr_line' id='line_1_89' title="bbox 1871 3959 3440 4046; baseline 0.003 -23"><span class='ocrx_word' id='word_1_587' title='bbox 1871 3967 2017 4023; x_wconf 91' lang='lat' dir='ltr'><strong>natio</strong></span> <span class='ocrx_word' id='word_1_588' title='bbox 2039 3967 2144 4041; x_wconf 68' lang='lat' dir='ltr'><strong>pro</strong></span> <span class='ocrx_word' id='word_1_589' title='bbox 2177 3959 2198 4024; x_wconf 56' lang='grc' dir='ltr'><strong><em>ε’</em></strong></span> <span class='ocrx_word' id='word_1_590' title='bbox 2222 3970 2406 4041; x_wconf 77' lang='grc' dir='ltr'><strong>ιυαρνο</strong></span> <span class='ocrx_word' id='word_1_591' title='bbox 2437 3972 2599 4039; x_wconf 89' lang='lat' dir='ltr'><strong>unde,</strong></span> <span class='ocrx_word' id='word_1_592' title='bbox 2624 3973 2810 4044; x_wconf 66' lang='grc' dir='ltr'><strong>Ι)αρτο</strong></span> <span class='ocrx_word' id='word_1_593' title='bbox 2833 3972 2979 4042; x_wconf 86' lang='lat' dir='ltr'><strong>hinc,</strong></span> <span class='ocrx_word' id='word_1_594' title='bbox 3011 3973 3228 4046; x_wconf 68' lang='lat' dir='ltr'><strong>jaiupro</strong></span> <span class='ocrx_word' id='word_1_595' title='bbox 3272 3973 3440 4039; x_wconf 89' lang='lat' dir='ltr'><strong>illinc,</strong></span> 
     </span>
    </p>
   </div>
   <div class='ocr_carea' id='block_1_90' title="bbox 1865 4059 3443 4135">
    <p class='ocr_par' dir='ltr' id='par_1_90' title="bbox 1865 4059 3443 4135">
     <span class='ocr_line' id='line_1_90' title="bbox 1865 4059 3443 4135; baseline 0.004 -22"><span class='ocrx_word' id='word_1_596' title='bbox 1865 4059 2062 4131; x_wconf 70' lang='grc' dir='ltr'>ιιιαρνο</span> <span class='ocrx_word' id='word_1_597' title='bbox 2083 4061 2151 4115; x_wconf 89' lang='lat' dir='ltr'><strong>de</strong></span> <span class='ocrx_word' id='word_1_598' title='bbox 2179 4060 2330 4129; x_wconf 84' lang='lat' dir='ltr'><strong>foris,</strong></span> <span class='ocrx_word' id='word_1_599' title='bbox 2362 4061 2596 4134; x_wconf 69' lang='lat' dir='ltr'><strong>innnpro</strong></span> <span class='ocrx_word' id='word_1_600' title='bbox 2621 4063 2689 4118; x_wconf 82' lang='lat' dir='ltr'><strong>ab</strong></span> <span class='ocrx_word' id='word_1_601' title='bbox 2718 4066 2876 4128; x_wconf 89' lang='lat' dir='ltr'><strong>intus,</strong></span> <span class='ocrx_word' id='word_1_602' title='bbox 2903 4064 3137 4135; x_wconf 74' lang='lat' dir='ltr'><strong>iupapro</strong></span> <span class='ocrx_word' id='word_1_603' title='bbox 3165 4064 3233 4120; x_wconf 91' lang='lat' dir='ltr'><strong>de</strong></span> <span class='ocrx_word' id='word_1_604' title='bbox 3262 4079 3443 4134; x_wconf 87' lang='lat' dir='ltr'><strong>superI</strong></span> 
     </span>
    </p>
   </div>
   <div class='ocr_carea' id='block_1_91' title="bbox 1867 4151 3440 4231">
    <p class='ocr_par' dir='ltr' id='par_1_91' title="bbox 1867 4151 3440 4231">
     <span class='ocr_line' id='line_1_91' title="bbox 1867 4151 3440 4231; baseline 0.004 -25"><span class='ocrx_word' id='word_1_605' title='bbox 1867 4151 2096 4223; x_wconf 75' lang='lat' dir='ltr'><strong>dalapro</strong></span> <span class='ocrx_word' id='word_1_606' title='bbox 2145 4153 2214 4208; x_wconf 87' lang='lat' dir='ltr'><strong>ab</strong></span> <span class='ocrx_word' id='word_1_607' title='bbox 2260 4154 2428 4222; x_wconf 83' lang='lat' dir='ltr'><strong>infra,</strong></span> <span class='ocrx_word' id='word_1_608' title='bbox 2481 4156 2750 4228; x_wconf 70' lang='lat' dir='ltr'><strong>fnirrapro</strong></span> <span class='ocrx_word' id='word_1_609' title='bbox 2795 4173 2825 4212; x_wconf 90' lang='lat' dir='ltr'><strong>a</strong></span> <span class='ocrx_word' id='word_1_610' title='bbox 2868 4155 3188 4228; x_wconf 71' lang='lat' dir='ltr'><strong>longinquo,</strong></span> <span class='ocrx_word' id='word_1_611' title='bbox 3223 4157 3440 4231; x_wconf 70' lang='lat' dir='ltr'><strong>afjapre</strong></span> 
     </span>
    </p>
   </div>
   <div class='ocr_carea' id='block_1_92' title="bbox 1868 4246 2910 4319">
    <p class='ocr_par' dir='ltr' id='par_1_92' title="bbox 1868 4246 2910 4319">
     <span class='ocr_line' id='line_1_92' title="bbox 1868 4246 2910 4319; baseline 0.003 -19"><span class='ocrx_word' id='word_1_612' title='bbox 1868 4246 2104 4311; x_wconf 89' lang='lat' dir='ltr'><strong>aliunde,</strong></span> <span class='ocrx_word' id='word_1_613' title='bbox 2127 4246 2338 4319; x_wconf 72' lang='lat' dir='ltr'><strong>allapru</strong></span> <span class='ocrx_word' id='word_1_614' title='bbox 2365 4249 2616 4319; x_wconf 87' lang='lat' dir='ltr'><strong>undique.</strong></span> <span class='ocrx_word' id='word_1_615' title='bbox 2902 4255 2910 4261; x_wconf 87' lang='lat'>&#39;</span> 
     </span>
    </p>
   </div>
   <div class='ocr_carea' id='block_1_93' title="bbox 1946 4342 3442 4400">
    <p class='ocr_par' dir='ltr' id='par_1_93' title="bbox 1946 4342 3442 4400">
     <span class='ocr_line' id='line_1_93' title="bbox 1946 4342 3442 4400; baseline 0.004 -6"><span class='ocrx_word' id='word_1_616' title='bbox 1946 4359 1967 4394; x_wconf 73' lang='grc' dir='ltr'><strong>ι</strong></span> <span class='ocrx_word' id='word_1_617' title='bbox 1998 4343 2309 4398; x_wconf 81' lang='lat' dir='ltr'><strong>Annotatio.</strong></span> <span class='ocrx_word' id='word_1_618' title='bbox 2342 4371 2415 4384; x_wconf 92' lang='lat'><strong>-—</strong></span> <span class='ocrx_word' id='word_1_619' title='bbox 2444 4343 2498 4396; x_wconf 86' lang='lat' dir='ltr'><strong>In</strong></span> <span class='ocrx_word' id='word_1_620' title='bbox 2528 4343 2672 4398; x_wconf 81' lang='lat' dir='ltr'><strong>nulla</strong></span> <span class='ocrx_word' id='word_1_621' title='bbox 2716 4342 2904 4399; x_wconf 82' lang='lat' dir='ltr'><strong>harum</strong></span> <span class='ocrx_word' id='word_1_622' title='bbox 2930 4343 3184 4400; x_wconf 76' lang='lat' dir='ltr'><strong>classium</strong></span> <span class='ocrx_word' id='word_1_623' title='bbox 3207 4343 3442 4400; x_wconf 83' lang='lat' dir='ltr'><strong>ordinari</strong></span> 
     </span>
    </p>
   </div>
   <div class='ocr_carea' id='block_1_94' title="bbox 1869 4436 3442 4509">
    <p class='ocr_par' dir='ltr' id='par_1_94' title="bbox 1869 4436 3442 4509">
     <span class='ocr_line' id='line_1_94' title="bbox 1869 4436 3442 4509; baseline 0.003 -19"><span class='ocrx_word' id='word_1_624' title='bbox 1869 4436 2046 4506; x_wconf 87' lang='lat' dir='ltr'><strong>potuit</strong></span> <span class='ocrx_word' id='word_1_625' title='bbox 2081 4437 2348 4508; x_wconf 73' lang='lat' dir='ltr'><strong>bisunjane</strong></span> <span class='ocrx_word' id='word_1_626' title='bbox 2375 4436 2598 4503; x_wconf 88' lang='lat' dir='ltr'><strong>circum,</strong></span> <span class='ocrx_word' id='word_1_627' title='bbox 2623 4437 2940 4494; x_wconf 78' lang='lat' dir='ltr'><strong>formatione</strong></span> <span class='ocrx_word' id='word_1_628' title='bbox 2969 4437 3127 4491; x_wconf 82' lang='lat' dir='ltr'><strong>simul</strong></span> <span class='ocrx_word' id='word_1_629' title='bbox 3155 4447 3210 4492; x_wconf 91' lang='lat' dir='ltr'><strong>et</strong></span> <span class='ocrx_word' id='word_1_630' title='bbox 3237 4436 3442 4509; x_wconf 63' lang='lat' dir='ltr'><strong>origine</strong></span> 
     </span>
    </p>
   </div>
   <div class='ocr_carea' id='block_1_95' title="bbox 1867 4526 3442 4601">
    <p class='ocr_par' dir='ltr' id='par_1_95' title="bbox 1867 4526 3442 4601">
     <span class='ocr_line' id='line_1_95' title="bbox 1867 4526 3442 4601; baseline 0.001 -17"><span class='ocrx_word' id='word_1_631' title='bbox 1867 4526 2176 4584; x_wconf 90' lang='lat' dir='ltr'><strong>obscurum.</strong></span> <span class='ocrx_word' id='word_1_632' title='bbox 2217 4529 2521 4584; x_wconf 83' lang='lat' dir='ltr'><strong>Secundum</strong></span> <span class='ocrx_word' id='word_1_633' title='bbox 2556 4530 2780 4584; x_wconf 81' lang='lat' dir='ltr'><strong>formam</strong></span> <span class='ocrx_word' id='word_1_634' title='bbox 2824 4530 3091 4601; x_wconf 73' lang='lat' dir='ltr'><strong>genitivus</strong></span> <span class='ocrx_word' id='word_1_635' title='bbox 3140 4531 3279 4600; x_wconf 89' lang='lat' dir='ltr'><strong>plur.</strong></span> <span class='ocrx_word' id='word_1_636' title='bbox 3323 4544 3442 4586; x_wconf 82' lang='lat' dir='ltr'><strong>esse</strong></span> 
     </span>
    </p>
   </div>
   <div class='ocr_carea' id='block_1_96' title="bbox 1865 4621 3442 4692">
    <p class='ocr_par' dir='ltr' id='par_1_96' title="bbox 1865 4621 3442 4692">
     <span class='ocr_line' id='line_1_96' title="bbox 1865 4621 3442 4692; baseline -0.002 -15"><span class='ocrx_word' id='word_1_637' title='bbox 1865 4622 2110 4690; x_wconf 90' lang='lat' dir='ltr'><strong>videtur,</strong></span> <span class='ocrx_word' id='word_1_638' title='bbox 2156 4633 2249 4676; x_wconf 88' lang='lat' dir='ltr'><strong>aut</strong></span> <span class='ocrx_word' id='word_1_639' title='bbox 2277 4624 2466 4678; x_wconf 84' lang='lat' dir='ltr'><strong>saltem</strong></span> <span class='ocrx_word' id='word_1_640' title='bbox 2499 4622 2624 4678; x_wconf 83' lang='lat' dir='ltr'><strong>huic</strong></span> <span class='ocrx_word' id='word_1_641' title='bbox 2652 4623 2983 4692; x_wconf 86' lang='lat' dir='ltr'><strong>respondere</strong></span> <span class='ocrx_word' id='word_1_642' title='bbox 3015 4623 3129 4678; x_wconf 86' lang='lat' dir='ltr'><strong>sive</strong></span> <span class='ocrx_word' id='word_1_643' title='bbox 3171 4621 3442 4691; x_wconf 73' lang='lat' dir='ltr'><strong>signiﬁca-</strong></span> 
     </span>
    </p>
   </div>
   <div class='ocr_carea' id='block_1_97' title="bbox 1870 4711 3436 4784">
    <p class='ocr_par' dir='ltr' id='par_1_97' title="bbox 1870 4711 3436 4784">
     <span class='ocr_line' id='line_1_97' title="bbox 1870 4711 3436 4784; baseline -0.002 -17"><span class='ocrx_word' id='word_1_644' title='bbox 1870 4713 2014 4770; x_wconf 89' lang='lat' dir='ltr'><strong>tione</strong></span> <span class='ocrx_word' id='word_1_645' title='bbox 2043 4714 2158 4771; x_wconf 88' lang='lat' dir='ltr'><strong>sive</strong></span> <span class='ocrx_word' id='word_1_646' title='bbox 2185 4714 2697 4782; x_wconf 85' lang='lat' dir='ltr'><strong>eonstructionibus,</strong></span> <span class='ocrx_word' id='word_1_647' title='bbox 2730 4714 2786 4770; x_wconf 90' lang='lat' dir='ltr'><strong>in</strong></span> <span class='ocrx_word' id='word_1_648' title='bbox 2815 4713 3007 4784; x_wconf 87' lang='lat' dir='ltr'><strong>quibus</strong></span> <span class='ocrx_word' id='word_1_649' title='bbox 3055 4711 3314 4778; x_wconf 87' lang='lat' dir='ltr'><strong>occurrit,</strong></span> <span class='ocrx_word' id='word_1_650' title='bbox 3347 4725 3436 4766; x_wconf 91' lang='lat' dir='ltr'><strong>ex.</strong></span> 
     </span>
    </p>
   </div>
   <div class='ocr_carea' id='block_1_98' title="bbox 1863 4804 3439 4879">
    <p class='ocr_par' dir='ltr' id='par_1_98' title="bbox 1863 4804 3439 4879">
     <span class='ocr_line' id='line_1_98' title="bbox 1863 4804 3439 4879; baseline -0.003 -19"><span class='ocrx_word' id='word_1_651' title='bbox 1863 4821 1943 4876; x_wconf 77' lang='lat' dir='ltr'><strong>gr.</strong></span> <span class='ocrx_word' id='word_1_652' title='bbox 1980 4821 1996 4861; x_wconf 88' lang='lat'><strong>:</strong></span> <span class='ocrx_word' id='word_1_653' title='bbox 2025 4806 2127 4862; x_wconf 81' lang='lat' dir='ltr'><strong>Mc.</strong></span> <span class='ocrx_word' id='word_1_654' title='bbox 2156 4822 2236 4874; x_wconf 85' lang='grc' dir='ltr'><strong>ιιι,</strong></span> <span class='ocrx_word' id='word_1_655' title='bbox 2267 4806 2336 4862; x_wconf 70' lang='grc' dir='ltr'>δι</span> <span class='ocrx_word' id='word_1_656' title='bbox 2364 4807 2606 4862; x_wconf 75' lang='lat' dir='ltr'><strong>bisaiwau</strong></span> <span class='ocrx_word' id='word_1_657' title='bbox 2635 4808 2903 4879; x_wconf 79' lang='lat' dir='ltr'><strong>bisuujane</strong></span> <span class='ocrx_word' id='word_1_658' title='bbox 2927 4805 3132 4860; x_wconf 85' lang='lat' dir='ltr'><strong>circum</strong></span> <span class='ocrx_word' id='word_1_659' title='bbox 3163 4804 3404 4874; x_wconf 83' lang='lat' dir='ltr'><strong>aspicere</strong></span> <span class='ocrx_word' id='word_1_660' title='bbox 3423 4841 3439 4867; x_wconf 91' lang='lat'><strong>,</strong></span> 
     </span>
    </p>
   </div>
   <div class='ocr_carea' id='block_1_99' title="bbox 1864 4897 3438 4972">
    <p class='ocr_par' dir='ltr' id='par_1_99' title="bbox 1864 4897 3438 4972">
     <span class='ocr_line' id='line_1_99' title="bbox 1864 4897 3438 4972; baseline -0.006 -18"><span class='ocrx_word' id='word_1_661' title='bbox 1864 4898 2001 4954; x_wconf 88' lang='lat' dir='ltr'><strong>Neh.</strong></span> <span class='ocrx_word' id='word_1_662' title='bbox 2024 4915 2078 4966; x_wconf 92' lang='lat' dir='ltr'><strong>v,</strong></span> <span class='ocrx_word' id='word_1_663' title='bbox 2097 4899 2190 4966; x_wconf 82' lang='lat' dir='ltr'><strong>l1;</strong></span> <span class='ocrx_word' id='word_1_664' title='bbox 2219 4915 2291 4967; x_wconf 78' lang='lat' dir='ltr'><strong>vx,</strong></span> <span class='ocrx_word' id='word_1_665' title='bbox 2318 4900 2383 4956; x_wconf 79' lang='grc'><strong>16</strong></span> <span class='ocrx_word' id='word_1_666' title='bbox 2405 4899 2503 4970; x_wconf 76' lang='lat' dir='ltr'><strong>[mi</strong></span> <span class='ocrx_word' id='word_1_667' title='bbox 2525 4900 2794 4972; x_wconf 77' lang='lat' dir='ltr'><strong>bisunjane</strong></span> <span class='ocrx_word' id='word_1_668' title='bbox 2815 4899 2957 4960; x_wconf 74' lang='lat' dir='ltr'><strong>uasis</strong></span> <span class='ocrx_word' id='word_1_669' title='bbox 2978 4897 3030 4952; x_wconf 86' lang='lat' dir='ltr'><strong>hi</strong></span> <span class='ocrx_word' id='word_1_670' title='bbox 3051 4898 3254 4955; x_wconf 81' lang='lat' dir='ltr'><strong>circum</strong></span> <span class='ocrx_word' id='word_1_671' title='bbox 3275 4908 3395 4954; x_wconf 79' lang='lat' dir='ltr'><strong>nos.</strong></span> <span class='ocrx_word' id='word_1_672' title='bbox 3419 4910 3438 4945; x_wconf 78' lang='grc' dir='ltr'><strong>ι</strong></span> 
     </span>
    </p>
   </div>
   <div class='ocr_carea' id='block_1_100' title="bbox 977 4982 2635 5062">
    <p class='ocr_par' dir='ltr' id='par_1_100' title="bbox 977 4982 2635 5062">
     <span class='ocr_line' id='line_1_100' title="bbox 977 4982 2635 5062; baseline 0.005 -24"><span class='ocrx_word' id='word_1_673' title='bbox 977 4982 1095 5038; x_wconf 83' lang='lat' dir='ltr'><strong>Jam</strong></span> <span class='ocrx_word' id='word_1_674' title='bbox 1125 4999 1253 5041; x_wconf 90' lang='lat' dir='ltr'><strong>vero</strong></span> <span class='ocrx_word' id='word_1_675' title='bbox 1282 4987 1459 5041; x_wconf 89' lang='lat' dir='ltr'><strong>omnia</strong></span> <span class='ocrx_word' id='word_1_676' title='bbox 1491 4987 1589 5044; x_wconf 91' lang='lat' dir='ltr'><strong>loci</strong></span> <span class='ocrx_word' id='word_1_677' title='bbox 1618 4988 1872 5047; x_wconf 88' lang='lat' dir='ltr'><strong>adverbia</strong></span> <span class='ocrx_word' id='word_1_678' title='bbox 1900 5007 2132 5062; x_wconf 84' lang='lat' dir='ltr'><strong>sequens</strong></span> <span class='ocrx_word' id='word_1_679' title='bbox 2165 4992 2344 5048; x_wconf 87' lang='lat' dir='ltr'><strong>tabula</strong></span> <span class='ocrx_word' id='word_1_680' title='bbox 2372 4992 2590 5049; x_wconf 85' lang='lat' dir='ltr'><strong>exhibet</strong></span> <span class='ocrx_word' id='word_1_681' title='bbox 2618 5008 2635 5046; x_wconf 88' lang='lat'><strong>:</strong></span> 
     </span>
    </p>
   </div>
   <div class='ocr_carea' id='block_1_101' title="bbox 157 5073 1512 5142">
    <p class='ocr_par' dir='ltr' id='par_1_101' title="bbox 157 5073 1512 5142">
     <span class='ocr_line' id='line_1_101' title="bbox 157 5073 1512 5142; baseline 0.008 -16"><span class='ocrx_word' id='word_1_682' title='bbox 157 5073 326 5142; x_wconf 84' lang='lat' dir='ltr'><strong>Quo?</strong></span> <span class='ocrx_word' id='word_1_683' title='bbox 587 5076 716 5131; x_wconf 72' lang='lat' dir='ltr'><strong>ubi?</strong></span> <span class='ocrx_word' id='word_1_684' title='bbox 971 5078 1095 5134; x_wconf 84' lang='lat' dir='ltr'><strong>ubi?</strong></span> <span class='ocrx_word' id='word_1_685' title='bbox 1384 5083 1512 5138; x_wconf 82' lang='lat' dir='ltr'><strong>ubi?</strong></span> 
     </span>
    </p>
   </div>
   <div class='ocr_carea' id='block_1_102' title="bbox 158 5171 1459 5242">
    <p class='ocr_par' dir='ltr' id='par_1_102' title="bbox 158 5171 1459 5242">
     <span class='ocr_line' id='line_1_102' title="bbox 158 5171 1459 5242; baseline -0.002 -19"><span class='ocrx_word' id='word_1_686' title='bbox 158 5175 292 5242; x_wconf 74' lang='lat' dir='ltr'><strong>{aur</strong></span> <span class='ocrx_word' id='word_1_687' title='bbox 590 5171 741 5238; x_wconf 68' lang='lat' dir='ltr'><strong>{aura</strong></span> <span class='ocrx_word' id='word_1_688' title='bbox 971 5201 1045 5213; x_wconf 92' lang='lat'><strong>—</strong></span> <span class='ocrx_word' id='word_1_689' title='bbox 1389 5207 1459 5220; x_wconf 85' lang='grc'><strong>..-</strong></span> 
     </span>
    </p>
   </div>
   <div class='ocr_carea' id='block_1_103' title="bbox 153 5271 1544 5343">
    <p class='ocr_par' dir='ltr' id='par_1_103' title="bbox 153 5271 1544 5343">
     <span class='ocr_line' id='line_1_103' title="bbox 153 5271 1544 5343; baseline 0.007 -26"><span class='ocrx_word' id='word_1_690' title='bbox 153 5295 242 5308; x_wconf 85' lang='lat'><strong>-——</strong></span> <span class='ocrx_word' id='word_1_691' title='bbox 588 5272 699 5336; x_wconf 69' lang='grc' dir='ltr'><em>αμα</em></span> <span class='ocrx_word' id='word_1_692' title='bbox 968 5271 1084 5340; x_wconf 82' lang='lat' dir='ltr'><strong>afar</strong></span> <span class='ocrx_word' id='word_1_693' title='bbox 1379 5273 1544 5343; x_wconf 71' lang='grc' dir='ltr'><strong>ηραν-ο</strong></span> 
     </span>
    </p>
   </div>
   <div class='ocr_carea' id='block_1_104' title="bbox 152 5365 1450 5432">
    <p class='ocr_par' dir='ltr' id='par_1_104' title="bbox 152 5365 1450 5432">
     <span class='ocr_line' id='line_1_104' title="bbox 152 5365 1450 5432; baseline 0 -15"><span class='ocrx_word' id='word_1_694' title='bbox 152 5365 262 5429; x_wconf 74' lang='lat' dir='ltr'><strong>iup</strong></span> <span class='ocrx_word' id='word_1_695' title='bbox 585 5365 712 5432; x_wconf 76' lang='lat' dir='ltr'><strong>iupa</strong></span> <span class='ocrx_word' id='word_1_696' title='bbox 961 5396 1033 5408; x_wconf 89' lang='lat'><strong>--</strong></span> <span class='ocrx_word' id='word_1_697' title='bbox 1377 5397 1450 5410; x_wconf 91' lang='lat'><strong><em>—</em></strong></span> 
     </span>
    </p>
   </div>
   <div class='ocr_carea' id='block_1_105' title="bbox 155 5456 1457 5529">
    <p class='ocr_par' dir='ltr' id='par_1_105' title="bbox 155 5456 1457 5529">
     <span class='ocr_line' id='line_1_105' title="bbox 155 5456 1457 5529; baseline -0.007 -17"><span class='ocrx_word' id='word_1_698' title='bbox 155 5482 240 5495; x_wconf 85' lang='lat'><strong>--</strong></span> <span class='ocrx_word' id='word_1_699' title='bbox 586 5456 790 5529; x_wconf 59' lang='lat' dir='ltr'><strong>datalia</strong></span> <span class='ocrx_word' id='word_1_700' title='bbox 966 5487 1038 5504; x_wconf 67' lang='grc'><strong>.-</strong></span> <span class='ocrx_word' id='word_1_701' title='bbox 1386 5492 1457 5503; x_wconf 93' lang='lat'><strong>_</strong></span> 
     </span>
    </p>
   </div>
   <div class='ocr_carea' id='block_1_106' title="bbox 161 5552 1453 5601">
    <p class='ocr_par' dir='ltr' id='par_1_106' title="bbox 161 5552 1453 5601">
     <span class='ocr_line' id='line_1_106' title="bbox 161 5552 1453 5601; baseline -0.001 -5"><span class='ocrx_word' id='word_1_702' title='bbox 161 5552 222 5596; x_wconf 78' lang='lat' dir='ltr'><strong>Iit</strong></span> <span class='ocrx_word' id='word_1_703' title='bbox 587 5553 673 5601; x_wconf 71' lang='lat' dir='ltr'><strong>uta</strong></span> <span class='ocrx_word' id='word_1_704' title='bbox 964 5578 1035 5591; x_wconf 87' lang='lat'><strong>—-</strong></span> <span class='ocrx_word' id='word_1_705' title='bbox 1384 5583 1453 5595; x_wconf 91' lang='grc'><strong>..-</strong></span> 
     </span>
    </p>
   </div>
   <div class='ocr_carea' id='block_1_107' title="bbox 160 5640 1452 5696">
    <p class='ocr_par' dir='ltr' id='par_1_107' title="bbox 160 5640 1452 5696">
     <span class='ocr_line' id='line_1_107' title="bbox 160 5640 1452 5696; baseline 0.007 -3"><span class='ocrx_word' id='word_1_706' title='bbox 160 5640 258 5693; x_wconf 75' lang='grc' dir='ltr'><strong>Ξηη</strong></span> <span class='ocrx_word' id='word_1_707' title='bbox 585 5642 710 5696; x_wconf 82' lang='lat' dir='ltr'><strong>inna</strong></span> <span class='ocrx_word' id='word_1_708' title='bbox 962 5673 1035 5686; x_wconf 90' lang='lat'><strong>——</strong></span> <span class='ocrx_word' id='word_1_709' title='bbox 1380 5675 1452 5690; x_wconf 83' lang='lat'><strong>-——</strong></span> 
     </span>
    </p>
   </div>
   <div class='ocr_carea' id='block_1_108' title="bbox 91 5748 1450 5815">
    <p class='ocr_par' dir='ltr' id='par_1_108' title="bbox 91 5748 1450 5815">
     <span class='ocr_line' id='line_1_108' title="bbox 91 5748 1450 5815; baseline 0.004 -29"><span class='ocrx_word' id='word_1_710' title='bbox 91 5799 103 5815; x_wconf 54' lang='lat'><em>.</em></span> <span class='ocrx_word' id='word_1_711' title='bbox 163 5748 275 5786; x_wconf 79' lang='lat' dir='ltr'><strong>new</strong></span> <span class='ocrx_word' id='word_1_712' title='bbox 589 5753 728 5790; x_wconf 78' lang='grc' dir='ltr'><strong>ηειιά</strong></span> <span class='ocrx_word' id='word_1_713' title='bbox 959 5768 1032 5782; x_wconf 84' lang='grc'><strong>-</strong></span> <span class='ocrx_word' id='word_1_714' title='bbox 1381 5771 1450 5784; x_wconf 78' lang='lat'><strong>——-</strong></span> 
     </span>
    </p>
   </div>
   <div class='ocr_carea' id='block_1_109' title="bbox 157 5830 1452 5901">
    <p class='ocr_par' dir='ltr' id='par_1_109' title="bbox 157 5830 1452 5901">
     <span class='ocr_line' id='line_1_109' title="bbox 157 5830 1452 5901; baseline 0.009 -22"><span class='ocrx_word' id='word_1_715' title='bbox 157 5857 234 5872; x_wconf 78' lang='grc' dir='ltr'><strong>ο-</strong></span> <span class='ocrx_word' id='word_1_716' title='bbox 583 5830 748 5901; x_wconf 76' lang='lat' dir='ltr'><strong>{airra</strong></span> <span class='ocrx_word' id='word_1_717' title='bbox 964 5861 1037 5877; x_wconf 69' lang='grc' dir='ltr'><strong>-κ</strong></span> <span class='ocrx_word' id='word_1_718' title='bbox 1383 5865 1452 5874; x_wconf 94' lang='grc'><strong>-</strong></span> 
     </span>
    </p>
   </div>
   <div class='ocr_carea' id='block_1_110' title="bbox 151 5925 1453 6001">
    <p class='ocr_par' dir='ltr' id='par_1_110' title="bbox 151 5925 1453 6001">
     <span class='ocr_line' id='line_1_110' title="bbox 151 5925 1453 6001; baseline 0.002 -23"><span class='ocrx_word' id='word_1_719' title='bbox 151 5955 236 5971; x_wconf 84' lang='lat'><strong>-—-</strong></span> <span class='ocrx_word' id='word_1_720' title='bbox 585 5927 695 5998; x_wconf 86' lang='lat' dir='ltr'><strong>alja</strong></span> <span class='ocrx_word' id='word_1_721' title='bbox 966 5925 1105 6001; x_wconf 85' lang='lat' dir='ltr'><strong>aljar</strong></span> <span class='ocrx_word' id='word_1_722' title='bbox 1381 5955 1453 5974; x_wconf 86' lang='lat'><strong>--</strong></span> 
     </span>
    </p>
   </div>
   <div class='ocr_carea' id='block_1_111' title="bbox 1789 5087 1965 5141">
    <p class='ocr_par' dir='ltr' id='par_1_111' title="bbox 1789 5087 1965 5141">
     <span class='ocr_line' id='line_1_111' title="bbox 1789 5087 1965 5141; baseline 0.006 -1"><span class='ocrx_word' id='word_1_723' title='bbox 1789 5087 1965 5141; x_wconf 82' lang='lat' dir='ltr'><strong>unde?</strong></span> 
     </span>
    </p>
   </div>
   <div class='ocr_carea' id='block_1_112' title="bbox 1787 5567 1947 5611">
    <p class='ocr_par' dir='ltr' id='par_1_112' title="bbox 1787 5567 1947 5611">
     <span class='ocr_line' id='line_1_112' title="bbox 1787 5567 1947 5611; baseline -0.006 0"><span class='ocrx_word' id='word_1_724' title='bbox 1787 5567 1947 5611; x_wconf 82' lang='lat' dir='ltr'><strong>ulana</strong></span> 
     </span>
    </p>
   </div>
   <div class='ocr_carea' id='block_1_113' title="bbox 1785 5652 1980 5704">
    <p class='ocr_par' dir='ltr' id='par_1_113' title="bbox 1785 5652 1980 5704">
     <span class='ocr_line' id='line_1_113' title="bbox 1785 5652 1980 5704; baseline 0 0"><span class='ocrx_word' id='word_1_725' title='bbox 1785 5652 1980 5704; x_wconf 73' lang='lat' dir='ltr'><strong>innana</strong></span> 
     </span>
    </p>
   </div>
   <div class='ocr_carea' id='block_1_114' title="bbox 1779 5771 1849 5786">
    <p class='ocr_par' dir='ltr' id='par_1_114' title="bbox 1779 5771 1849 5786">
     <span class='ocr_line' id='line_1_114' title="bbox 1779 5771 1849 5786; baseline 0 0"><span class='ocrx_word' id='word_1_726' title='bbox 1779 5771 1849 5786; x_wconf 75' lang='lat'><strong><em>—</em></strong></span> 
     </span>
    </p>
   </div>
   <div class='ocr_carea' id='block_1_115' title="bbox 2188 5083 3188 5158">
    <p class='ocr_par' dir='ltr' id='par_1_115' title="bbox 2188 5083 3188 5158">
     <span class='ocr_line' id='line_1_115' title="bbox 2188 5083 3188 5158; baseline -0.002 -16"><span class='ocrx_word' id='word_1_727' title='bbox 2188 5089 2332 5158; x_wconf 72' lang='lat' dir='ltr'><strong>quo?</strong></span> <span class='ocrx_word' id='word_1_728' title='bbox 2594 5087 2736 5158; x_wconf 83' lang='lat' dir='ltr'><strong>quo?</strong></span> <span class='ocrx_word' id='word_1_729' title='bbox 3013 5083 3188 5141; x_wconf 72' lang='lat' dir='ltr'><strong>unde?</strong></span> 
     </span>
    </p>
   </div>
   <div class='ocr_carea' id='block_1_116' title="bbox 1783 5277 3085 5347">
    <p class='ocr_par' dir='ltr' id='par_1_116' title="bbox 1783 5277 3085 5347">
     <span class='ocr_line' id='line_1_116' title="bbox 1783 5277 3085 5347; baseline 0.002 -17"><span class='ocrx_word' id='word_1_730' title='bbox 1783 5277 1964 5347; x_wconf 78' lang='lat' dir='ltr'><strong>aftana</strong></span> <span class='ocrx_word' id='word_1_731' title='bbox 2171 5304 2243 5316; x_wconf 88' lang='lat'><strong>—</strong></span> <span class='ocrx_word' id='word_1_732' title='bbox 2586 5302 2658 5314; x_wconf 88' lang='lat'><strong>--</strong></span> <span class='ocrx_word' id='word_1_733' title='bbox 3012 5302 3085 5314; x_wconf 97' lang='lat'><strong>—</strong></span> 
     </span>
    </p>
   </div>
   <div class='ocr_carea' id='block_1_117' title="bbox 1776 5366 3230 5444">
    <p class='ocr_par' dir='ltr' id='par_1_117' title="bbox 1776 5366 3230 5444">
     <span class='ocr_line' id='line_1_117' title="bbox 1776 5366 3230 5444; baseline -0.004 -17"><span class='ocrx_word' id='word_1_734' title='bbox 1776 5373 1972 5444; x_wconf 74' lang='lat' dir='ltr'><strong>iupana</strong></span> <span class='ocrx_word' id='word_1_735' title='bbox 2165 5401 2237 5413; x_wconf 93' lang='lat'>—</span> <span class='ocrx_word' id='word_1_736' title='bbox 2574 5398 2648 5409; x_wconf 94' lang='lat'><strong>—</strong></span> <span class='ocrx_word' id='word_1_737' title='bbox 3000 5366 3230 5440; x_wconf 63' lang='lat' dir='ltr'><strong>iupapr&#39;o</strong></span> 
     </span>
    </p>
   </div>
   <div class='ocr_carea' id='block_1_118' title="bbox 2175 5465 3088 5538">
    <p class='ocr_par' dir='ltr' id='par_1_118' title="bbox 2175 5465 3088 5538">
     <span class='ocr_line' id='line_1_118' title="bbox 2175 5465 3088 5538; baseline 0.001 -18"><span class='ocrx_word' id='word_1_738' title='bbox 2175 5465 2342 5538; x_wconf 71' lang='lat' dir='ltr'><strong>dalal)</strong></span> <span class='ocrx_word' id='word_1_739' title='bbox 2577 5491 2652 5506; x_wconf 88' lang='lat'><strong>-—-</strong></span> <span class='ocrx_word' id='word_1_740' title='bbox 3017 5493 3088 5505; x_wconf 90' lang='lat'>—</span> 
     </span>
    </p>
   </div>
   <div class='ocr_carea' id='block_1_119' title="bbox 2175 5554 3206 5646">
    <p class='ocr_par' dir='ltr' id='par_1_119' title="bbox 2175 5554 3206 5646">
     <span class='ocr_line' id='line_1_119' title="bbox 2175 5554 3206 5646; baseline 0.011 -48"><span class='ocrx_word' id='word_1_741' title='bbox 2175 5589 2246 5598; x_wconf 90' lang='lat'><strong>_..</strong></span> <span class='ocrx_word' id='word_1_742' title='bbox 2583 5583 2658 5597; x_wconf 90' lang='grc'><strong>.-</strong></span> <span class='ocrx_word' id='word_1_743' title='bbox 3011 5563 3098 5609; x_wconf 83' lang='lat' dir='ltr'><strong>uta</strong></span> <span class='ocrx_word' id='word_1_744' title='bbox 3102 5554 3206 5646; x_wconf 68' lang='grc' dir='ltr'><strong>[πρ</strong></span> 
     </span>
    </p>
   </div>
   <div class='ocr_carea' id='block_1_120' title="bbox 2174 5646 3228 5719">
    <p class='ocr_par' dir='ltr' id='par_1_120' title="bbox 2174 5646 3228 5719">
     <span class='ocr_line' id='line_1_120' title="bbox 2174 5646 3228 5719; baseline 0.012 -27"><span class='ocrx_word' id='word_1_745' title='bbox 2174 5682 2242 5692; x_wconf 83' lang='lat'><strong>__</strong></span> <span class='ocrx_word' id='word_1_746' title='bbox 2580 5679 2651 5689; x_wconf 90' lang='grc'><strong>.-</strong></span> <span class='ocrx_word' id='word_1_747' title='bbox 3002 5646 3228 5719; x_wconf 70' lang='grc' dir='ltr'><strong>ἰηηαρνο</strong></span> 
     </span>
    </p>
   </div>
   <div class='ocr_carea' id='block_1_121' title="bbox 2175 5743 3286 5909">
    <p class='ocr_par' dir='ltr' id='par_1_121' title="bbox 2175 5743 3286 5909">
     <span class='ocr_line' id='line_1_121' title="bbox 2175 5743 3286 5909; baseline 0.003 -33"><span class='ocrx_word' id='word_1_748' title='bbox 2175 5743 2249 5876; x_wconf 67' lang='lat' dir='ltr'><strong>Z1</strong></span> <span class='ocrx_word' id='word_1_749' title='bbox 2583 5771 2659 5878; x_wconf 70' lang='grc' dir='ltr'><strong>’.ζ</strong></span> <span class='ocrx_word' id='word_1_750' title='bbox 3011 5772 3286 5909; x_wconf 47' lang='lat' dir='ltr'><strong>Lm,&quot;</strong></span> 
     </span>
    </p>
   </div>
   <div class='ocr_carea' id='block_1_122' title="bbox 2179 5927 3226 6003">
    <p class='ocr_par' dir='ltr' id='par_1_122' title="bbox 2179 5927 3226 6003">
     <span class='ocr_line' id='line_1_122' title="bbox 2179 5927 3226 6003; baseline 0.002 -21"><span class='ocrx_word' id='word_1_751' title='bbox 2179 5927 2333 6001; x_wconf 71' lang='grc' dir='ltr'><strong>αι]αρ</strong></span> <span class='ocrx_word' id='word_1_752' title='bbox 2580 5955 2655 5976; x_wconf 83' lang='lat'><strong>-—</strong></span> <span class='ocrx_word' id='word_1_753' title='bbox 3010 5929 3226 6003; x_wconf 70' lang='lat' dir='ltr'><strong>aljapro</strong></span> 
     </span>
    </p>
   </div>
  </div>
