3844 6554
593 398 723 462 1031

591 519 734 587 pado,
784 519 1039 596 ἐθνάρχης
1086 514 1465 587 Ῑαιεναιηαριεὶε
1492 511 1684 587 ῥὶυάο,
1717 519 2084 592 κοσμοκράτωρ
2112 533 2170 570 sa

591 611 770 682 {airwu
799 611 1052 676 habenda,
1081 607 1494 684 ἀνδραποδιστής
1549 625 1798 664 manuum
1853 608 2167 680 gapivands,

590 704 888 781 ἀνδροφόνος
932 720 1181 760 mannaus
1227 701 1628 773 maurpriands,
1680 705 1988 780 πατραλςξέης
2027 712 2171 756 attan

587 797 906 869 Miggvands,
942 798 1242 874 μητραλῴης
1283 795 1462 868 uipein
1490 796 1804 870 bliggvands,
1838 796 2172 870 ὀφθαλμοδου-

587 890 694 947 λεία
739 895 792 945 in
825 907 1012 964 augam
1053 891 1338 956 siml/sinon,
1370 891 1630 945 θεοσέϐεια
1657 889 1768 962 gul)
1817 891 2018 956 blotan;
2044 891 2168 946 coll.

588 981 841 1040 εἰδωλεῖον
881 985 1082 1056 galiuge
1130 981 1282 1054 staps
1326 983 1467 1053 (cum
1512 982 1926 1054 lukarnastaps),
1970 986 2173 1056 γενέσια

589 1074 688 1127 mel
727 1073 1046 1146 gubaurpais
1077 1073 1220 1145 (cum
1265 1072 1732 1145 gabaurlrivaurd),
1771 1075 2009 1148 ῥάπισμα
2035 1076 2172 1128 sla/is

587 1165 738 1237 loﬁn,
779 1167 906 1228 πέδη
934 1169 1104 1223 eisam
1142 1167 1192 1222 bi
1229 1168 1404 1238 [omns
1441 1169 1679 1240 gabugan
1712 1172 1789 1240 (et
1825 1169 1986 1224 etiam
2031 1173 2170 1240 fotu-

587 1259 789 1331 bandi).
824 1280 843 1313 ι

657 1352 735 1425 cc)
769 1353 824 1407 ln
853 1363 1099 1424 respectu
1133 1355 1551 1425 praepositionali
1584 1373 1596 1410 :

664 1463 685 1496 ε
719 1446 1004 1505 ’Ϊπολήνιον
1032 1447 1120 1500 da!
1143 1451 1208 1517 uf
1239 1463 1399 1515 mesa,
1428 1452 1728 1525 περίχωρος
1755 1444 1886 1518 pata
1910 1447 2174 1521 bisunjane

589 1541 735 1608 land,
765 1544 1039 1614 προαύλιον
1067 1544 1184 1613 [αω-
1209 1544 1360 1614 gard,
1390 1544 1627 1620 ἐπαύριον
1645 1545 1829 1615 iftuma
1858 1543 2004 1616 dags.
2041 1563 2061 1596 ε

654 1635 745 1706 dd)
776 1635 832 1689 In
860 1646 1104 1706 reSpectu
1132 1639 1451 1693 correlativo
1483 1654 1498 1693 :

661 1746 680 1780 ε
725 1732 1062 1806 Νυχθήμερον
1089 1730 1326 1802 nalttjah
1357 1733 1478 1803 dag.
1501 1751 1520 1784 ε

653 1822 709 1891 b)
741 1823 1161 1893 Adjectivorum.

650 1914 739 1984 aa)
771 1915 1023 1982 Quamvis
1053 1915 1260 1970 Gothus
1305 1939 1341 1973 α
1388 1917 1705 1987 privativum
1755 1917 1871 1973 sive
1919 1933 2014 1988 per
2041 1935 2166 1984 un-,

581 2007 694 2062 sive
737 2022 834 2076 per
858 2007 1000 2061 -laus
1045 2017 1342 2075 convertat,
1373 2009 1587 2078 quidam
1618 2018 1742 2063 sunt
1781 2017 1956 2065 tamen
1987 2025 2165 2077 casus,

582 2098 636 2153 in
665 2099 859 2168 quibus
889 2098 1015 2154 illud
1037 2100 1483 2156 circumscribere
1516 2102 1749 2168 praefert.

661 2208 680 2240 ε
702 2188 790 2245 Sic
810 2192 1209 2262 ἀμεταμέλητος,
1225 2190 1380 2246 Rom.
1403 2207 1476 2256 XI,
1499 2192 1590 2258 ‘29,
1606 2194 1698 2245 inu
1723 2192 1936 2263 idreiga,
1961 2194 2170 2270 ἀφιλάρ-

580 2301 754 2357 γυρος,
807 2281 948 2337 Tim.
981 2282 1022 2350 Ι,
1055 2298 1129 2348 ut,
1163 2285 1196 2338 5
1237 2285 1290 2336 ni
1322 2283 1620 2353 faihufriks,
1654 2281 1838 2357 ἄνομος
1867 2283 1990 2340 Cor.
2016 2285 2056 2352 l,
2088 2301 2164 2353 ιι,

581 2378 640 2432 21
676 2375 859 2431 vitodis
880 2377 991 2431 laus
1012 2377 1091 2447 (et
1111 2377 1271 2432 etiam
1295 2376 1419 2431 alibi
1443 2386 1751 2452 usurpatum
1780 2377 2112 2450 vitodalaus).
2139 2397 2160 2431 ε

651 2468 736 2540 bb)
763 2471 1017 2538 Quzedam
1052 2471 1323 2543 atljcctiva
1355 2488 1419 2527 ex
1460 2474 1932 2543 prccpqositionibtis
1959 2484 2014 2532 et
2040 2476 2168 2532 sub-

579 2562 824 2617 stantivis
864 2562 1092 2618 fortiiata
1125 2563 1473 2634 ejusdemque
1513 2565 1919 2635 signiﬁcationis
1952 2583 2015 2623 ac
2039 2568 2168 2623 sub-

579 2655 810 2711 stantiva
851 2670 1014 2727 supra
1041 2657 1116 2728 (2,
1157 2675 1211 2723 a,
1243 2659 1320 2729 cc)
1350 2670 1664 2725 memorata,
1699 2674 2015 2719 convertere
2059 2663 2168 2718 Go-

580 2746 706 2802 thus
725 2761 838 2802 non
867 2749 1101 2817 potuisse
1128 2749 1341 2805 videtur
1373 2767 1386 2803 :

653 2860 673 2894 ι
720 2837 857 2898 Dicit
881 2843 1039 2912 igitur
1059 2845 1178 2914 [aur
1199 2845 1394 2899 marein
1419 2862 1514 2916 pro
1544 2849 1796 2924 παράλιος
1818 2849 1950 2904 Luc.
1971 2865 2042 2917 v1,
2065 2852 2164 2918 1,7;

578 2935 641 3006 uf
662 2936 804 2990 vaira
832 2950 926 3004 pro
947 2935 1206 3014 ὕπανδρος
1255 2937 1412 2994 Rom.
1437 2956 1527 3005 vn,
1552 2940 1620 3006 2;
1654 2959 1712 2996 us
1742 2931 2051 3015 sy’nagogein
2079 2961 2168 2999 us-

578 3042 834 3099 vaurpans
883 3043 981 3098 pro
1025 3032 1420 3105 ἀποσυνάγωγος
1474 3033 1628 3088 Joan.
1664 3051 1758 3102 xu,
1803 3036 1902 3103 42;
1955 3039 2077 3094 coll.
2110 3041 2164 3093 in

579 3121 771 3175 licitam
815 3137 912 3192 pro
956 3125 1296 3202 πυρέσσουσα
1324 3126 1452 3180 Mth.
1499 3143 1610 3194 vttt,
1646 3129 1749 3193 14;
1796 3132 2163 3206 aljarhvisands

577 3224 673 3286 pro
701 3215 847 3269 ἀπὼν
878 3215 1001 3270 Cor.
1032 3214 1098 3284 ll,
1141 3233 1194 3285 x,
1230 3219 1280 3285 1,
1312 3218 1401 3273 Η.
1434 3239 1452 3270 ε

650 3309 726 3378 cc)
758 3308 1008 3378 Exempla
1028 3312 1250 3365 aliarum
1273 3313 1823 3384 circumscriptionum
1854 3316 1969 3372 hzec
1996 3327 2160 3374 sunt:

653 3417 673 3450 ε
705 3399 1034 3462 Θεοδὶδακτος
1055 3413 1106 3455 at
1136 3403 1282 3474 {/HIMI
1313 3404 1583 3476 uslaisips,
1614 3408 1950 3472 θεόπνευστος
1979 3413 2160 3481 gudis-

579 3490 747 3547 taisos
774 3494 1132 3564 ahmateiuais,
1168 3497 1490 3569 ὀλιγόπιστος
1531 3499 1662 3555 Ieitil
1688 3503 2054 3575 galaubjands,
2079 3529 2159 3579 φισ

1672 394 2124 460 GRAMMATICA
2162 392 2485 457 GOTHICE
2522 393 2824 456 LINGUIE.
3623 405 3701 467 lilii

2271 515 2474 578 λήδονος
2503 517 2722 587 frijonds
2745 516 2903 587 viljan
2925 515 3147 584 seinaua,
3171 520 3416 593 ἱσᾶγγελος
3434 523 3532 580 ibtta
3545 530 3702 600 αςςίιιι,

2271 606 2684 688 δευτεροπρωτος
2711 607 2889 681 αηραν
2917 609 3108 682 fruma.
3142 630 3160 663 ε

2344 726 2394 794 c)
2431 723 2740 779 Verborum.

2343 840 2431 911 aa)
2459 839 2780 895 Privativum
2811 864 2845 897 α
2862 839 2916 896 in
2939 841 3116 898 verbis
3141 843 3438 916 quandoque
3461 850 3644 919 equide
3659 870 3697 922 ιε

2273 951 2375 988 ιιη-
2423 936 2752 990 convertitur
2797 938 2850 1007 (ᾗ
2880 936 3001 1002 172,
3033 938 3156 994 coll.
3188 938 3345 1010 gloss.
3374 939 3424 995 h.
3452 942 3538 1012 v.),
3563 958 3700 1002 eoum-

2273 1027 2414 1082 niter
2443 1035 2619 1082 autem
2653 1028 3106 1084 circumscribitur
3137 1047 3152 1084 :

2351 1162 2368 1194 ε
2405 1141 2619 1217 ’Δγνοεῖν
2649 1144 2703 1197 ni
2723 1145 2882 1212 vitan,
2910 1146 3149 1214 ἀπειθεῖν,
3178 1149 3403 1205 ἀπιστεῖν
3435 1151 3480 1204 ni
3518 1152 3705 1222 galqu

2270 1233 2539 1292 ἀδυνατεῖν
2585 1237 2906 1310 unmahtaigs
2948 1240 3090 1293 visan
3114 1280 3130 1306 ,
3175 1242 3362 1312 ἀμελεῖν
3405 1242 3582 1316 unkarja
3618 1247 3707 1310 vim,

2271 1327 2510 1382 ἀσταθεῖν
2541 1327 2896 1399 ungastopans
2911 1331 3074 1397 visan,
3105 1333 3333 1388 ἀτακτεῖν
3355 1335 3705 1407 ungatm'psnm,

2269 1423 2522 1491 ἀστοχεῖν
2550 1420 2810 1491 afairzips
2837 1423 3002 1490 υἱεαη,
3033 1426 3256 1480 ἀσθενεῖν
3283 1424 3413 1479 siuks
3442 1427 3556 1482 vim
3575 1430 3710 1498 (lilde

2270 1513 2462 1585 visan),
2486 1517 2694 1584 ἀθυμεῖν
2714 1518 2770 1570 in
2799 1516 3045 1571 unlustau
3071 1520 3236 1587 visan,
3265 1522 3564 1596 ἀχρειοῡσθαι
3583 1523 3711 1575 animi

2270 1602 2517 1674 vairpan,
2547 1606 2870 1680 ἀκαιρεῖσθαι
2891 1606 3162 1681 αηαιαιὶῥε
3176 1608 3414 1680 uairptm,
3432 1613 3584 1668 ἀθετεῖν
3597 1631 3713 1668 mm

2269 1697 2543 1767 gataujan.
2580 1713 2600 1747 ι
3175 1716 3178 1718 ⁷

2347 1793 2432 1866 bb)
2457 1795 2558 1851 Ubi
2589 1812 2722 1854 vero
2754 1800 2900 1868 prior
2929 1813 3051 1869 pars
3078 1803 3355 1869 compositi
3371 1805 3650 1861 adverbialetn
3667 1822 3714 1861 re-

2271 1895 2515 1955 spectum
2541 1889 2767 1959 prabet,
2815 1890 3022 1950 Gothus
3048 1894 3315 1964 praecipue
3358 1895 3714 1969 circumscriptione

2271 1980 2436 2036 utitur
2461 1997 2473 2033 :

2347 2097 2366 2132 ε
2402 2081 2722 2155 Ὀρθοτομεῖν
2744 2085 2983 2140 raihtaba
3019 2087 3253 2158 raidjan,
3285 2088 3544 2164 é‘oaomdriv
3575 2090 3713 2145 mika

2269 2186 2492 2242 gaggan,
2511 2173 2872 2251 ὑψηλοφρονεῖν
2899 2176 3138 2232 haultaba
3166 2178 3375 2253 hugjan,
3394 2181 3712 2258 ἐτεροόιδασγαὶιξι

2269 2262 2537 2330 aljaleiltos
2555 2265 2763 2338 laisjan,
2777 2269 3111 2345 ὑπερφρονεῖν
3124 2272 3253 2326 mnis
3272 2271 3708 2347 [ναρῙωῃᾶγαθοποαῐι

2265 2353 2416 2427 piuI)
2447 2359 2653 2427 taujan,
2690 2370 2980 2419 κακοποιεῖν
3001 2361 3229 2438 νηρἱιιρ
3259 2370 3448 2440 taujan,
3478 2366 3711 2440 ψευδομαρτν

2267 2457 2375 2523 ρεῖν
2394 2450 2572 2524 galiug
2597 2453 2904 2526 veitvodjan.
2941 2473 2962 2510 ι

2340 2559 2420 2630 cc)
2451 2559 2555 2617 Res
2576 2563 2762 2622 eadem
2800 2579 2862 2624 se
2897 2565 3084 2638 habet,
3115 2569 3208 2628 ubi
3235 2571 3505 2644 ol'jectivus
3540 2580 3711 2642 respectus

2267 2649 2420 2709 adest
2447 2669 2460 2707 :

2343 2784 2362 2818 ι
2389 2773 2746 2846 Καρποφορεῖν
2769 2771 2930 2829 akran
2957 2774 3162 2847 bairan,
3193 2776 3468 2850 ξενοδοχεῖν
3488 2775 3715 2850 gestiunt!-

2266 2857 2475 2925 niman,
2505 2873 2815 2937 τεκνογονεῖν
2867 2865 3031 2922 barna
3075 2870 3290 2937 bairan,
3331 2869 3714 2944 τεκνοτροοεῐνιιωέ

2271 2954 2298 3022 1¹
2299 2953 2478 3024 odjan,
2510 2955 2812 3032 ὑδροποτεῖν
2839 2971 2953 3015 calo
2990 2961 3233 3034 drigkan,
3265 2971 3462 3042 ζωγρεῖν
3503 2963 3715 3037 gafahtulm

2270 3044 2447 3100 tiu/ian
2473 3049 2556 3103 vel
2577 3049 2767 3117 haben,
2791 3053 3176 3114 οἰκοδεσποτεῖν
3205 3060 3366 3130 garda
3391 3058 3561 3126 valda",
3579 3059 3715 3126 nihil!

2267 3140 2530 3212 αδμιτροη
2556 3149 2802 3217 galaujan
2832 3165 2894 3204 us
2941 3151 3114 3221 skipa,
3162 3155 3478 3232 θηριομαχεῖν
3511 3155 3566 3205 dtt
3600 3153 3715 3202 dim

2268 3232 2475 3302 vei/ian,
2505 3235 2823 3311 λογομαχεῖν
2853 3239 3326 3317 vanrdamveilian,
3348 3245 3714 3304 λιθοϐολεῖνεωὲιιιι

2268 3326 2506 3396 uairpan,
2532 3333 2795 3394 ζωοποιεῖν
2846 3333 2988 3390 liban
3028 3343 3242 3410 taujan,
3290 3341 3408 3397 coll.
3459 3339 3716 3402 ἀναιλὶνεαςθ·

2270 3418 2521 3490 vaurkjan
2551 3423 2919 3502 anakuml-jan,
2935 3431 3158 3493 αὐξῆσαι
3178 3433 3382 3502 ταΙιείαη
3406 3433 3618 3505 gataujan.
3637 3445 3714 3481 τιττ

2265 3510 2610 3569 καλύπτεσθαι
2639 3516 2890 3588 gahuljan
2918 3519 3118 3592 haubip
3154 3523 3416 3594 sein,Cor.
3439 3524 3474 3593 l,
3497 3521 3598 3586 11,6

583 3612 3709 3671 ψ

589 3650 3709 3698 Ἦ

1618 3743 2038 3855 CAPUT
2119 3751 2805 3882 QUARTUM.

647 3935 808 4034 DE
879 3944 1654 4088 CONNEXIONE
1719 3947 2638 4050 VOCABULORUM
2709 3966 2941 4057 SEU
3010 3972 3178 4062 DE
3249 3963 3665 4064 SYNTAXL

1986 4119 2461 4158 _._,..____

710 4214 832 4270 174.
859 4213 1144 4288 ﬂuensque
1189 4216 1449 4274 voeabula
1482 4216 1537 4273 in
1566 4231 1626 4274 se
1665 4226 1720 4275 et
1748 4219 1993 4278 absolute
2031 4237 2157 4293 spe-

581 4309 884 4375 ctavimus;
933 4311 1026 4366 sed
1067 4312 1348 4376 vocabula,
1378 4328 1475 4381 per
1503 4328 1563 4370 se
1615 4314 1746 4371 satis
1776 4315 2009 4385 insulsa,
2043 4335 2164 4376 eum

587 4415 809 4470 scopum
867 4402 921 4456 in
979 4416 1226 4459 sermone
1281 4404 1510 4472 habent,
1565 4417 1622 4461 ut
1673 4409 2050 4478 cogitationem
2096 4413 2166 4468 ob

579 4493 784 4560 oculos,
832 4494 880 4549 si
927 4495 998 4550 ita
1047 4497 1189 4566 loqui
1249 4496 1328 4552 fas
1367 4509 1467 4567 est,
1517 4509 1748 4570 ponant,
1786 4502 2166 4574 hominumque

579 4591 787 4637 mentes
852 4594 1038 4640 mutuo
1113 4589 1442 4643 commercio
1505 4591 1782 4661 colligent.
1849 4594 1966 4652 Jam
2035 4612 2166 4653 vero

577 4671 721 4728 hunc
765 4687 986 4743 scopum
1017 4677 1285 4746 attingere
1323 4692 1618 4750 nequeunt,
1645 4682 1749 4737 nisi
1793 4684 1962 4740 forma
2016 4698 2162 4744 certa

577 4764 690 4819 sint
716 4763 898 4818 induta
929 4761 1187 4837 certoque
1215 4769 1407 4827 ordine
1455 4771 1736 4828 instructa.
1787 4775 2038 4834 Nostrum
2081 4790 2164 4836 est

576 4856 756 4928 igitur,
789 4859 999 4916 caeteris
1023 4860 1308 4930 absolutis,
1335 4879 1427 4919 eas
1457 4881 1600 4921 nunc
1637 4866 1791 4923 dotes
1808 4868 2023 4940 docere,
2039 4876 2160 4941 qui-

574 4948 677 5007 bus
709 4951 962 5008 vocabula
985 4953 1219 5024 gaudere
1255 4955 1482 5026 debent,
1509 4966 1568 5013 ut
1604 4958 1742 5016 hanc
1775 4960 1994 5022 illamve
2014 4965 2160 5037 cogi-

562 5047 836 5110 -,tationem
867 5048 1192 5118 signiﬁcent.

646 5141 914 5212 Cogitatio
930 5143 1206 5200 vocabulis
1224 5158 1490 5216 expressa
1514 5147 1712 5206 dicitur
1726 5155 1996 5210 sententia.
2017 5154 2160 5211 Una-

567 5249 802 5310 quaeque
838 5235 1102 5293 sententia
1139 5241 1445 5297 necessario
1479 5242 1683 5313 aliquid
1726 5245 1976 5314 exhibet,
2014 5247 2156 5316 quod

563 5318 900 5398 .'praedicatur
924 5329 1316 5405 (praedicatum)
1340 5345 1392 5390 et
1420 5335 1692 5406 objectum
1713 5379 1726 5406 ,
1750 5339 1816 5394 de
1833 5355 1938 5410 quo
1965 5342 2162 5410 pracdi-

573 5427 728 5475 catur
752 5419 1107 5493 (subjectum).
1136 5423 1255 5479 Jam
1282 5439 1411 5481 vero
1439 5421 1784 5497 prmdiwtunt
1803 5433 1884 5486 vel
1915 5432 1968 5488 in
1992 5432 2158 5489 verbo

567 5508 742 5589 jacet,
770 5514 852 5568 vel
899 5515 1164 5585 peculiari
1199 5517 1463 5574 vocabulo
1501 5523 1858 5591 exprimitur;
1901 5525 1952 5579 in
1995 5526 2158 5594 priori

575 5617 703 5659 casu
733 5605 852 5662 idea
882 5609 1157 5677 praedicati
1210 5611 1267 5666 in
1309 5613 1478 5684 stirpe
1511 5615 1682 5684 verbi,
1714 5625 1770 5672 et
1799 5619 2014 5674 nonnisi
2063 5635 2174 5690 per~

575 5701 945 5767 exceptionem
969 5703 1024 5758 in
1047 5704 1248 5760 ﬂexivo
1263 5708 1535 5764 elemento
1565 5709 1715 5765 latet.
1745 5711 1876 5766 Cum
1896 5726 2071 5769 autem
2102 5716 2155 5768 in

575 5792 764 5846 eodem
820 5792 1014 5848 llexivo
1053 5797 1320 5854 elemento
1362 5801 1513 5856 verbi
1547 5802 1712 5857 etiam
1743 5805 2039 5875 subjectum
2071 5810 2154 5864 in-

574 5883 718 5941 eani
743 5895 960 5958 potest,
991 5901 1167 5960 potest
1210 5894 1428 5953 unicum
1465 5895 1691 5955 verbum
1725 5906 1890 5956 totam
1934 5912 2153 5963 senten-

2267 4229 2397 4286 tiam
2429 4231 2736 4293 eﬂormare.
2765 4238 3088 4300 Accessoria
3120 4245 3350 4318 subjecti
3396 4261 3481 4318 per
3505 4240 3706 4298 attritum.

2271 4328 2575 4383 accessoria
2599 4342 2776 4388 autem
2804 4335 3079 4403 prmdicati
3120 4354 3220 4410 per
3249 4341 3479 4412 objectum
3500 4334 3701 4391 indicantur-

2274 4415 2574 4482 Quamnam
2621 4437 2750 4478 vero
2780 4425 3000 4494 formam
3032 4431 3245 4502 singula
3290 4427 3536 4487 sententia:
3556 4415 3705 4478 vocabuli

2267 4506 2490 4566 induere
2517 4512 2767 4583 debeant,
2803 4520 2998 4587 partim
3037 4537 3104 4577 ex
3151 4534 3334 4581 mutua
3361 4536 3518 4580 eorum
3548 4512 3704 4570 "19!in

2266 4605 2458 4672 partim
2511 4623 2576 4662 ex
2630 4625 2817 4667 eorum
2875 4615 3216 4686 dependentia
3267 4616 3506 4691 (reclinus)
3540 4607 3705 4679 sequitur?

2265 4711 2496 4766 quonam
2527 4700 2746 4772 insuper
2777 4706 2957 4762 ordine
2985 4709 3198 4782 singula
3238 4710 3479 4767 vocabula
3514 4691 3706 4760 instruenda

2263 4789 2396 4859 sint,
2421 4790 2814 4854 determinatur
2841 4809 2951 4857 tum
2987 4816 3040 4858 et
3070 4807 3339 4876 praecipue
3383 4820 3444 4861 ex
3472 4792 3702 4884 natura

2273 4897 2416 4953 rum,
2449 4895 2559 4942 tum
2585 4889 2638 4944 in
2659 4893 2823 4948 certis
2855 4897 3069 4953 casibus
3097 4915 3166 4955 ex
3187 4915 3371 4955 eorum
3401 4883 3708 4967 potentiam!-

2262 4993 2366 5050 que
2419 4993 2575 5050 prout
2633 4986 2850 5042 unicum
2901 4998 2956 5045 et
2997 4989 3294 5049 identicum
3344 5003 3427 5049 aut
3467 4975 3705 5050 mttllilllem

2261 5073 2535 5131 diversum
2568 5086 2654 5134 est
2685 5080 2800 5136 sive
2829 5082 3157 5154 subjectum,
3188 5088 3304 5144 sive
3325 5081 3707 5158 praedicatum.““‘

2261 5167 2428 5222 tentia
2456 5169 2676 5241 simplex
2705 5181 2797 5228 aut
2818 5179 3103 5245 composita
3133 5181 3330 5236 evadit.

2335 5261 2363 5332 ὃ
2396 5263 2518 5320 ‘75-
2541 5264 2820 5335 Propriam
2835 5269 3084 5338 equidem
3101 5272 3482 5343 grammaticam
3492 5263 3543 5321 ad
3559 5260 3595 5316 id
3607 5259 3711 5312 inten-

2260 5355 2391 5414 dere
2417 5358 2593 5426 decet,
2623 5369 2681 5416 ut
2699 5360 2938 5434 linguam
2968 5379 3034 5420 cx
3051 5367 3236 5436 seipsa
3259 5367 3471 5421 illustret
3487 5371 3531 5416 et
3551 5352 3708 5421 θιΡ⁰¹²³¹ν

2264 5458 2319 5503 et
2351 5449 2622 5520 prmcipue
2643 5452 2696 5507 in
2722 5456 2935 5525 syntaxi
2951 5458 3224 5525 ostendat,
3239 5454 3499 5528 quomodo,
3515 5443 3711 5504 ίηιειιοίωε

2260 5539 2468 5612 legibus
2496 5545 2807 5604 moderatus
2837 5559 2892 5605 et
2934 5551 3158 5609 arbitrio
3200 5563 3367 5608 tamen
3405 5542 3711 5629 indulgens,

2262 5637 2440 5704 pulus,
2469 5639 2557 5708 qui
2587 5639 2684 5696 hac
2711 5637 2892 5711 lingua
2925 5645 3132 5702 locutus
3159 5657 3265 5715 est,
3290 5643 3588 5717 cogitationes
3602 5637 3711 5726 θηξπέ

2262 5743 2408 5784 mere
2462 5731 2720 5800 valuerit;
2752 5750 2816 5791 ea
2866 5737 3027 5809 igitur
3079 5756 3197 5796 esse
3235 5741 3438 5796 deberet
3475 5725 3708 5805 grammallf1

2261 5821 2463 5891 gothiei
2496 5829 2793 5894 sermonis;
2827 5847 2948 5885 cum
2993 5845 3168 5890 autem
3192 5835 3305 5903 ejus
3327 5819 3709 5888 tnonuntcnuﬂl“

2258 5912 2701 5982 probabilissitne
2721 5922 2907 5983 omnia
2931 5925 3000 5984 ad
3024 5941 3122 5985 nos
3144 5908 3710 6010 pel-veneratin“iwpro

3581 6224 3788 6430 Α
