3844 6626
54 369 192 429 1657

55 486 264 550 sanari;
290 498 352 552 ιι,
381 482 410 539 1
441 485 552 542 et5
576 497 770 540 unum
795 481 1139 555 gameljan
1165 480 1632 554 —anameljan

57 577 484 656 (ἀπογράφεσθαι)
531 577 789 642 inscribi;
834 575 1024 632 Thess.
1054 574 1117 642 ll,
1148 590 1189 644 I,
1218 575 1286 631 10
1333 575 1502 647 οἱηιὶῥ
1543 591 1639 629 us-

55 671 85 722 Ii
149 690 182 726 ιι
197 672 264 744 hj
275 690 305 724 a
318 689 350 724 η
373 671 771 742 (ἐνδοξασθῆναι)
793 669 1034 727 exaltari.
1053 669 1202 725 Tunc
1227 671 1384 726 etiam
1399 669 1477 726 sil:
1495 677 1638 726 stare

54 774 263 837 potest:
291 764 420 819 Luc.
450 780 524 834 vr,
553 767 615 818 17
641 781 824 836 qentun
851 764 1106 836 hailjan
1147 765 1245 819 siit
1274 764 1553 836 (ἰαθῆναι);
1585 771 1642 819 et

55 858 220 916 modo
249 856 633 926 particulariori
664 855 872 926 Cor.ll,
905 871 944 923 ι,
973 857 1040 911 16
1065 857 1204 912 vilda
1231 859 1365 925 [ram
1384 857 1509 912 iacis
1537 873 1642 928 ga-

56 950 342 1021 sandjau
389 947 518 1002 mik
569 949 1071 1024 (προπεμφθῆνάικ
1123 948 1195 1021 b)
1226 948 1642 1006 semcladhibe-

63 1054 152 1099 tur
198 1042 528 1098 substantiva
572 1041 996 1111 circumscriptio
1040 1040 1143 1098 Mc.
1177 1057 1250 1109 x,
1293 1041 1363 1099 45
1416 1059 1535 1113 qam
1587 1052 1642 1095 at

55 1151 87 1189 α
102 1154 131 1188 n
145 1135 180 1188 τι
193 1135 222 1188 b
234 1136 306 1188 ah
320 1135 409 1205 tja
424 1150 472 1187 m
496 1135 646 1189 venit
671 1133 737 1189 ad
767 1133 1144 1206 ministerium,
1170 1134 1221 1191 id
1237 1143 1341 1201 est,
1368 1145 1429 1190 ut
1452 1135 1642 1192 minis-

55 1228 198 1282 terio
209 1241 305 1282 suo
317 1226 621 1296 fungeretur
635 1224 770 1291 (ἦλθε
784 1226 1172 1300 διακονηθῆναι);
1195 1229 1243 1300 ο)
1264 1244 1413 1284 more
1425 1243 1640 1298 germa-

54 1321 182 1378 nico
228 1329 342 1390 post
388 1319 554 1375 verba
603 1321 924 1389 imperandi,
979 1321 1448 1389 volendi,daudi;
1507 1321 1640 1377 Mth.

54 1414 307 1482 xxvu,6t
333 1413 439 1468 ltuit
467 1415 598 1467 vita
613 1413 1070 1488 ιι(ὰσφαλισθῆναι)
1091 1415 1261 1472 hlaiva
1281 1415 1442 1486 jussit
1462 1416 1640 1485 sepul-

56 1521 211 1564 crum
241 1504 530 1570 custodiri;
557 1505 658 1562 Mc.
681 1521 735 1573 v,
754 1505 825 1562 «i3
849 1523 863 1572 ;
889 1523 940 1572 x,
965 1507 1066 1571 49;
1088 1508 1216 1563 Luc.
1235 1507 1505 1585 nuntii);
1528 1522 1639 1567 xix.

59 1600 158 1662 £3;
187 1597 318 1654 Luc.
343 1613 465 1666 vui,
500 1597 568 1653 15
600 1598 837 1654 auabaud
863 1600 963 1654 izai
1009 1618 1039 1670 g
1058 1599 1206 1654 iban
1229 1600 1477 1672 (δοθῆναι)
1503 1609 1642 1665 mat;

57 1691 163 1747 Mc.
198 1706 272 1755 vr,
298 1689 389 1756 27;
435 1689 566 1745 Luc.
596 1705 633 1757 ι,
685 1691 753 1744 6'2
775 1691 933 1745 waiva
959 1690 1150 1747 vildedi
1189 1692 1371 1745 haita
1390 1708 1421 1743 η
1447 1691 1644 1761 (καλαῖ-

56 1783 203 1854 σθαι)
230 1781 361 1854 pata
388 1782 537 1848 barn;
563 1781 906 1850 Mth.xxvr,.i
937 1798 1098 1836 sunus
1125 1798 1272 1836 mam
1301 1782 1541 1854 algibada
1569 1783 1640 1835 du

57 1875 438 1946 ushramjan
479 1873 576 1947 (εἰς
599 1876 658 1931 τὸ
683 1871 1097 1952 σταυρωθῆναι),
1127 1874 1183 1943 d)
1213 1887 1333 1928 cum
1363 1873 1537 1927 skulds
1567 1872 1642 1926 vi-

56 1985 155 2025 sau
186 1966 492 2042 (oportere)
545 1975 601 2024 et
631 1969 798 2022 malus
825 1968 966 2022 risan
1010 1966 1286 2036 (possibile
1312 1963 1479 2034 esse),
1527 1963 1646 2032 qui-

55 2058 164 2116 bus
217 2060 356 2116 inest
409 2057 619 2128 passiva
672 2057 828 2114 idea:
895 2057 1000 2113 Mc.
1030 2071 1156 2123 vut,
1187 2057 1250 2112 3|
1295 2071 1457 2110 anuus
1500 2070 1646 2109 mam

57 2150 298 2208 skulds
350 2154 437 2206 ist
486 2149 788 2206 uskiusan
823 2151 957 2220 [ram
991 2149 1139 2221 pain:
1179 2144 1645 2218 εἱιιὶιιαιηωεῑτόν

55 2247 172 2302 υῗὸν
189 2251 284 2300 τοῦ
305 2246 568 2321 ἀνθρώπου
589 2241 1102 2318 ἀποδοκιμασθῆναι);
1132 2241 1262 2297 Luc.
1290 2255 1371 2306 Ix,
1394 2238 1466 2295 44
1485 2255 1645 2293 timus

59 2354 210 2392 muns
238 2335 460 2392 skulds
485 2338 552 2392 ist
573 2337 844 2408 atgiban
867 2337 1056 2410 (μέλλει
1076 2332 1496 2409 παραδίδοσθαι);
1523 2347 1645 2398 xix,

62 2431 126 2488 11
158 2429 395 2485 skulda
423 2446 529 2484 vas
561 2429 917 2502 piudangardi
944 2426 1086 2501 gap:
1114 2423 1648 2498 gasuikunpjan;

57 2523 220 2580 Juan.
249 2538 342 2588 xu,
369 2522 458 2588 54;
488 2519 615 2576 Cor.
634 2520 698 2590 ll,
721 2536 776 2586 v,
804 2520 892 2586 10;
921 2535 1019 2584 xu,
1049 2520 1148 2585 11;
1174 2517 1276 2574 Mc.
1300 2516 1391 2583 14,
1412 2520 1447 2574 5
1475 2517 1648 2572 ntulit

60 2630 89 2673 υ
100 2631 169 2670 tu
193 2614 320 2686 pata
333 2611 508 2668 balsan
527 2612 626 2681 {ra
639 2610 668 2664 b
680 2627 714 2665 u
725 2613 789 2684 gj
801 2627 832 2664 a
843 2627 876 2665 η
889 2607 1500 2686 (ἠδύνατο-πραθῆναι),
1516 2608 1644 2665 Luc.

61 2723 184 2772 vui,
214 2706 287 2762 45
311 2707 430 2776 qino
453 2705 504 2760 m'
530 2708 741 2759 mahta
761 2719 867 2758 uas
893 2702 1267 2774 galeikinon
1289 2701 1402 2772 (οὐκ
1420 2699 1651 2774 ἴσχυσεν

61 2797 484 2874 θεραπευθῆναι);
527 2795 683 2854 Juan.
711 2811 806 2862 ιιι,
829 2793 864 2848 4
894 2795 1057 2848 waiva
1080 2809 1176 2847 ma
1192 2791 1224 2843 Ιι
1243 2802 1261 2847 t
1279 2809 1303 2847 ε
1326 2794 1412 2846 ist
1457 2805 1652 2846 manna

60 2912 94 2968 g
112 2893 186 2948 ab
201 2892 263 2945 ai
277 2908 343 2944 ra
359 2907 391 2943 ιι
418 2889 654 2961 (δύναται
675 2886 985 2962 γεννηθῆναι)
1010 2902 1062 2950 x,
1086 2885 1174 2952 55;
1207 2884 1347 2939 Tim.
1376 2883 1417 2948 l,
1443 2898 1499 2953 v,
1520 2883 1610 2940 25.
1626 2901 1646 2935 ι

137 2989 191 3057 ο)
222 2985 499 3042 Sententia
533 2981 745 3054 passive
795 2994 1050 3050 expressa
1099 2977 1239 3033 haud
1285 2975 1654 3048 infrequenter

63 3079 120 3140 in
150 3079 381 3133 activam
407 3075 758 3141 convertitur,
807 3081 868 3128 ut
887 3085 1080 3129 sensus
1100 3079 1386 3127 concretus
1414 3070 1506 3126 tiat
1533 3085 1549 3122 :

61 3151 66 3245 ῗ
135 3168 539 3242 a)Rom.x,10
564 3166 733 3222 hairto
785 3164 1153 3238 gataubetp
1182 3165 1299 3236 (cor
1344 3161 1538 3233 credit)
1576 3163 1650 3217 du

60 3261 393 3340 garaihlibat'
419 3277 502 3333 gr.
517 3259 700 3337 καρδίᾳ
717 3260 1018 3316 πιστιύεται
1031 3257 1216 3330 (corde
1236 3255 1521 3326 creditur);
1543 3255 1650 3312 Mc.

65 3371 127 3426 tt,
166 3356 193 3411 1
253 3352 576 3428 gafrehun
630 3352 1052 3425 (compererunt)
1100 3347 1250 3423 putei
1289 3351 1346 3405 ἰη
1371 3351 1534 3421 garda
1559 3351 1650 3417 ist,

66 3465 153 3521 gr.
187 3449 409 3510 ἠκούσθη
431 3444 514 3504 ὅτι
549 3448 622 3508 εἰς
656 3446 786 3501 οἶκόν
809 3447 967 3509 itm-tv;
991 3443 1124 3502 Luc.
1155 3459 1230 3511 lx,
1289 3443 1353 3499 17
1387 3451 1508 3499 tmte
1556 3459 1655 3512 qe—

69 3543 112 3616 ι)
126 3559 163 3596 u
179 3557 213 3596 τι
235 3541 401 3596 sumai
427 3541 576 3611 (nam
597 3538 845 3594 dicebant
865 3537 1104 3609 quidam)
1131 3553 1214 3607 gr.
1245 3536 1330 3594 διά
1345 3539 1403 3594 τὸ
1418 3537 1652 3610 λέγεσθαι

68 3635 174 3693 ὑπὸ
196 3655 345 3691 τινων
369 3631 514 3703 (quia
541 3645 573 3686 a
601 3630 871 3686 nonnullis
896 3628 1193 3700 dicebatur)
1221 3646 1236 3696 ;
1268 3628 1368 3685 Mc.
1393 3644 1446 3683 v.
1474 3629 1508 3682 4
1537 3639 1658 3688 ante

69 3725 426 3799 galausida
454 3724 656 3796 (solvit)
705 3726 765 3794 af
807 3724 879 3779 sis
905 3723 1010 3796 pos
1043 3723 1423 3797 uaudibandjos
1450 3723 1550 3795 jalt
1581 3721 1658 3793 [)0

65 3838 176 3875 ana
228 3822 394 3888 totum
435 3819 637 3875 eisarna
676 3818 924 3892 gabrak
973 3818 1304 3891 (rumpebat)
1358 3833 1442 3888 gr.
1491 3817 1576 3874 διὰ
1597 3818 1659 3874 τὸ

65 3914 382 3973 διεσπάσθαι
416 3913 509 3971 ὑπ’
536 3915 688 3971 οὐτοῧ
709 3915 802 3977 τὰς
823 3913 1030 3975 ἁλύσεις
1056 3916 1260 3975 καὶτὰς
1281 3911 1439 3976 πέδας
1477 3934 1662 3970 συντε-

69 4008 312 4083 τρίφθαῃ
341 4020 400 4075 ιι,
427 4004 466 4057 2
495 4006 604 4060 vein
615 4008 839 4078 juggata
865 4009 919 4060 in
938 4005 1135 4077 balgins
1160 4007 1364 4077 niujans
1385 4004 1659 4074 giutand

64 4097 354 4168 (fundunt)
385 4112 466 4164 gr.
519 4092 647 4152 οἶνον
697 4098 819 4173 νέον⁸
861 4099 932 4159 εἰς
953 4098 1144 4158 ἀσκοὺς·
1192 4099 1395 4158 καινοὺς
1450 4095 1659 4168 βλητέον

62 4189 432 4266 (fundendum
462 4189 566 4261 est)
591 4205 606 4256 ;
635 4190 764 4246 Luc.
795 4204 847 4245 tv
870 4233 886 4258 ,
917 4190 990 4244 45
1015 4189 1119 4244 mik
1147 4190 1425 4245 insandida
1454 4189 1664 4246 scilicet

59 4282 192 4356 gap
222 4281 393 4352 (misit
415 4281 521 4350 me)
551 4298 633 4354 gr.
682 4283 1010 4353 ἀπέσταλμαι
1041 4281 1260 4352 (missus
1297 4279 1440 4352 sum)
1463 4282 1666 4339 scilicet

61 4377 174 4433 ὑπὸ
218 4379 373 4438 Θεοῡς
403 4373 558 4430 Joan.
591 4391 644 4442 χ,
671 4373 737 4428 ili
760 4373 834 4428 Iw
851 4391 883 4428 η
899 4390 1021 4427 nun
1047 4373 1147 4426 mik
1175 4374 1530 4446 (cognoscunt
1553 4372 1662 4446 me)

56 4467 146 4542 ρο
174 4469 349 4521 meina
374 4482 456 4538 gr.
485 4470 796 4542 ⁹γινώσκομοιι
815 4467 918 4522 ὑπὸ
952 4473 1050 4522 τῶν
1072 4468 1202 4538 ἐμῶν
1229 4511 1243 4536 ,
1273 4466 1358 4521 vel
1400 4475 1577 4524 tamen
1608 4476 1667 4520 ut

57 4560 239 4620 COdd.
265 4561 449 4628 legunt
476 4563 817 4634 γιγνώσκουσί
844 4581 906 4632 με
936 4560 999 4616 τὰ
1021 4561 1141 4633 ἐμά.
1583 4545 1588 4550 ⁸

136 4652 204 4722 ο)
229 4650 354 4708 Gal.
384 4666 458 4714 vr,
487 4651 557 4704 12
578 4650 806 4722 vrakja
830 4651 1030 4724 galgins
1057 4650 1284 4705 xristaus
1305 4649 1358 4704 ni
1382 4651 1666 4705 vinnand

56 4741 540 4815 (persecutionem
613 4743 742 4813 pati)
788 4757 872 4813 gr.
938 4751 1146 4818 σταυρῶ
1189 4750 1282 4800 τοῦ
1332 4751 1554 4820 Χριστοῦ
1608 4747 1666 4800 οὐ

54 4836 356 4896 διώκονται
379 4833 701 4908 (vexantur);
733 4833 873 4890 Tim.
910 4833 952 4900 Ι,
985 4850 1050 4903 v,
1083 4834 1150 4890 10
1178 4833 1407 4906 aglous
1435 4836 1672 4890 vinnan

53 4928 434 5005 (aftlictiones
469 4928 696 4998 perpati)
722 4943 805 4999 gr.
838 4929 1094 4984 θλίϐεσθαι
1115 4925 1346 5000 (afﬂigi),
1373 4927 1665 4984 coll.“l’hil.

49 5043 137 5094 tv,
176 5023 288 5090 1‘2;
324 5022 451 5079 Luc.
481 5038 522 5092 ι,
552 5023 613 5080 11
656 5019 821 5095 carl)
844 5024 910 5077 in
937 5024 1161 5078 siunai
1189 5024 1393 5094 aggilus
1424 5021 1599 5091 (venit
1619 5023 1673 5078 in

49 5113 406 5186 conspecm)
427 5130 508 5186 gr.
542 5115 675 5190 ὤφθη
704 5115 870 5188 (visus
886 5115 990 5186 est)
1019 5112 1250 5189 ἅγγελος,
1293 5131 1405 5183 xvr,
1432 5115 1494 5171 21
1531 5117 1675 5186 gair-

51 5211 207 5265 m'da
233 5225 258 5262 ε
274 5217 341 5261 at
363 5207 453 5263 ita
467 5209 615 5280 n(sat
630 5207 937 5278 comedere)
959 5224 1040 5278 gr.
1060 5209 1296 5281 ἐπεθύμει
1319 5212 1678 5286 χορτασθῆναι

52 5301 353 5379 (satiari);
376 5318 465 5370 xx,
488 5301 520 5358 6
549 5303 807 5378 triggvaba
833 5304 1235 5376 gulaubjand
1259 5303 1525 5378 (credere)
1547 5305 1673 5360 allai

51 5419 147 5477 gr.
188 5401 542 5472 πεπεισμένος
582 5400 696 5457 ἔστι
721 5405 826 5462 πᾶς
869 5399 896 5454 ὁ
941 5400 1083 5462 λαός.
1129 5399 1246 5455 Non
1279 5415 1441 5469 pauca
1482 5401 1674 5458 horum

53 5498 383 5556 verborum
410 5494 475 5548 ad
501 5492 728 5548 mediam
757 5494 894 5548 viam
915 5494 1209 5562 pertinent:
1235 5490 1354 5550 Gal.
1380 5510 1434 5560 ν,
1461 5494 1496 5549 4
1519 5496 1575 5549 in
1601 5495 1676 5548 υί-

57 5592 206 5650 ιοάα
239 5584 630 5659 garaihtans
660 5583 860 5657 qipip
910 5587 1074 5641 izvis
1099 5601 1182 5657 gr.
1215 5586 1518 5652 δικαιοῦσθε;
1541 5585 1668 5644 Cor.

57 5687 106 5756 Ι,
125 5701 230 5749 XI,
258 5679 764 5752 6qinogahuljai
791 5680 1040 5754 Itaubib
1071 5683 1212 5737 sein
1241 5697 1324 5752 gr.
1349 5684 1674 5741 κατακαλυπ-

57 5764 292 5844 ﬁgam;
339 5773 470 5829 Luc.
499 5773 668 5842 ιιι,ἓῦ
720 5772 956 5847 paurft
1002 5779 1319 5850 gataujan
1347 5777 1417 5832 sis
1443 5777 1528 5833 vel
1549 5777 1675 5834 Cor.

64 5878 106 5954 ι,
132 5887 276 5939 xm,
309 5869 348 5925 5
379 5867 527 5922 bota
554 5868 648 5923 sis
679 5870 914 5940 taujan
934 5886 1016 5942 gr.
1041 5872 1357 5943 ὠφελεῖσθαι.

1507 367 1600 427 DE
1635 367 1890 429 VERBO.

1818 501 1838 534 ι
1877 481 2166 538 Annotatio
2185 480 2242 538 Β.
2271 509 2345 522 -—
2366 480 2437 538 Et
2451 481 2570 538 vice
2593 495 2752 540 versa
2768 479 3092 557 quandoque
3105 482 3312 543 Gothus

1739 575 2008 648 passivam
2037 574 2256 632 exhibet
2271 575 2617 645 sententiam,
2642 590 2763 646 quae
2781 578 2955 634 active
2967 578 3310 648 exprimitur,

1739 668 1902 724 etiam
1930 675 1988 721 ut
2015 682 2206 724 sensus
2232 677 2518 725 concretus
2548 669 2640 722 ttat
2667 685 2682 724 :
2712 666 2871 724 Rom.
2901 683 2978 735 rx,
3021 669 3090 727 19
3118 686 3197 726 wa
3244 681 3315 726 ntt

1741 759 1834 830 {ai
1850 775 1882 812 a
1898 775 1931 812 η
1947 760 2021 812 da
2038 760 2158 828 (cur
2179 757 2582 828 vituperamur?
2602 759 2957 832 vituperantur
2977 761 3120 818 enim
3149 759 3209 816 in
3229 761 3316 817 in-

1740 855 2125 926 terpretatione
2155 855 2435 924 legendum
2466 863 2548 910 est
2586 869 2685 925 pro
2707 855 3015 926 vituperant)
3043 870 3125 926 gr.
3166 857 3220 915 τί
3238 853 3318 915 ἔτι

1741 951 1990 1024 μέμφεται
2019 948 2224 1005 scilicet
2255 950 2367 1010 θεὸς
2393 951 2567 1021 sitsic;
2598 948 2727 1004 Luc.
2756 962 2831 1014 Vt,
2859 949 2930 1004 38
2970 947 3157 1003 mittitis
3186 945 3320 1021 goda

1739 1042 1991 1113 gibada
2033 1043 2195 1111 (bona
2243 1055 2491 1098 mensura
2547 1040 2782 1113 dabitur)
2830 1054 2912 1111 gr.
2951 1042 3134 1116 μέτρον
3179 1038 3320 1096 καλὸν

1743 1134 1973 1192 δώσουσι
1997 1134 2265 1207 (dabunt);
2313 1136 2384 1190 44
2408 1145 2462 1190 et
2488 1134 2620 1191 Mth.
2649 1149 2742 1200 vu,
2776 1133 2842 1190 16
2870 1134 2925 1190 ni
2959 1149 3019 1189 us
3058 1133 3318 1207 paumum

1744 1227 1834 1282 lis
1850 1244 1881 1280 a
1897 1244 1930 1281 η
1949 1229 1980 1279 d
1996 1244 2028 1281 a
2065 1228 2294 1297 (colligi)
2315 1226 2584 1282 smakktma
2608 1228 2694 1282 nil:
2719 1225 2835 1299 [Jan
2873 1243 2935 1282 us
2985 1224 3322 1293 aiwatundia‘i

1747 1318 2073 1373 trudanda
2115 1318 2482 1388 (vindemiari)
2509 1319 2803 1392 ueinabasja
2830 1335 2912 1390 gr.
2943 1321 3036 1375 οὐκ
3072 1319 3124 1386 ἐξ
3161 1323 3322 1376 dinar-

1745 1412 1844 1465 Θῶν
1882 1409 2186 1483 συλλέγουσι
2241 1410 2544 1481 (colligunt)
2586 1416 3067 1488 σῦκα-τρυγῶσι
3114 1411 3322 1480 (Vinde-

1745 1500 1938 1571 miant)
1966 1502 2226 1574 σταφυλάς
2253 1517 2268 1557 :
2291 1500 2446 1556 Joau.
2480 1516 2588 1568 xvr,
2620 1501 2685 1559 21
2715 1501 2839 1575 ὁίῥε
2878 1505 3166 1576 gabaura
3187 1520 3218 1556 η
3255 1505 3323 1558 ist

1708 1615 1717 1621 ·
1745 1594 1936 1667 (gigni)
1959 1596 2085 1650 bam
2114 1612 2196 1668 gr.
2226 1594 2347 1652 ὅταν
2365 1603 2576 1674 γεννήσῃ
2593 1596 2818 1670 (scilicet
2836 1595 2984 1672 γυνή)
3003 1601 3063 1656 τὸ
3091 1597 3322 1663 παιδίονς

1747 1701 1842 1751 xv,
1875 1689 1906 1741 6
1932 1702 2080 1744 more
2125 1689 2303 1746 Gotho
2330 1691 2525 1747 dilecto
2550 1692 2779 1748 vertitur
2809 1709 2820 1744 :
2845 1693 3024 1763 gulis
3041 1695 3162 1746 ada
3192 1693 3324 1763 (col-

1747 1778 1951 1850 ligitur)
1992 1780 2088 1850 jah
2144 1784 2199 1834 in
2245 1781 2335 1851 [οη
2382 1782 2745 1855 galagjand
2788 1781 3039 1855 (ponunt)
3079 1785 3179 1856 jah
3227 1786 3323 1838 in-

1746 1871 1778 1926 ι
1793 1887 1820 1924 r
1832 1887 1864 1924 α
1878 1889 1909 1925 n
1925 1874 1993 1944 nj
2007 1888 2039 1926 α
2055 1873 2088 1925 d
2102 1888 2134 1926 ο
2159 1875 2239 1946 (et
2251 1883 2544 1946 crematur)
2555 1890 2636 1945 gr.
2658 1877 3326 1950 συνάγοὺσι--βάλλουσι-

1747 1966 1964 2020 καίεται.
1985 1963 2076 2020 Sic
2096 1979 2193 2033 pro
2213 1965 2604 2021 intransitivis:
2634 1967 2736 2023 Mc.
2765 1982 2857 2033 vu,
2889 1968 2955 2021 10
2978 1965 3195 2038 άαιιραιι
3227 1983 3258 2020 a
3276 1967 3326 2037 f-

1748 2053 1826 2106 da
1841 2070 1875 2107 ιι
1893 2054 1936 2126 ῥ
1952 2057 2017 2126 ia
2030 2055 2092 2108 id
2105 2071 2134 2108 α
2147 2071 2182 2110 u
2207 2056 2527 2126 (occidatur)
2550 2073 2631 2128 gr.
2659 2059 2858 2130 θανάτῳ
2887 2059 3172 2116 τελευτάτω
3193 2059 3331 2128 (mu-

1747 2143 1962 2214 rietur);
1997 2145 2124 2201 Luc.
2157 2160 2239 2212 v1,
2270 2145 2334 2201 21
2387 2147 2736 2221 ufhlohjanda
2779 2148 3198 2218 (exhilaramini)
3246 2162 3329 2218 gr.

1747 2225 2017 2310 γελάσιτιξ
2045 2237 2185 2294 Tim.
2219 2239 2261 2294 ll
2281 2279 2298 2305 ,
2327 2253 2388 2310 ιι,
2411 2240 2482 2296 ‘26
2511 2241 2908 2310 usskavjaindau
2937 2239 3333 2313 (providentur)

1747 2329 2069 2403 ἀνανήψωσι;
2105 2331 2206 2387 Mc.
2236 2345 2313 2396 Ix,
2341 2331 2412 2386 42
2459 2334 2567 2402 θαι
2581 2349 2660 2405 ag
2666 2335 2693 2405 j
2713 2334 2790 2387 ad
2803 2349 2834 2387 α
2866 2334 3125 2404 (ponitur)
3171 2327 3332 2391 asilu-

1748 2427 1957 2495 qaimus
2007 2443 2107 2482 ana
2166 2426 2446 2500 halsaggan
2503 2443 2587 2501 gr.
2634 2433 2919 2508 περίκειται
2975 2430 3162 2501 (jacet)
3204 2431 3334 2493 λίθος

1749 2519 1961 2594 μυλικός
1977 2523 2098 2593 περὶ
2125 2524 2208 2578 τὸν
2225 2523 2516 2598 τράχηλονς
2544 2520 2698 2577 Joan.
2731 2536 2807 2589 xi,
2833 2521 2901 2576 ‘53
2924 2521 3144 2576 hulundi
3166 2523 3334 2577 staina

1750 2613 2140 2681 ufartagida
2188 2627 2294 2666 vas
2347 2614 2646 2682 (contectus
2687 2610 2790 2681 est)
2816 2627 2896 2682 gr.
2947 2612 3077 2675 λίθος
3112 2615 3334 2672 ἐπέκειτο

1748 2707 1838 2761 ἰπὶ
1859 2714 1933 2775 τῷ
1961 2707 2215 2776 σπηλαίῳ,
2243 2705 2370 2761 coll.
2405 2706 2505 2762 Mc.
2533 2721 2604 2773 tv,
2633 2706 2703 2761 29
2727 2705 2851 2779 ὁὶρε
2882 2708 3057 2780 atgib
3078 2709 3199 2762 ada
3237 2708 3334 2778 (0f-

1751 2796 1944 2867 fertur)
1958 2797 2114 2852 akran
2129 2813 2208 2869 gr.
2230 2796 2353 2855 ὅταν
2370 2797 2588 2876 παραδῷ
2604 2799 2833 2870 (scilicet
2849 2799 3046 2872 ἑαυτὸν)
3066 2798 3098 2858 ὃ
3121 2801 3332 2877 καρπός.

1830 2907 1851 2944 ι
1869 2889 2158 2946 Annotatio
2179 2889 2237 2946 6.
2264 2917 2335 2930 —-
2359 2890 2593 2946 Plurima
2625 2890 2896 2964 participia
2925 2892 3139 2964 passiva
3158 2891 3336 2964 adjec-

1753 2982 1878 3038 tivis
1905 2992 2310 3050 convertuntur,
2343 2984 2450 3038 vid.
2485 2983 2513 3055 §
2543 2985 2666 3052 190,
2689 2985 2746 3042 5.
2774 2999 2795 3038 ι

1825 3074 2006 3146 ςηδ.
2050 3075 2138 3130 lll.
2187 3077 2420 3132 Msutuu.
2457 3077 2571 3132 Non
2618 3077 2720 3134 nisi
2769 3077 3047 3136 rarissime
3101 3077 3340 3135 occurrit

1753 3166 2016 3233 medium,
2042 3167 2198 3236 cuius
2228 3168 2522 3224 indubitata
2546 3167 2790 3238 exempla
2821 3167 2938 3225 haec
2963 3175 3092 3224 sunt
3117 3186 3131 3224 ;
3162 3171 3339 3225 atstei-

1753 3265 1922 3332 gadau
1943 3263 2262 3334 (καταϐάτω)
2290 3263 2424 3321 Mth.
2455 3279 2621 3330 xxvu,
2645 3264 2743 3330 42;
2773 3265 2878 3322 Mc.
2901 3281 2993 3330 xv,
3020 3263 3120 3333 52;
3143 3267 3341 3344 lausja-
3408 3311 3417 3323 .

1754 3357 1858 3410 dau
1889 3355 2186 3437 (ῥυσάσθω)
2211 3356 2342 3412 Mth.
2375 3371 2551 3422 xxvu,
2584 3359 2685 3424 43;
2723 3356 3060 3426 ufkunnanda
3088 3358 3342 3432 (γνώσον-

1754 3450 1873 3521 τοιι)
1897 3449 2050 3505 Joan.
2081 3466 2194 3517 xui,
2235 3451 2304 3506 55
2329 3466 2347 3514 ;
2376 3450 2656 3516 vaurkiada
2680 3451 3090 3530 (κατεργάζεται)
3119 3451 3244 3511 Cor.
3270 3451 3339 3522 ll,

1762 3556 1849 3607 tv,
1877 3542 1976 3608 i7;
2010 3541 2289 3597 ustis/inda
2315 3542 2755 3618 (κατεργάζεται)
2785 3559 2880 3611 vn,
2915 3544 3018 3611 l0;
3063 3545 3344 3617 gavasjada

1758 3630 2007 3702 equidem
2027 3621 2380 3703 (ἐνδύσηται)
2406 3632 2529 3689 Cor.
2567 3632 2606 3700 Ι,
2640 3649 2727 3702 xv,
2752 3629 2820 3690 54
2851 3642 2908 3691 ut
2937 3634 3205 3705 passivum
3248 3634 3344 3691 ba-

1759 3724 1873 3781 beri
1899 3732 2104 3795 posset,
2127 3740 2247 3783 cum
2283 3725 2414 3780 nihil
2442 3726 2636 3792 obstet,
2666 3727 2796 3796 quin
2841 3727 3150 3784 undivanein
3179 3726 3342 3784 dativi

1759 3831 1918 3874 casus
1944 3819 2034 3884 sit,
2067 3818 2327 3890 (induitur
2353 3817 2809 3890 immortalitate);
2839 3818 2933 3876 sed
2962 3833 3152 3876 sensus
3180 3818 3341 3874 simul

1759 3921 1815 3968 et
1855 3921 2138 3967 contextus
2192 3910 2437 3976 suadent,
2468 3919 2530 3966 ut
2568 3917 2818 3981 tanquam
2859 3910 3093 3966 medium
3145 3908 3344 3966 babes—-

1764 4014 1870 4061 tur.
1906 4005 2133 4061 Dubium
2160 4018 2280 4060 esse
2319 4011 2520 4074 posset,
2550 4013 2729 4059 utrum
2758 4003 2972 4077 liugada
2997 4012 3054 4061 et
3094 4003 3343 4077 (iugentia

1762 4095 1830 4152 de
1860 4097 2087 4152 muliere
2120 4095 2223 4151 Mc.
2268 4110 2324 4166 x,
2354 4095 2452 4161 12;
2490 4109 2587 4160 xu,
2624 4094 2728 4161 25;
2776 4094 2906 4152 Luc.
2957 4110 3088 4161 xvn,
3113 4095 3216 4162 27;
3248 4109 3333 4166 xx.

1762 4190 1854 4261 51,
1883 4188 1982 4257 35;
2031 4187 2155 4246 Cor.
2189 4189 2233 4255 1,
2265 4204 2358 4256 vu,
2389 4189 2458 4250 2.8
2487 4189 2756 4260 pas~ivum
2787 4189 2857 4245 sit
2896 4187 3085 4262 (duci)
3113 4203 3181 4245 an
3227 4205 3342 4245 me-

1763 4282 1909 4338 dium
1942 4279 2258 4360 (nubere);
2291 4295 2357 4336 cx
2388 4279 2672 4352 liugandau
2715 4278 2843 4338 Cor.
2872 4279 2920 4350 Ι,
2950 4295 3046 4351 vu,
3079 4280 3113 4338 9
3139 4281 3190 4338 in
3217 4296 3345 4354 grao

1766 4374 1893 4430 tiam
1925 4373 2120 4443 passivi
2148 4385 2238 4430 res
2265 4372 2444 4428 dirimi
2476 4373 2708 4429 videtur.

1847 4487 1866 4520 ι
1902 4469 2190 4525 Anuotatio
2221 4467 2274 4523 1.
2304 4496 2377 4509 -
2404 4464 2648 4523 Faianda
2675 4467 2819 4539 quod
2848 4467 2997 4539 prius
3025 4476 3084 4525 ut
3112 4467 3346 4526 medium

1768 4562 2096 4632 obtulerant,
2124 4561 2278 4617 Rom.
2304 4576 2378 4627 Ix,
2403 4559 2472 4617 19
2501 4559 2702 4628 deﬁcit,
2724 4561 2834 4618 vid.
2868 4575 3030 4632 supra
3061 4561 3090 4634 §
3120 4561 3219 4616 177
3249 4577 3350 4618 an.

1771 4668 1884 4712 not.
1910 4657 1977 4722 ὅς
2008 4670 2040 4711 e
2067 4663 2255 4711 contra
2302 4655 2443 4712 inter
2470 4654 2768 4711 mediorum
2817 4656 3065 4726 exempla
3094 4670 3354 4713 annume-

1777 4754 1882 4811 rari
1907 4762 2123 4823 possent
2143 4750 2283 4825 Μαι.
2315 4768 2395 4818 ει,
2426 4753 2494 4808 12
2513 4752 2880 4827 anamahtjada
2907 4762 2962 4809 et
2988 4752 3120 4809 Luc.
3148 4767 3261 4819 xvr,
3286 4750 3355 4808 16

1775 4843 2052 4917 naupiada
2102 4841 2448 4918 (βιάζεται),
2501 4843 2769 4914 posterius
2827 4845 3057 4912 saltem,
3109 4842 3252 4915 quod
3300 4845 3356 4900 in

1773 4951 1952 5009 graeco
1998 4937 2210 4993 nonnisi
2263 4935 2497 4992 medium
2538 4945 2654 5003 est;
2683 4944 2936 4992 caeterum
2977 4935 3183 4992 Gothus
3214 4935 3359 4992 hunc.

1775 5030 1953 5086 locum
1985 5044 2094 5086 non
2117 5037 2264 5086 recte
2290 5028 2555 5086 intellexit
2584 5029 2842 5100 (quisque
2868 5027 2970 5084 sibi
2998 5027 3104 5084 vim
3150 5027 3313 5099 facit)
3339 5068 3354 5096 ,

1776 5131 1834 5181 et
1876 5125 2112 5197 βιάζεται
2152 5129 2210 5177 ut
2255 5122 2527 5192 passivum
2565 5121 3172 5193 habuit(compellitur,
3223 5130 3355 5194 etc.,

1783 5220 1911 5274 hinc
1930 5214 2107 5272 iu'izai
2127 5217 2168 5288 ).
2195 5215 2254 5272 Si
2275 5215 2566 5287 sunjodtma
2594 5213 2722 5270 Cor.
2749 5213 2817 5283 11,
2839 5229 2933 5279 xu,
2959 5212 3026 5268 19
3050 5213 3169 5270 cod.
3196 5211 3235 5268 Β
3262 5227 3359 5282 pro

1780 5311 2168 5385 ἀπολογούμεθα
2187 5309 2364 5378 reipsa
2387 5315 2553 5374 esset,
2585 5306 2820 5362 medium
2853 5317 2979 5360 tunc
3020 5303 3210 5360 adesse
3256 5303 3360 5361 dici

1781 5403 2020 5472 deberet,
2052 5402 2146 5459 sed
2179 5403 2230 5456 in
2262 5401 2382 5455 cod.
2416 5401 2460 5454 Α
2481 5398 2683 5456 rectius
2712 5407 2815 5453 stat
2833 5398 3094 5470 sunjoma.
3135 5397 3359 5470 Syllaba

1780 5509 1958 5555 autem
2016 5498 2086 5552 da
2130 5495 2217 5551 hic
2259 5493 2536 5564 deperdita
2585 5493 2638 5547 in
2667 5492 2786 5548 aliis
2815 5491 2946 5549 locis
2975 5507 3361 5565 conservatur;

1781 5593 1987 5652 scilicet
2010 5592 2167 5649 Joan.
2197 5604 2310 5655 xlv,
2333 5588 2396 5643 3i
2425 5588 2617 5660 frijoda
2637 5587 2890 5659 (dilexit),
2907 5589 2996 5645 ubi
3019 5598 3195 5646 tamen
3225 5605 3339 5662 pra:
3362 5627 3364 5629 ›

1781 5689 1999 5744 teritum
2028 5699 2127 5740 nec
2154 5683 2448 5752 requiritur
2475 5682 2495 5753 (
2519 5685 2702 5754 ἀγαπῶ
2727 5681 2746 5753 )
2788 5696 2888 5738 nec
2917 5685 3204 5750 convenit;
3238 5684 3367 5741 hinc

1780 5780 2163 5838 inclinaremus
2181 5775 2247 5831 ad
2277 5775 2473 5847 frijoda
2506 5781 2573 5835 ,ιιι
2603 5773 2836 5830 medium
2864 5775 3191 5846 habendum,
3233 5776 3363 5845 nisi,

1784 5875 1984 5934 collato
2011 5871 2318 5946 sunjodama
2341 5883 2498 5941 supra
2525 5878 2844 5941 memorato,
2873 5870 3363 5943 probabilissimum
