3844 6562
560 326 582 384 1
594 323 698 384 063

695 445 750 520 lt)
769 442 1163 504 Grammaticale
1190 458 1366 515 genus.
1403 440 1501 499 ilic
1525 439 1807 499 dicendum
1832 441 2122 520 habemus,

553 516 785 614 quonam
816 537 976 594 modo
1003 551 1174 610 genus
1210 524 1552 606 obiectorum
1593 516 2130 590 inanimatorum‘d'c-
2179 591 2184 597 ,

554 631 898 691 terminatum
942 628 1120 686 fuerit.
1146 625 1308 698 Cujus
1336 627 1467 681 ratio
1499 626 1809 696 plerumque
1837 639 1934 680 nos
1971 624 2128 695 fugit,

555 735 798 795 tempore
825 738 933 795 quo
962 721 1062 777 fuit
1116 719 1608 784 accommodatum,
1643 720 1861 773 nimium
1898 727 2128 774 remoto.

554 818 818 877 Nonnulla
845 825 1048 871 tantum
1075 813 1280 884 objecta
1302 852 1318 879 ,
1347 827 1489 868 nunc
1520 811 1694 868 adhuc
1737 826 1920 868 secum
1968 824 2128 880 gene-

552 914 628 971 ris
649 909 910 982 originem
943 923 1050 978 pra:
1069 922 1128 963 se
1150 906 1347 974 ferunt,
1379 919 1572 976 nempe
1598 904 1998 976 rnytliologiam;
2033 903 2143 960 ita-

554 1023 682 1081 que,
710 1004 1047 1062 documentis
1071 1018 1137 1058 ex
1161 1004 1272 1071 ipsa
1303 1001 1478 1071 lingua
1511 998 1880 1055 deﬁcientibus
1907 999 1990 1052 vel
2024 1012 2130 1052 non

553 1102 687 1161 satis
723 1099 990 1171 cognitis,
1035 1096 1104 1151 ad
1151 1094 1434 1166 religiones
1480 1093 1791 1163 fabul-asque
1827 1091 2130 1148 Borealium

555 1193 868 1269 populorum
891 1191 944 1246 in
966 1186 1282 1259 explicando
1305 1185 1519 1241 illorum
1539 1200 1740 1256 genere
1766 1198 2130 1242 recurremus.

625 1284 709 1358 aa)
744 1283 945 1339 Eodem
974 1294 1139 1349 ιιι-ονε
1162 1277 1320 1333 modo
1343 1277 1639 1333 illuStratur
1662 1291 1830 1347 genus
1856 1275 2130 1330 nominum

555 1378 721 1436 solem
752 1385 806 1433 et
835 1375 1016 1432 lunam
1053 1370 1465 1442 designantium.
1510 1369 1614 1426 Sed
1640 1382 1704 1424 ea
1731 1368 1955 1440 insignis
1979 1367 2132 1425 adest

555 1471 915 1542 discrepantia
953 1469 1096 1524 inter
1131 1466 1384 1522 classicos
1427 1474 1482 1521 et
1522 1463 1856 1534 germanicos
1882 1463 2132 1534 p0pulos,

548 1565 690 1638 quod
714 1563 918 1635 priores
941 1559 1111 1616 solem
1141 1572 1310 1614 masc.
1335 1566 1390 1613 et
1415 1557 1596 1612 lunam
1625 1557 1778 1623 lem.,
1808 1555 2130 1626 posteriores

549 1669 728 1716 autem
775 1656 915 1712 viam
961 1655 1226 1710 inversam
1261 1651 1546 1707 tenuerint.
1580 1647 1739 1707 Gothi
1774 1649 1935 1720 igitur
1961 1662 2128 1703 sanna

551 1754 632 1812 sol
660 1751 786 1808 fem.
816 1758 872 1806 et
890 1764 1038 1803 mena
1057 1746 1182 1804 luna
1208 1759 1378 1800 masc.
1401 1744 1662 1810 fecerunt,
1685 1744 1806 1812 quia
1826 1741 1979 1812 juxta
2008 1739 2130 1796 illo-

548 1858 667 1902 rum
699 1839 1016 1912 populorum
1058 1834 1440 1906 mythologiain
1492 1832 1615 1888 luna
1666 1830 1813 1886 Mani
1853 1829 1995 1885 filius
2046 1835 2131 1884 est

550 1931 924 2005 Mundilfwris,
955 1929 1126 1985 solem
1157 1937 1333 1982 autem
1357 1923 1454 1981 Sol
1474 1923 1712 1994 ejusdem
1736 1923 1842 1978 lilia
1865 1929 1921 1978 et
1944 1919 2128 1975 (ilenrs

547 2041 768 2099 sponsa.
797 2022 1006 2082 Gothus
1038 2020 1286 2092 equidem
1333 2033 1428 2089 pro
1449 2016 1565 2073 sole
1594 2015 1753 2072 etiam
1780 2012 2124 2070 masculinam

544 2123 775 2180 formam
813 2133 985 2174 sunna
1025 2123 1082 2171 et
1126 2123 1370 2170 neutram
1414 2111 1550 2166 sauil
1584 2110 1774 2176 habet,
1811 2108 1905 2166 sed
1934 2117 2126 2178 prater

545 2211 690 2286 quod
725 2211 852 2268 fem.
892 2223 1059 2263 sanna
1095 2203 1432 2262 communior
1469 2212 1552 2259 est
1589 2201 1743 2274 (51th.
1773 2217 1826 2267 v,
1858 2200 1958 2267 45;
1991 2201 2123 2258 Luc.

543 2321 619 2370 tv,
651 2304 750 2369 40;
781 2300 918 2372 Eph.
949 2315 1020 2366 tv,
1050 2297 1156 2365 26;
1187 2296 1323 2353 Neh.
1354 2310 1450 2364 vri,
1498 2294 1576 2368 ὅ),
1617 2296 1736 2350 duae
1781 2293 1898 2350 alia:
1936 2291 2125 2350 forma:

543 2415 650 2458 non
674 2395 776 2453 nisi
795 2393 935 2466 apud
961 2393 1195 2449 Marcum
1222 2396 1512 2446 occurrunt
1539 2388 1751 2460 (summa
1782 2386 2124 2442 arrimiandin

542 2509 618 2560 Iv,
642 2492 708 2558 6;
733 2505 850 2558 xvr,
874 2487 943 2554 2;
980 2501 1203 2559 gasaggq
1232 2484 1365 2540 sauil
1393 2498 1430 2550 t,
1463 2481 1562 2548 '52,
1593 2481 1727 2536 saail
1753 2478 1973 2550 riqizeip
2003 2494 2120 2549 xm,

541 2583 639 2654 24)
668 2581 807 2640 etin
834 2577 1182 2637 masculinam
1228 2588 1392 2646 graec.
1429 2585 1485 2630 et
1526 2573 1619 2629 lat.
1663 2572 2015 2643 probabiliter
2042 2572 2124 2627 in-

544 2677 830 2737 ﬂuxerant.
877 2671 1032 2739 Quod
1079 2669 1148 2724 ad
1188 2667 1427 2724 diversas
1472 2664 1684 2722 radices
1719 2664 1930 2731 attinet,
1958 2679 2122 2719 sanna

489 2779 500 2786 ‘
541 2768 835 2840 antiquius,
862 2763 998 2820 sauil
1031 2761 1300 2818 recentius
1340 2773 1536 2815 nomen
1567 2772 1688 2814 esse
1714 2756 1822 2812 dici
1849 2764 2042 2828 potest,
2075 2755 2122 2812 si

543 2860 711 2918 Eddar
761 2855 1034 2931 (Alvismal
1063 2852 1152 2920 16,
1202 2854 1255 2921 1,
1301 2851 1340 2905 2
1376 2851 1478 2905 sol
1506 2851 1664 2904 liciter
1706 2849 1822 2904 med
1853 2851 2120 2917 manuum,

539 2974 601 3014 ea
649 2969 860 3010 sanna
907 2949 1025 3005 med
1073 2947 1294 3021 gopom,
1351 2944 1402 3001 id
1432 2952 1536 3012 est,
1585 2943 1682 3000 Sol
1723 2952 1942 2999 vocatur
1983 2943 2122 3000 inter

539 3047 810 3111 homines,
841 3042 937 3102 sed
964 3041 1146 3100 Sanna
1173 3038 1314 3111 apud
1342 3039 1498 3109 deos)
1529 3037 1662 3094 fides
1683 3037 1984 3093 adhibenda
2013 3037 2119 3104 sit;

537 3148 792 3198 czeterum
821 3136 984 3194 etiam
1022 3149 1053 3189 a
1082 3131 1286 3190 Graecis
1325 3131 1542 3188 nomina
1582 3128 1915 3201 objectorum
1941 3128 2120 3200 qualia

535 3232 677 3304 apud
702 3231 840 3287 Deos
867 3227 1050 3298 vigent
1089 3235 1148 3282 ut
1193 3225 1493 3307 antiquiora
1521 3223 1825 3280 nominibus
1853 3222 1992 3293 apud
2019 3222 2120 3280 ho-

538 3327 712 3383 mines
751 3320 1021 3390 usurpatis
1065 3318 1412 3376 tradebantur
1459 3315 1594 3390 (vid.
1623 3315 1884 3389 Gtettling
1914 3317 1970 3372 in
1999 3314 2116 3372 lle-

529 3421 664 3481 οὖσά.
691 3419 955 3491 Tlteogon.
983 3413 1134 3484 83f).

602 3515 660 3570 ιη
698 3511 871 3568 veteri
917 3507 1220 3566 Borealium
1256 3506 1434 3578 lingua
1463 3506 1558 3564 Sol
1597 3507 1758 3564 etiam
1798 3507 2114 3566 femininum

531 3616 658 3675 est;
699 3603 971 3676 gotbicum
1015 3609 1195 3658 autem
1222 3600 1379 3670 saail,
1429 3599 1599 3656 forma
1651 3610 1928 3667 neutrum,
1979 3605 2119 3658 inter

530 3718 698 3760 sanna
723 3708 780 3756 et
807 3713 997 3768 sumta,
1022 3704 1085 3752 ut
1107 3696 1350 3750 naturale
1383 3705 1655 3763 neutrum,
1686 3695 1738 3752 id
1769 3705 1874 3764 est,
1905 3712 2118 3753 mascu-

527 3795 697 3854 linum
737 3802 792 3849 et
835 3790 1150 3848 femininum
1180 3787 1234 3844 in
1261 3803 1320 3845 se
1348 3789 1712 3861 complectens
1733 3798 1877 3849 stare
1908 3801 2112 3864 posset,

529 3889 646 3944 vid.
678 3901 838 3958 supra
868 3886 946 3956 1).
981 3883 1096 3940 Non
1135 3883 1353 3940 fundata
1388 3885 1617 3940 naturali
1647 3900 1842 3954 genere
1880 3895 2008 3941 sunt
2031 3886 2115 3942 in-

528 3996 690 4052 super
723 3978 866 4053 tuggl
897 3986 1129 4047 astrum,
1165 3986 1433 4046 neutrum,
1482 3984 1540 4036 et
1563 3977 1760 4034 slairno
1799 3978 1977 4050 stella,
2027 3978 2112 4037 fe-

593 4089 819 4130 mtuum.

593 4091 819 4130 minam.

531 4091 682 4237 ulbit)
728 4165 809 4222 Ex
855 4162 1182 4236 mythologia
1231 4162 1396 4220 etiam
1443 4163 1744 4222 illustratur
1799 4165 1949 4222 tta/its
2004 4181 2110 4226 nox

524 4260 652 4320 fem.
685 4269 740 4316 et
759 4259 885 4330 dags
905 4256 1021 4314 dies
1047 4271 1237 4324 masc.,
1261 4257 1455 4328 quippe
1477 4273 1599 4315 cum
1629 4258 1682 4315 in
1710 4261 2110 4331 septentriona-
2149 4323 2152 4326 ,

522 4354 662 4410 libus
712 4350 912 4422 mythis
953 4347 1084 4404 Nott
1126 4348 1234 4404 lilia
1279 4358 1362 4402 est
1411 4347 1597 4403 Nai-vis
1645 4357 1699 4404 et
1755 4365 1820 4405 ex
1867 4349 2112 4423 Dclinger

526 4443 693 4501 illium
727 4443 866 4514 Dagr
897 4440 1101 4497 habuit.
1134 4441 1435 4512 Andanahti
1453 4452 1630 4498 autem
1663 4456 1875 4514 vesper,
1923 4460 2110 4514 quem-

525 4535 813 4591 admodum
843 4534 965 4590 alite
1004 4534 1262 4603 temporis
1303 4533 1698 4604 designationes
1737 4537 1835 4590 mel
1874 4545 1930 4591 et
1955 4535 2107 4606 ῥεὶΙιδ

523 4636 776 4699 tempus,
815 4628 900 4699 jer
941 4637 998 4681 et
1029 4624 1219 4696 atapm’
1265 4641 1470 4694 annus,
1504 4637 1691 4684 neutra
1719 4637 1867 4696 sunt,
1898 4639 1953 4684 ut
1981 4639 2104 4700 pote

525 4722 664 4780 idea:
709 4721 1012 4778 abstractae.
1060 4721 1142 4776 An
1171 4719 1312 4792 aptis
1340 4735 1505 4778 masc.
1538 4723 1620 4778 vel
1661 4721 1773 4795 apii
1804 4734 1982 4780 neutr.
2009 4725 2101 4794 sit,

519 4814 738 4874 dubium
767 4825 887 4882 est;
917 4827 1015 4870 nec
1042 4812 1193 4868 alitro
1219 4830 1376 4870 mane
1407 4815 1562 4883 fern.,
1593 4819 1732 4872 sicut
1752 4827 1806 4873 et
1831 4817 1944 4872 vika
1972 4818 2099 4876 beb-

519 4907 707 4966 domas
736 4905 887 4974 letn.,
915 4906 1021 4961 aius
1049 4919 1218 4961 masc.
1256 4918 1312 4962 et
1341 4907 1607 4980 ajultdups
1638 4908 1763 4965 lem.
1794 4909 1963 4981 (αἰών)
1995 4925 2104 4968 non

511 5001 736 5066 habent,
779 5012 884 5071 quo
912 4997 1267 5070 explicentur.
1293 4997 1423 5054 Non
1463 5000 1682 5056 alteram
1726 5001 1888 5057 tiliam
1916 5001 2105 5060 habuit

517 5112 584 5154 ex
617 5097 782 5161 Auar,
809 5093 1013 5150 scilicet
1039 5091 1209 5148 ΙόνιιΙι
1229 5133 1246 5161 ,
1277 5093 1436 5148 Οάὶηἰ
1479 5107 1703 5164 sponsa,
1755 5094 1897 5152 unde
1941 5097 2103 5170 airpa

515 5200 658 5248 terra
691 5189 843 5256 lem.;
873 5187 1062 5244 himins
1100 5195 1280 5245 autem
1317 5188 1512 5244 coelum
1563 5202 1726 5244 masc.
1769 5181 1888 5258 est,
1918 5191 2101 5248 nescio

515 5300 617 5356 qna
648 5285 854 5339 ratione
884 5279 1266 5353 mytltologica.
1313 5279 1430 5336 Jam
1469 5295 1598 5335 vero
1629 5279 1739 5336 Hal
1776 5279 1929 5336 Lakis
1984 5291 2101 5339 erat

514 5375 651 5441 filia,
683 5373 808 5430 hinc
843 5371 990 5440 Italia
1023 5370 1227 5428 inferus
1250 5371 1377 5428 fem.
1404 5370 1621 5428 Fratres
1643 5371 1778 5442 ejus,
1816 5371 1975 5443 ignis,
2006 5387 2101 5431 aer

515 5475 571 5523 et
597 5481 744 5523 mare
769 5463 1060 5521 masculina
1087 5473 1216 5520 sunt
1241 5463 1293 5519 in
1320 5463 1531 5536 gnthica
1562 5463 1759 5534 lingua,
1793 5465 1878 5522 vel
1907 5465 2098 5523 saltem

516 5559 677 5630 larius
699 5573 792 5614 aer
814 5566 869 5614 et
889 5558 1022 5613 saius
1046 5570 1197 5612 mare
1227 5557 1372 5626 (nam
1402 5557 1560 5611 marci
1601 5570 1751 5612 mare
1798 5555 1924 5613 fem.
1955 5558 2094 5629 est);

514 5651 652 5724 ignis
695 5667 862 5709 masc.
905 5652 958 5709 in
988 5653 1154 5708 aahns
1178 5652 1454 5720 caminus,
1480 5653 1618 5723 quod
1646 5669 1766 5710 cum
1797 5657 1932 5727 Agni
1959 5656 2093 5727 ignis

513 5747 617 5804 deo
668 5745 807 5816 apud
853 5744 1011 5802 ludos
1069 5747 1343 5816 collatum,
1406 5748 1626 5819 vestigia
1680 5748 1963 5820 reliquisse
2013 5750 2094 5805 vi-

513 5837 691 5897 detur.
723 5838 803 5896 Ex
835 5835 921 5896 his
954 5846 1135 5898 tamen
1172 5839 1453 5901 elementis
1490 5842 1652 5903 etiam
1695 5852 1884 5904 neutra
1919 5850 2046 5901 sunt
2075 5860 2089 5898 :

1621 319 2077 384 GRAMMATICA
2111 319 2435 384 GO’I’HICIE
2476 321 2779 383 LlNGUE.

3595 329 3682 388 lilii

2235 443 2328 512 {an
2357 440 2494 512 ignis
2519 449 2574 497 et
2595 450 2712 496 vato
2741 451 2897 510 aqua.
2923 435 3003 492 Ex
3028 436 3340 509 mythologia
3358 440 3594 498 masculina
3611 445 3688 502 illu~

2235 542 2474 589 strautur
2521 549 2535 587 :
2579 534 2772 586 t-iutrus
2812 530 3016 598 hiems,
3064 531 3206 585 uirida
3249 540 3420 586 Vettius
3458 533 3545 602 (uir
3573 546 3690 593 autem

2236 626 2392 681 turbo
2437 632 2686 681 neutrum
2733 623 2862 694 est),
2912 631 2966 678 et
3009 621 3348 692 probabiliter
3385 623 3519 679 etiam
3546 627 3694 699 map:

2234 717 2436 773 mensis
2483 725 2536 770 et
2575 717 2836 785 maurgins
2875 728 3066 778 mane;
3106 713 3317 784 insuper
3342 715 3487 768 snaias
3517 717 3695 788 nix(rign

2234 824 2363 864 vero
2394 809 2570 880 pluvia
2600 808 2908 876 neutrum),
2945 815 2999 862 et
3039 806 3195 862 etiam
3236 823 3346 878 veg:
3385 807 3696 879 ﬂuctus,ﬂodn

2234 901 2426 958 ﬂuvius
2451 903 2567 975 (sed
2598 917 2709 956 awa
2739 913 2820 958 est
2854 900 3028 971 lenm),
3061 901 3257 956 bruuua
3291 899 3432 969 fons;
3456 905 3698 961 difﬁcilest-

2237 1002 2342 1051 teni
2371 995 2684 1051 vocabulum
2705 993 2916 1048 utillima
2940 994 3106 1050 nubes
3127 994 3178 1049 in
3202 994 3315 1050 solo
3336 1003 3511 1051 tantum
3531 1011 3699 1056 sermone

2233 1087 2448 1158 gothico
2507 1101 2833 1155 occurrens,
2909 1085 3225 1157 explicatur.
3300 1086 3431 1143 Deus
3488 1088 3638 1144 tonitru
3669 1101 3699 1146 et

2233 1179 2461 1249 fulguris
2507 1181 2652 1236 nulla
2706 1180 2954 1251 equidem
2995 1180 3217 1253 vestigia
3244 1179 3548 1252 gfecit;lejus
3579 1183 3698 1240 saltem

2237 1272 2572 1343 pbenontena
2598 1271 2812 1344 gothice
2857 1272 3180 1330 traduntur:
3241 1273 3487 1329 lauhmttai
3516 1273 3700 1345 fulguret

2235 1366 2408 1439 peiwo
2449 1369 2672 1434 tonitru,
2712 1377 3000 1439 utrumque
3029 1368 3179 1434 fem.§

2303 1460 2380 1531 cc)
2399 1461 2452 1517 In
2475 1460 2782 1518 nominibus
2815 1464 3113 1532 plantarum
3131 1460 3243 1532 jam
3279 1475 3379 1518 non
3417 1459 3546 1516 adest
3580 1459 3701 1516 relatio

2231 1554 2297 1610 ad
2329 1569 2605 1626 personas,
2631 1570 2815 1612 earum
2837 1555 3016 1612 virore
3035 1554 3253 1630 (masc.)
3271 1555 3437 1613 forsan
3448 1554 3519 1612 vel
3538 1556 3702 1612 ariditate

2231 1650 2468 1721 (ueutr.)
2515 1659 2721 1706 tantum
2773 1650 3048 1722 spectatis.
3099 1651 3240 1708 Sunt
3281 1652 3458 1707 saltem
3500 1651 3701 1706 masculini

2231 1744 2406 1817 bagms
2427 1745 2588 1801 arbor
2607 1745 2831 1801 etetiam
2845 1755 2948 1800 asts
2971 1758 3172 1810 ramus,
3186 1743 3331 1800 calas
3351 1754 3402 1800 et
3420 1744 3581 1798 ualidas
3598 1744 3700 1814 virga,

2234 1841 2367 1893 (aius
2397 1837 2586 1908 stipes,
2611 1837 2752 1908 laufs
2775 1837 2982 1906 folium,
3009 1837 3178 1892 bloma
3195 1837 3316 1906 ﬂos,
3347 1835 3556 1908 [Marnas
3568 1851 3700 1905 vepres;

2230 1929 2406 1986 solum
2437 1938 2609 1984 vaarts
2633 1929 2785 1985 radix
2803 1929 3118 1986 femininum
3175 1938 3278 1984 est.
3329 1928 3429 1984 Sed
3454 1938 3601 1985 contra
3623 1943 3702 1983 neu-

2231 2033 2312 2080 tra
2333 2035 2459 2081 sunt
2500 2025 2625 2094 tria,
2653 2024 2794 2095 quod
2826 2039 2930 2080 non
2960 2026 3131 2080 solum
3177 2032 3262 2080 est
3289 2024 3505 2079 onmium
3529 2023 3700 2090 majora

2216 2100 2480 2174 arborum
2527 2132 2722 2174 nomen
2769 2118 3096 2189 genericum,
3127 2118 3225 2174 sed
3271 2119 3554 2174 vocabulum
3593 2130 3701 2188 grato

2227 2209 2350 2288 δόρυ
2391 2211 2610 2268 omnino
2663 2213 2996 2281 respondens
3022 2254 3036 2275 .
3085 2211 3396 2284 germanico
3431 2212 3562 2267 Stock
3601 2212 3700 2280 (unde

2227 2318 2380 2360 nom.
2426 2319 2598 2376 germ.
2642 2303 2936 2359 Weinslock
2981 2306 3134 2374 goth.
3189 2303 3484 2373 tieinatriu),
3521 2301 3698 2357 ordinatio

2227 2396 2437 2452 aridum
2483 2395 2682 2467 lignum
2734 2395 2978 2451 iudicans
3021 2396 3192 2467 (ξύλον
3223 2393 3339 2459 ,Μα
3386 2411 3484 2457 xvr,
3529 2393 3698 2460 42,“);

2225 2490 2359 2562 fraiv
2378 2505 2584 2558 semen,
2612 2491 2723 2546 basi
2739 2492 2932 2563 bacca,
2955 2494 3120 2548 akran
3154 2493 3360 2551 fructus
3381 2494 3542 2564 (masc.
3570 2490 3699 2545 multa

2227 2584 2362 2641 ficus
2414 2586 2753 2656 peregrinum
2794 2587 2903 2658 est)
2926 2627 2943 2654 ,
2975 2586 3070 2641 alia
3099 2588 3274 2658 spica,
3301 2589 3451 2643 kaarn
3475 2587 3697 2642 frumentum

2225 2679 2306 2746 (et
2328 2688 2522 2735 caetera
2545 2679 2774 2736 cerealia
2797 2719 2816 2747 ,
2849 2691 3077 2753 excepto
3099 2683 3280 2736 vaiteis
3320 2681 3527 2737 triticum
3559 2675 3696 2740 masc}.

2224 2769 2423 2826 kaurno
2449 2786 2671 2843 granum
2699 2772 2971 2837 frumenti;
3000 2789 3120 2828 ratis
3153 2773 3380 2838 arundo,
3404 2791 3506 2845 gras
3539 2771 3650 2826 herba
3668 2769 3697 2820 iu

2222 2877 2440 2934 genere,
2493 2865 2740 2935 legumen
2787 2875 2842 2920 et
2901 2867 3018 2920 havi
3056 2866 3300 2934 frenum;
3351 2867 3437 2922 sed
3487 2865 3614 2919 αιηυια
3645 2877 3697 2929 ιη·

2224 2957 2307 3011 lea
2355 2955 2668 3012 femininum
2719 2965 2822 3013 est.
2872 2957 3061 3025 Quoad
3113 2974 3252 3015 vero
3311 2959 3505 3015 nomina
3549 2954 3697 3026 peculia-

2222 3049 2360 3104 rium
2389 3049 2688 3118 plantarum
2711 3051 2978 3120 vigadeino
2998 3052 3236 3108 carduus
3265 3060 3319 3109 et
3343 3049 3576 3105 aiwatandi
3595 3045 3696 3115 spina

2219 3149 2346 3198 sunt
2386 3142 2556 3209 fem.;
2604 3144 2779 3215 sinaps
2822 3153 2998 3203 autem
3030 3145 3242 3217 sinapis
3271 3155 3324 3202 et
3349 3159 3538 3201 svamms
3575 3140 3695 3207 fungus

2217 3249 2389 3293 masc.

2291 3326 2388 3400 dd)
2417 3328 2472 3384 In
2503 3344 2670 3401 regno
2707 3331 2924 3388 tandem
2954 3331 3391 3403 inorganicorum
3417 3330 3564 3388 deﬁcit
3585 3325 3693 3383 omnis

2122 3431 2128 3462 '-
2217 3420 2410 3477 relatio
2431 3423 2497 3476 ad
2533 3437 2790 3493 personas
2811 3467 2826 3492 ,
2863 3440 2965 3480 nec
2995 3425 3105 3494 jam
3139 3426 3490 3482 determinari:
3515 3435 3633 3494 genus
3655 3432 3690 3472 et

2216 3513 2608 3584 signiﬁcatione
2623 3516 2875 3587 possibile
2887 3526 2988 3572 est.
3005 3518 3224 3574 Metalla
3240 3531 3286 3574 ta
3295 3511 3689 3575 ntummodosuutin

2217 3618 2415 3675 genere
2445 3614 2632 3662 neutra
2669 3605 2839 3678 :9qu
2861 3623 3072 3674 aurum,
3106 3609 3276 3664 silubr
3299 3619 3560 3681 argentum,
3583 3604 3685 3658 citari

2215 3695 2440 3766 ferrum,
2466 3699 2547 3751 aiz
2572 3710 2669 3753 res.
2697 3699 2772 3753 Ex
2826 3699 2944 3756 aliis
2994 3711 3178 3757 autem
3230 3703 3455 3759 metallis
3476 3708 3598 3756 sunt:
3631 3697 3687 3748 ull

2214 3790 2293 3845 sal
2323 3800 2523 3859 neutr.;
2552 3792 2714 3848 stains
2745 3792 2876 3864 lapis
2902 3833 2917 3858 ,
2949 3793 3125 3850 hallus
3155 3797 3308 3867 rupis
3330 3837 3347 3862 ,
3379 3796 3540 3850 malum
3557 3803 3682 3852 arent,

2213 3884 2410 3952 stubjas
2441 3884 2602 3954 cinis,
2643 3885 2798 3941 svibls
2827 3885 3019 3956 sulfur,
3080 3903 3298 3957 masc.;
3338 3889 3471 3963 palla
3511 3884 3684 3956 argillaet

2213 3977 2391 4031 malda
2417 3977 2553 4033 ciuis
2575 3977 2704 4034 lem.

2202 4068 2205 4075 ’
2283 4069 2435 4138 Quod
2462 4071 2530 4127 ad
2555 4071 2770 4128 nomina
2809 4072 3172 4148 geographica
3203 4074 3422 4144 attinet,
3454 4071 3680 4130 neulrtstul

2211 4170 2264 4228 in
2292 4186 2492 4242 genere
2521 4174 2645 4229 land
2669 4183 2811 4232 terra
2837 4185 2890 4233 et
2911 4177 3026 4248 gavi
3054 4191 3183 4242 rus;
3207 4175 3450 4234 feminina
3474 4174 3558 4243 fera
3577 4169 3677 4224 locus.

2210 4265 2388 4320 manta
2416 4269 2697 4336 terminus;
2726 4270 2955 4341 fairgani
2977 4285 3134 4326 mons
3163 4281 3338 4328 neutr.
3365 4279 3455 4334 est,
3485 4258 3678 4320 Ιιιαὶπίοοι

2209 4353 2280 4412 lis
2307 4373 2474 4414 masc.
2505 4373 2520 4424 ;
2550 4373 2616 4414 an
2647 4360 2804 4417 vallis
2833 4359 2920 4416 dal
2952 4361 3186 4434 (ncutr.)
3218 4364 3298 4420 vel
3328 4362 3434 4416 dals
3456 4349 3676 4430 (masc.)di-

2208 4460 2384 4516 catur,
2433 4450 2694 4509 incertum
2720 4469 2734 4518 ;
2769 4455 2946 4509 driuso
2975 4453 3146 4509 clivus
3173 4464 3232 4511 et
3272 4455 3457 4528 iddaljo
3487 4451 3676 4505 descensus

2207 4540 2360 4606 fem.;
2378 4541 2484 4612 vigs
2501 4542 2584 4596 via
2603 4549 2686 4598 est
2711 4555 2902 4610 masc.;
2927 4545 3018 4600 sed
3045 4544 3274 4603 dubium
3295 4556 3376 4603 est
3411 4559 3468 4600 an
3493 4543 3569 4597 iter
3580 4545 3675 4608 9W

2208 4634 2431 4703 (masc.)
2484 4634 2568 4690 vel
2608 4651 2742 4706 gagg
2791 4635 3020 4708 (neulr.)
3073 4639 3184 4703 sit;
3238 4641 3401 4711 slaiga
3437 4644 3569 4692 autem
3597 4639 3672 4695 ιη·

2205 4727 2308 4784 dus
2363 4728 2487 4785 lem.
2515 4739 2635 4796 est;
2691 4731 2856 4787 altum
2899 4741 2982 4789 est
3009 4732 3186 4806 ﬁlegri
3214 4743 3389 4791 neutr.
3431 4730 3498 4786 vc'.
3535 4713 3673 4778 Ιιιιαειίἰ

2206 4821 2377 4889 fem.;
2429 4823 2559 4878 urbs
2605 4823 2810 4897 baurgs
2862 4835 2918 4881 et
2967 4826 3118 4883 vicus
3152 4841 3253 4885 seu
3280 4841 3406 4900 paus
3448 4814 3661 4878 Ιιαὲιιιΐεωο

2204 4925 2351 4984 suut,
2385 4915 2522 4972 vei/ts
2549 4926 2730 4974 autem
2751 4927 2926 4975 neutr.

2288 5011 2633 5067 «Annotatio.
2664 5041 2732 5052 -
2761 5011 2867 5070 Sed
2897 5013 3066 5070 multo
3111 5014 3390 5073 difficilius
3432 4994 3670 5068 delel'tllitlilli

2204 5109 2384 5173 potest
2421 5117 2588 5173 genus
2626 5101 2850 5160 aliarum
2877 5105 3130 5163 classium
3161 5100 3609 5178 objectorum.Sic:

2275 5224 2297 5260 ι
2337 5205 2389 5277 1)
2421 5206 2496 5261 Ex
2529 5207 2757 5276 partibus
2777 5208 3016 5265 animalis
3040 5212 3274 5280 corporis
3299 5211 3352 5267 in
3379 5191 3669 5281 generez'cet-

2199 5313 2299 5368 pus
2330 5297 2429 5354 leik
2449 5307 2498 5354 el
2531 5303 2750 5370 sanguis
2794 5299 2920 5371 διορ
2945 5309 3121 5358 neutr.
3171 5313 3332 5369 sunt;
3383 5310 3490 5355 caro
3526 5291 3669 5371 malum

2201 5390 2380 5466 (σάρξ)
2411 5390 2538 5448 lem.
2568 5401 2624 5447 et
2664 5392 2816 5446 mima
2859 5393 3034 5467 (κρέας
3062 5407 3191 5451 caro
3218 5387 3559 5451 manducanda,
3587 5370 3666 5438 etc.)

2196 5494 2401 5551 neutr.,
2429 5486 2594 5556 adeps
2621 5485 2854 5558 smairpr
2881 5498 3083 5556 neutr.;
3111 5490 3231 5546 lana
3260 5490 3391 5544 valla
3418 5485 3540 5546 fem.,
3561 5469 3668 5540 cili!“

2194 5576 2278 5634 lus
2294 5581 2400 5649 tagl
2413 5576 2611 5647 etskuft
2657 5577 2856 5648 (coma)
2879 5589 3074 5644 neutr.;
3099 5574 3522 5647 membrumlipur
3540 5569 3664 5623 masc-3

2194 5680 2353 5738 οεψυι
2376 5668 2574 5740 lumbi!)
2609 5682 2822 5737 neutr.;
2873 5673 3113 5728 cranium
3153 5673 3357 5727 wairnci
3381 5670 3488 5723 lem.
3514 5703 3526 5724 ,
3560 5659 3664 5709 lat:ch

2191 5759 2339 5833 ludja
2371 5760 2445 5832 (id
2468 5770 2551 5816 est
2579 5775 2704 5831 pars
2747 5760 2938 5832 capitis
2965 5764 3169 5834 capiuzs
3220 5765 3426 5824 nudam,
3451 5754 3536 5810 vid.
3559 5746 3660 5802 illa.

2187 5865 2266 5921 Vl.
2298 5851 2503 5925 i7),est
2525 5851 2679 5924 lcm-,
2708 5854 2823 5913 alits
2852 5863 2909 5914 et
2937 5856 3262 5916 andavlcisns
3299 5846 3485 5929 (facies)
3509 5843 3658 5901 ωδειὶ
