3844 6628
89 397 240 462 I065

83 518 210 575 haec
239 515 340 570 tria
368 504 624 567 vocabula
667 504 854 565 faciem
883 505 1205 580 signiﬁcant,
1239 506 1294 562 in
1325 513 1582 578 quantum
1613 522 1682 563 ea

80 625 153 667 ea
194 624 337 664 unus
373 607 440 662 ab
469 606 589 661 aliis
616 603 1061 672 discriminatur;
1103 602 1373 658 abstracta
1406 600 1688 672 andvairlu'

81 710 145 759 et
173 701 407 774 andaugi
432 700 641 772 (facies,
675 711 801 769 pars
840 696 1016 752 antica
1047 710 1144 766 per
1187 695 1580 766 oppositioncm
1622 693 1688 748 ad

86 799 359 866 posticam
384 792 616 864 partem)
643 800 819 846 neutr.
851 797 995 855 sunt;
1032 789 1223 844 oculus
1271 804 1404 859 augo
1434 801 1538 841 una
1566 801 1690 841 cum

85 887 353 959 lacrymis
403 900 466 941 ex
499 898 565 941 eo
593 883 902 938 rorantibus
950 890 1068 952 tagr
1092 891 1147 937 et
1174 880 1311 936 ciliis
1342 876 1688 953 (superciliis)

87 983 243 1037 hunc
273 977 698 1036 cnstodientibus
731 975 868 1029 braw
896 982 1072 1029 neutr.
1102 982 1185 1030 est
1212 971 1342 1046 (nisi
1371 970 1496 1040 Cor,
1530 970 1575 1037 I,
1599 985 1686 1034 xv,

83 1075 163 1130 52
206 1073 328 1129 loco
356 1071 526 1125 brawa
549 1066 831 1140 legendum
861 1067 932 1122 sit
958 1067 1167 1132 brawai,
1190 1075 1241 1121 et
1271 1063 1590 1120 vocabulum
1620 1064 1694 1132 ip-

83 1184 216 1224 sum
265 1167 433 1221 brawa
454 1165 526 1221 sit
561 1172 616 1220 et
645 1161 822 1234 fem.),
845 1176 944 1218 nec
970 1175 1077 1216 non
1103 1169 1156 1215 et
1177 1158 1321 1215 auris
1344 1174 1468 1213 auso
1487 1164 1687 1222 neutr.;

86 1273 242 1331 gena
272 1257 457 1312 kinnus
489 1255 642 1320 fem.,
674 1269 738 1309 os
775 1252 931 1324 (oris)
962 1251 1159 1324 munps
1180 1266 1372 1320 masc.,
1407 1265 1470 1305 os
1495 1250 1693 1306 bestia-

82 1366 217 1408 rum
241 1351 443 1406 dicitur
471 1347 820 1420 probabiliter
841 1345 950 1401 mut
971 1355 1218 1403 etnentr.
1247 1355 1330 1401 est
1350 1343 1690 1417 (coll.Cor.l,

81 1461 168 1514 tr,
207 1446 241 1504 9
269 1444 589 1517 faurmuljan
638 1443 838 1495 auhsau
878 1455 940 1495 os
988 1440 1144 1496 bovis
1174 1439 1458 1510 alligare);
1493 1437 1690 1492 labium

83 1538 280 1595 oairilo
306 1546 359 1592 et
389 1536 566 1605 lingua
589 1526 750 1605 tuggo'
773 1532 924 1600 Iem.,
956 1532 1089 1588 dens
1115 1529 1314 1602 tunpus
1359 1543 1554 1593 masc.,
1581 1529 1695 1583 col-

86 1629 206 1686 lum
235 1629 371 1693 halt,
404 1626 586 1682 cervix
615 1624 888 1695 halsagga,
933 1625 1191 1678 humerus
1225 1637 1370 1675 amsa
1392 1619 1500 1692 (vel
1531 1620 1694 1675 etiam

89 1720 245 1790 abso)
271 1726 330 1775 et
367 1717 642 1773 brachium
676 1732 820 1770 arma
854 1730 1022 1771 masc.
1068 1722 1233 1780 sunt;
1281 1727 1471 1767 manus
1512 1721 1694 1768 autem

88 1812 300 1866 [tandm
329 1809 478 1875 fem.,
510 1807 604 1864 sed
636 1822 825 1862 manus
854 1814 1064 1862 mortua
1094 1805 1201 1875 lofa
1229 1813 1283 1860 et
1311 1804 1507 1875 digitus
1535 1805 1696 1875 ﬁggrs

87 1907 294 1962 iterum
326 1912 447 1959 sunt
476 1917 643 1958 masc.
671 1917 686 1968 ;
737 1901 886 1957 sinus
923 1901 1092 1955 barms
1139 1913 1308 1955 masc.
1338 1939 1354 1964 ,
1384 1897 1480 1954 sed
1509 1907 1695 1968 pectus

87 1998 264 2052 bruus
295 2005 378 2053 est
403 1994 558 2064 fem.,
590 1994 732 2066 quod
754 1994 981 2050 vertitur
1001 1994 1165 2050 etiam
1193 1994 1423 2057 viscera,
1456 1993 1580 2049 licet
1601 1995 1695 2048 ad-

86 2091 163 2146 sit
198 2090 422 2158 insupcr
449 2102 647 2142 nomen
681 2095 860 2142 neutr.
891 2085 1060 2155 plur.,
1089 2086 1297 2142 scilicet
1320 2085 1569 2157 hairpra;
1603 2100 1696 2141 cor

88 2183 265 2236 hair-ts
287 2191 498 2246 neutr.;
528 2194 664 2237 coxa
681 2179 814 2250 hups
841 2189 923 2234 est
945 2192 1138 2246 masc.,
1164 2179 1474 2234 stomachus
1493 2179 1693 2248 (κοιλία,

91 2273 589 2350 στόμαχος)ᾳίρυδ
617 2287 814 2341 masc.,
860 2272 955 2328 sed
1003 2272 1184 2328 cumba
1238 2281 1428 2329 venter
1479 2272 1694 2346 (κοιλία,

88 2368 324 2443 γαστήρ)
369 2365 519 2432 Icm.;
553 2381 692 2437 genu
725 2364 847 2420 kniu
886 2372 1067 2420 neutr.
1093 2372 1197 2434 est,
1230 2380 1326 2436 pes
1357 2367 1497 2436 {atus
1527 2379 1696 2421 masc.

91 2467 152 2514 et
172 2458 299 2514 calx
329 2457 530 2527 [ai-rana
557 2457 718 2525 fem.;
820 2515 830 2526 ,

175 2618 197 2654 ι
227 2599 286 2671 2)
325 2599 677 2683 Egbumanis
702 2601 1094 2672 productibus:

180 2763 201 2798 ι
255 2744 323 2816 a)
394 2743 659 2799 Habitatio
721 2754 777 2802 et
861 2760 924 2802 ea
991 2760 1112 2817 qua:
1182 2743 1250 2800 ad
1318 2742 1702 2800 habitationem

103 2840 371 2910 pertinent
418 2853 439 2892 :
492 2839 723 2907 domus,
773 2847 829 2895 et
875 2854 996 2909 quae
1047 2840 1103 2894 in
1153 2853 1216 2895 ea
1269 2846 1434 2906 sunt,
1492 2837 1706 2909 gothice

102 2944 190 2992 eat
235 2936 398 3006 gards
443 2948 612 2990 masc.
674 2934 824 3008 (hinc
859 2934 961 2991 hoc
1011 2949 1133 2992 voc.
1177 2935 1338 2991 etiam
1390 2934 1459 2990 de
1505 2932 1706 2989 familia

103 3027 353 3099 dicitur),
396 3027 758 3083 habitaculum
815 3027 912 3084 ltus
969 3037 1182 3100 neutr.,
1237 3037 1292 3084 et
1341 3044 1468 3084 razn
1520 3035 1702 3084 neutr.

104 3121 256 3193 quod
278 3122 561 3192 designare
591 3123 805 3179 videtur
824 3123 1040 3179 domum
1065 3123 1336 3196 primitive
1361 3132 1502 3179 tecto
1555 3136 1707 3178 mere

117 3217 466 3287 superposito
493 3225 830 3274 constantem
886 3219 972 3275 vel
1022 3234 1087 3275 ex
1118 3234 1280 3291 opere
1322 3219 1499 3290 ligneo
1523 3216 1708 3273 confe-

107 3319 257 3366 ctam
280 3310 442 3382 (unde
464 3312 517 3366 in
545 3311 688 3383 angi.
715 3327 834 3368 sax.
858 3329 1018 3368 ναιεεη
1044 3320 1130 3369 est
1157 3312 1333 3368 tabula
1351 3311 1434 3368 vel
1450 3312 1708 3368 contabu-

104 3405 285 3460 Iatum
313 3404 536 3474 tectum)
567 3445 584 3472 ,
635 3407 854 3476 ponitur
881 3419 1013 3476 ergo
1061 3421 1157 3475 pro
1207 3405 1368 3460 domo
1403 3403 1702 3470 aediﬁcata,

103 3493 296 3550 minor
323 3494 466 3548 enim
492 3496 704 3559 domus,
733 3509 854 3550 casa
883 3535 898 3562 ,
957 3496 1155 3551 dicitur
1175 3494 1388 3565 hleiIJra
1420 3494 1580 3561 fem.;
1612 3494 1709 3550 do-

101 3603 231 3643 mus
265 3588 504 3656 tandem,
532 3589 584 3643 in
608 3598 864 3660 quantum
896 3599 979 3645 est
1011 3590 1363 3646 diversorium
1387 3589 1603 3661 gothice
1624 3599 1709 3645 est

100 3678 350 3752 satipvos
374 3680 514 3750 plnr.
549 3679 699 3748 Icm.;
728 3682 986 3752 templum
1021 3683 1136 3736 alhs
1153 3697 1322 3739 masc.
1355 3690 1458 3750 est,
1503 3679 1708 3752 gudhus

101 3783 297 3827 autem
328 3782 506 3828 neutr.
544 3773 724 3828 Murus
763 3774 984 3846 vaddjus
1015 3774 1166 3840 fem.,
1219 3789 1319 3829 nec
1365 3789 1472 3828 non
1519 3772 1708 3828 funda-

101 3877 358 3923 mentum
389 3877 441 3923 et
471 3868 712 3923 medialis
761 3883 947 3924 murus
991 3869 1200 3941 grnndu
1226 3899 1297 3910 —
1317 3877 1372 3925 et
1401 3867 1709 3940 mipgarda-

98 3959 360 4029 vaddjus,
385 3958 521 4026 lapis
542 3960 813 4032 angularia
839 3961 1427 4034 vaihstastaingmasc”
1451 3965 1709 4033 pinnacu-

97 4055 222 4110 lum
253 4056 396 4127 gibla
418 4071 611 4127 masc.,
646 4068 843 4114 tectum
887 4059 1002 4113 hrot
1026 4068 1230 4128 neutr.,
1262 4060 1312 4114 id
1335 4075 1441 4130 quo
1469 4060 1709 4130 operitur

95 4150 340 4221 (tegula,
372 4149 531 4219 later)
562 4150 733 4221 akalja
762 4151 912 4218 fem.,
939 4153 1084 4208 trabs
1107 4169 1200 4206 ana
1229 4166 1424 4217 masc.,
1457 4151 1708 4206 columna

91 4247 247 4301 sau!s
271 4248 435 4302 etiam
459 4246 610 4315 fcm.,
641 4247 791 4317 palus
810 4249 959 4320 gairu
988 4256 1164 4304 neutr.
1193 4248 1239 4316 (?
1261 4257 1314 4302 et
1334 4246 1495 4300 [muto
1527 4245 1706 4317 fem.);

92 4348 268 4408 porta
309 4338 504 4393 haurds
553 4337 680 4394 Iem.
725 4349 778 4396 et
831 4341 964 4394 daur
1005 4348 1210 4405 neutr.,
1241 4340 1450 4411 plurale
1498 4347 1708 4395 tantum

96 4431 350 4484 daurom
377 4430 500 4486 fem.
552 4432 736 4487 vulvas
758 4431 1059 4502 bipatentes
1113 4431 1423 4503 signiﬁcat;
1475 4431 1710 4488 fenestra

99 4526 426 4596 augadauro
473 4536 676 4593 neutr.;
710 4526 832 4581 aula
881 4528 1088 4595 rohms,
1143 4527 1400 4582 conclave
1456 4525 1635 4580 ubizva
1656 4534 1711 4581 et

94 4619 367 4675 cubicule
397 4618 563 4691 hepjo
601 4619 726 4675 fem.
751 4629 898 4690 sunt,
940 4621 1274 4678 cenaculum
1321 4619 1581 4694 (ἀγώγιον)
1622 4620 1710 4676 vel

91 4715 278 4769 turris
331 4711 572 4790 (πύργος)
590 4713 948 4770 keliknneutr.
981 4723 1082 4770 est.
1116 4713 1440 4770 Secundaria
1461 4704 1705 4768 aediﬁcia:

90 4809 373 4861 horreum
402 4805 573 4860 banm
604 4820 797 4873 masc.,
827 4821 954 4863 area
997 4805 1230 4878 gaprask
1276 4813 1450 4861 neutr.
1482 4822 1497 4872 ;
1529 4803 1711 4861 stabu-

93 4898 219 4954 lum
243 4899 419 4970 garda
465 4913 632 4955 masc.
661 4909 714 4956 et
758 4901 1105 4970 peculiariter
1135 4899 1462 4955 ovileavistr
1483 4908 1660 4954 neutr.
1691 4915 1708 4963 ;

90 4990 432 5047 molestrina
465 4991 677 5063 quimus
706 5006 875 5048 masc.
910 4991 1086 5048 Graec.
1107 4992 1264 5067 ἀγρός
1292 4990 1508 5048 diverso
1545 4991 1710 5046 modo

87 5085 332 5157 gothice
355 5085 584 5141 vertitur
624 5103 637 5141 :
672 5101 925 5157 campus,
977 5100 1105 5156 ager
1130 5085 1285 5156 1ιαὶῥὶ
1333 5085 1458 5141 fem.
1490 5099 1586 5156 per
1614 5099 1710 5156 op‘

86 5182 441 5254 positionem
466 5181 536 5237 ad
581 5182 800 5250 urbem;
848 5181 1110 5254 haimopli
1136 5189 1314 5236 neutr.
1346 5190 1405 5236 ut
1439 5180 1709 5251 obiectum

85 5274 480 5347 possessionis
507 5317 522 5341 ,
557 5275 675 5330 akrs
718 5289 888 5331 masc.
940 5275 1162 5330 relative
1183 5273 1249 5328 ad
1281 5273 1400 5343 ejus
1439 5287 1662 5344 scopum
1690 5319 1706 5344 ,

82 5367 266 5424 atisks
293 5381 464 5422 masc.
490 5369 571 5424 vel
602 5369 736 5422 an’sk
765 5377 943 5423 neutr.
978 5365 1279 5438 praesertim
1324 5375 1537 5427 satum;
1589 5381 1712 5435 pas-

86 5478 273 5519 cuum
306 5463 450 5534 vinja
487 5470 572 5518 est
618 5462 772 5530 fem.‘,
825 5462 1013 5517 hortus
1058 5471 1234 5517 autem
1263 5476 1391 5532 t'agg
1413 5468 1590 5516 neutr.
1623 5460 1710 5515 vel

86 5574 268 5631 vagg:
298 5570 466 5612 masc.
490 5573 505 5624 ;
535 5558 732 5612 oletum
755 5557 1048 5627 aurtigardt
1075 5564 1130 5614 et
1147 5557 1386 5612 vinetum
1407 5555 1708 5628 veinagard:

87 5668 307 5720 masc.,
335 5666 493 5722 sepes
521 5651 676 5724 faba,
711 5653 855 5708 fossa
886 5652 1047 5724 grnba
1074 5660 1130 5707 et
1175 5651 1333 5725 groba
1375 5650 1504 5707 fem.
1558 5659 1706 5706 sunt.

94 5748 278 5803 Extra
309 5744 528 5800 domum
567 5763 579 5800 :
608 5747 782 5816 platea
814 5746 1119 5819 fauradanri
1146 5754 1343 5812 neutr.,
1376 5744 1520 5816 quod
1543 5745 1705 5800 etiam

97 5842 248 5896 viam
275 5839 562 5914 designat,
594 5842 724 5898 alias
778 5859 936 5915 gaggs
968 5856 1132 5896 masc.
1185 5841 1248 5909 (ἲ
1301 5859 1433 5913 gngg
1455 5839 1660 5912 neutr.)
1687 5881 1704 5909 ,

103 5933 293 6008 plapja
322 5941 380 5991 et
403 5944 551 6007 ραιυο
579 5933 730 6002 Iem.;
761 5935 1059 6006 emporium
1086 5933 1263 6008 maplt
1289 5948 1457 5991 masc.
1481 5943 1587 5992 est.
1614 5934 1706 5993 Se-

523 6050 800 6113 ΡΑτιιοι.
831 6050 1063 6113 XVIII.

1571 394 1662 451 DE
1700 391 1985 454 NOMINE.

1795 508 2094 577 pulcretum
2129 504 2421 562 hlat'vasnoa
2446 504 2586 578 plur.
2648 491 2817 582 fem.,
2843 492 3162 586 sepulcrum
3188 531 3372 578 autern

1788 600 1975 653 aura/li
1999 602 2126 655 lem.
2155 599 2240 656 vel
2272 599 2406 654 htaiv
2439 611 2612 659 neutr.

1868 709 1886 743 ‹
1921 691 1972 763 b)
2036 691 2347 746 Vestimenta
2397 692 2682 766 (gavaseins
2735 698 2817 753 vel
2857 701 3048 772 vastjos
3091 712 3380 777 utrumque

1791 783 1943 850 fem.,
1971 786 2243 855 posterius
2263 795 2440 841 autem
2468 786 2629 857 plur.)
2662 789 3017 848 conﬁciuntur
3042 809 3108 849 ex
3130 796 3245 852 lino
3276 799 3379 853 lein

1794 888 1995 946 neutr.;
2029 893 2236 949 pannus
2263 880 2459 936 dicitur
2489 883 2613 950 fana
2661 897 2822 939 masc.
2877 885 2962 940 vel
3009 888 3144 956 plats
3198 899 3378 956 neutr.

1797 971 1998 1026 Nomen
2022 973 2328 1042 genericum
2355 975 2794 1030 vestimentorum
2821 987 2937 1033 erat
2965 981 3096 1034 vasti
3126 981 3253 1036 fem.
3284 953 3380 1038 tri-

1791 1064 1984 1134 plicem
2031 1066 2264 1133 speciem
2313 1066 2681 1135 amplectens:
2713 1076 2832 1140 toga
2865 1070 3013 1141 (gall.
3051 1071 3100 1126 le
3134 1073 3382 1130 vétement

1791 1156 1855 1211 de
1900 1156 2132 1229 dessem)
2181 1158 2337 1229 paida
2365 1159 2494 1214 fem.
2539 1162 2858 1236 (peregrinae
2888 1163 3156 1237 originis),
3200 1169 3382 1225 tunica

1794 1248 1938 1318 (gall.
1973 1247 2020 1302 le
2047 1249 2288 1303 vétement
2333 1250 2398 1305 de
2441 1251 2640 1323 destas)
2669 1268 2831 1327 maga
2871 1269 3038 1312 masc.
3069 1266 3125 1312 et
3157 1259 3381 1328 pallium

1792 1341 1976 1400 hakule
2006 1361 2198 1412 masc.;
2235 1357 2353 1419 toga
2386 1349 2599 1421 cingulo
2626 1352 2812 1422 gairda
2839 1352 2963 1409 rem.
3001 1355 3334 1414 retinebatur
3361 1375 3379 1426 ;

1794 1445 1930 1508 togae
1989 1439 2197 1496 ﬁmbria
2223 1441 2398 1496 skauts
2426 1458 2594 1500 masc.
2647 1446 2880 1502 Pedibus
2909 1450 3229 1519 aplabantur
3256 1466 3384 1508 san-

1794 1530 1930 1585 dalia
1958 1533 2123 1603 suljos
2149 1533 2276 1588 rem.
2302 1537 2446 1605 plur.
2493 1547 2585 1592 aut
2613 1538 2976 1597 calceamenta
3007 1542 3134 1597 alto/3
3159 1544 3246 1601 vel
3287 1563 3383 1617 ga-

1793 1623 1918 1677 skoh
1951 1635 2125 1680 neutr.
2156 1627 2176 1698 (
2192 1627 2213 1681 ?
2239 1625 2392 1682 sltth
2419 1629 2642 1703 masc.),
2661 1647 2782 1703 quae
2803 1634 3049 1704 corrigiis
3072 1635 3384 1707 skaudaraip

1798 1724 1972 1769 neutr.
2016 1717 2326 1786 alligabant.
2380 1719 2525 1776 Inter
2571 1732 2888 1780 ornamenta
2929 1725 3218 1784 mulierum
3265 1740 3384 1787 erat

1795 1811 2010 1878 peplum
2037 1809 2224 1865 hulistr
2249 1819 2426 1867 neutr.

1872 1922 1890 1954 ‹
1921 1905 1970 1973 c)
2005 1905 2433 1977 Superlectilibus
2481 1917 2535 1964 et
2562 1909 2913 1968 instrumentis
2943 1892 3151 1970 habes:
3186 1915 3384 1973 lectum

1795 1998 1922 2068 tigrs
1953 2013 2143 2066 masc.,
2169 2001 2289 2055 badi
2312 2010 2514 2069 neutr.;
2547 2003 2798 2072 pulvinar
2822 2007 3032 2076 vaggari
3059 2015 3260 2075 neutr.,
3293 2024 3387 2066 se-

1795 2089 1900 2144 dile
1926 2091 2039 2145 eius
2069 2100 2124 2147 et
2151 2092 2404 2149 cathedra
2426 2094 2553 2148 stole
2580 2109 2770 2163 masc.;
2795 2111 2981 2154 mensa
3012 2098 3162 2155 bind:
3191 2115 3384 2166 masc.;

1795 2182 2089 2238 scabellum
2142 2184 2420 2254 fotubaurd
2449 2195 2662 2253 neutr.;
2693 2188 2870 2244 velum
2915 2189 3140 2260 {aur/tale
3181 2201 3387 2261 neutr.;
3475 2180 3480 2188 “

1797 2276 2072 2347 speculum
2116 2276 2339 2351 skuggva
2368 2293 2563 2346 masc.;
2614 2279 2833 2336 lucerna
2872 2281 3294 2352 lukarn.neutr.,
3336 2295 3391 2342 et

1797 2371 2176 2428 candelabrum
2228 2372 2605 2447 lukarnastapa
2645 2389 2836 2443 masc.;
2882 2377 3020 2432 unda
3057 2378 3170 2434 hais
3209 2387 3389 2437 neutr.

1802 2465 1908 2520 Vas
1940 2466 1994 2521 in
2023 2480 2241 2536 genere,
2277 2466 2544 2536 imprimis
2571 2475 2870 2538 terrenum,
2901 2469 2994 2524 Ita:
3021 2481 3222 2540 neutr.,
3256 2487 3393 2528 urna

1797 2557 2018 2628 aurkeis,
2035 2558 2177 2614 calix
2204 2558 2371 2625 stikls,
2396 2558 2548 2615 lebes
2564 2558 2718 2616 katils
2748 2575 2918 2616 masc.
2945 2571 3098 2630 sunt;
3120 2579 3245 2620 arca
3265 2563 3392 2619 arka

1799 2651 1952 2717 fem.,
1971 2663 2088 2709 uter
2100 2647 2243 2723 ba‘lgs
2255 2661 2311 2710 et
2332 2666 2522 2709 saccus
2537 2653 2723 2708 sakkus
2746 2669 2942 2725 masc.,
2967 2670 3068 2712 nec
3095 2672 3200 2712 non
3226 2667 3279 2714 et
3298 2673 3393 2729 ye-

1802 2746 2079 2816 regrinum
2105 2744 2348 2816 spyreida
2375 2753 2581 2816 sporta,
2610 2745 2736 2800 dum
2768 2746 2984 2818 gothica
3012 2753 3189 2822 snorjo
3213 2751 3394 2808 corbis

1801 2840 2096 2898 corticibus
2139 2840 2222 2896 vel
2279 2839 2384 2896 ﬁlis
2413 2840 2681 2911 confecta,
2712 2851 2767 2898 et
2795 2844 2964 2914 tainjo
2995 2854 3176 2915 sporta
3229 2846 3396 2917 virgis

1803 2942 1951 2990 texta
1979 2934 2107 2990 fem.
2140 2941 2286 3004 sunt,
2311 2935 2444 2990 item
2473 2934 2696 3005 laqueus
2717 2934 2946 2990 hlamma
2964 2945 3018 2992 et
3038 2954 3253 3011 vruggo,
3277 2941 3398 2997 vino

1802 3028 1983 3084 culum
2015 3027 2190 3096 bandi,
2225 3042 2444 3099 compes
2475 3028 2772 3096 kunaveda;
2817 3029 2912 3085 sed
2941 3029 3208 3100 ﬂagellum
3236 3033 3396 3104 gazde

1803 3131 1860 3178 et
1896 3137 2032 3178 crux
2081 3121 2236 3194 galga
2275 3136 2442 3178 masc.
2476 3130 2638 3188 sunt;
2679 3120 2807 3178 Iem.
2837 3131 2964 3178 sunt
3008 3125 3226 3194 insuper
3265 3141 3398 3184 acus

1803 3215 1987 3287 nepla,
2017 3215 2225 3271 securis
2253 3215 2408 3287 aqizi,
2435 3213 2637 3271 falcula
2670 3213 2848 3288 ςὶιρα,
2897 3216 3254 3273 ventilabrum
3281 3218 3398 3273 oin-

1804 3307 2080 3380 piskauro,
2135 3316 2374 3362 aratrum
2424 3311 2631 3377 autem;
2660 3306 2796 3362 hoha
2833 3317 2920 3363 est
2967 3323 3131 3366 masc.
3182 3319 3238 3367 et
3282 3320 3400 3369 rete

1805 3401 1916 3454 nati
1954 3409 2158 3466 neutr.;
2207 3399 2361 3455 navis
2399 3399 2511 3472 ship
2551 3407 2636 3456 est
2685 3400 2851 3457 etiam
2899 3410 3102 3472 neutr.,
3145 3403 3242 3461 sed
3278 3403 3399 3476 ejus

1806 3508 1980 3564 puppa
2006 3501 2126 3547 nota
2152 3505 2321 3547 masc.
2350 3500 2452 3548 est.

1881 3605 1900 3640 ι
1933 3585 1989 3657 d)
2013 3586 2172 3640 Arma
2197 3585 2369 3658 (sarva
2393 3595 2450 3643 et
2473 3601 2637 3658 vepna
2664 3593 2955 3658 utrumque
2993 3596 3173 3646 neutr.
3225 3589 3400 3665 plur.)

1805 3686 1932 3734 sunt
1960 3695 1975 3734 :
2005 3679 2155 3749 galea
2203 3677 2380 3746 hilma,
2425 3677 2645 3749 clypeus
2673 3679 2870 3734 akildus
2899 3687 2954 3736 et
2978 3681 3186 3752 gladius
3221 3683 3402 3741 hairus

1805 3789 1997 3843 masc.,
2049 3773 2397 3844 probabiliter
2442 3774 2608 3829 etiam
2654 3773 2838 3830 mekeis
2867 3775 3092 3846 (masc.)
3118 3778 3240 3832 Ioco
3270 3777 3402 3832 mekt’

1810 3867 2038 3940 (neutr.)
2064 3868 2349 3939 legendum
2381 3877 2486 3937 est,
2517 3867 2716 3939 quippe
2747 3881 2870 3922 cum
2897 3867 2954 3924 in
2975 3868 3165 3926 vicinis
3191 3886 3402 3927 sermo-

1809 3963 1966 4018 nibus
2009 3976 2178 4018 masc.
2218 3969 2337 4027 est;
2391 3960 2584 4015 thorax
2633 3961 2818 4034 brunjo
2856 3969 2914 4016 et
2954 3962 3120 4018 telum
3160 3980 3401 4021 arwazna

1809 4064 1935 4110 sunt
1975 4054 2130 4121 Iem.,
2175 4053 2361 4109 lancea
2393 4053 2484 4125 (ex
2513 4053 2637 4122 palo
2682 4051 2860 4110 ferreo
2889 4054 3028 4127 orta)
3059 4056 3256 4113 dicitur
3295 4060 3398 4114 tria

1808 4145 1941 4216 (vid.
1973 4146 2075 4201 Mc.
2107 4160 2217 4213 xxv,
2247 4145 2366 4216 45).

1886 4260 1904 4293 ‹
1934 4239 1981 4313 e)
2000 4240 2244 4304 Monetae,
2274 4253 2544 4306 mentum,
2569 4246 2676 4295 etc.
2706 4255 2720 4294 :
2751 4251 3037 4310 argenteus
3069 4256 3322 4300 nummus
3342 4243 3399 4301 in

1808 4348 2006 4405 genere
2033 4342 2086 4388 et
2115 4347 2240 4388 mna
2271 4333 2326 4387 in
2354 4330 2660 4403 particulari
2685 4330 2845 4386 altam
2863 4347 3055 4403 masc.;
3074 4350 3141 4392 ex
3163 4337 3401 4394 monetis

1808 4426 2106 4482 minoribus
2136 4424 2371 4498 akilliggs
2401 4433 2604 4480 tantum
2633 4424 2907 4495 gothicum
2932 4437 3044 4493 est;
3074 4426 3221 4494 aliae,
3249 4429 3401 4485 drak-

1809 4536 1892 4574 ma
1920 4518 2126 4575 scilicet
2155 4516 2434 4583 drachma,
2479 4516 2653 4572 kintus
2694 4517 2949 4574 denarius
2977 4527 3032 4573 et
3068 4523 3300 4591 assarjus
3339 4536 3402 4578 as

1809 4611 2108 4684 peregrinae
2129 4619 2255 4668 sunt
2276 4610 2522 4682 originis,
2542 4620 2595 4668 ct
2623 4625 2812 4668 omnes
2829 4613 3158 4670 masculinm.
3189 4615 3401 4673 Modius

1809 4707 1945 4760 meta
1984 4713 2068 4761 est
2092 4705 2255 4763 etiam
2282 4718 2476 4773 masc.,
2519 4703 2616 4782 sed
2641 4707 2810 4760 aleina
2845 4706 2970 4762 ulna
3005 4705 3135 4764 fem.
3165 4716 3223 4764 et
3257 4710 3400 4780 pund

1809 4797 1945 4854 libra
1973 4809 2151 4855 neutr.

1885 4912 1905 4947 σ
1943 4895 1989 4966 f)
2035 4893 2189 4949 Cibus
2233 4893 2385 4967 (mals
2413 4893 2612 4965 masc.)
2641 4901 2696 4950 et
2725 4902 2876 4963 potus
2919 4893 3105 4967 (dragk
3146 4899 3350 4968 neutr.)
3383 4917 3397 4954 :

1805 4986 1962 5060 panis
1990 4986 2148 5058 hlaifs
2174 5001 2344 5042 masc.
2368 4995 2472 5054 est,
2506 4985 2674 5041 farina
2699 4987 2790 5057 (ex
2817 5001 2956 5058 aqua
2982 4985 3226 5060 subacta)
3251 4989 3402 5063 daig:

1807 5084 1972 5141 etiam
2016 5097 2210 5149 masc.,
2255 5081 2349 5138 sed
2386 5082 2709 5138 fermentum
2742 5080 2868 5136 beist
2893 5090 3104 5147 neutr.;
3137 5097 3262 5138 caro
3285 5084 3396 5140 vid.

1807 5193 1969 5250 supra
2004 5177 2080 5249 I).
2111 5178 2297 5234 Oleum
2323 5174 2456 5241 atev,
2479 5175 2586 5231 mel
2612 5173 2770 5246 mitip
2792 5182 2847 5230 et
2869 5174 3051 5230 vinum
3082 5177 3195 5230 vein
3221 5187 3398 5235 neutr.

1807 5281 1970 5340 sunt;
2001 5276 2174 5330 sicera
2202 5270 2380 5345 (cipue
2403 5278 2460 5327 et
2483 5280 2696 5327 acetum
2712 5270 2873 5326 akeiu
2894 5285 3089 5339 masc.,
3120 5281 3174 5328 et
3195 5273 3278 5329 lac
3303 5276 3401 5328 mi.

1806 5367 1920 5422 Iulis
1949 5365 2072 5421 Iem.
2114 5384 2134 5418 ›

1878 5462 1938 5535 5)
1971 5463 2208 5519 Plurima
2255 5460 2540 5528 vocabula,
2588 5475 2714 5532 quae
2742 5468 2938 5529 artem,
2986 5475 3200 5522 munus,
3236 5477 3394 5533 nego-

1807 5554 1964 5622 tium,
1995 5555 2302 5610 habitnmve
2326 5554 2652 5624 signiﬁcant,
2678 5553 2838 5612 etiam
2866 5567 3145 5624 personas,
3177 5570 3294 5624 quae
3319 5555 3402 5612 his

1805 5661 1943 5720 arte,
1974 5657 2342 5718 munere,etc.
2374 5648 2689 5720 Iunguntur,
2721 5647 3026 5720 designant,
3059 5663 3147 5704 ex.
3178 5664 3260 5720 gr.
3291 5650 3403 5704 ταί-

1805 5763 1894 5801 rus
1926 5745 2120 5816 legatio
2147 5755 2201 5801 et
2229 5746 2455 5816 legatus,
2485 5760 2676 5817 gaman
2715 5743 2947 5800 societas
2993 5751 3048 5798 et
3093 5743 3293 5807 socius,
3337 5743 3403 5812 ῤ-

1806 5839 2131 5914 durragineis
2154 5835 2445 5894 tetrarchia
2478 5845 2534 5892 et
2557 5837 2857 5893 tetrarchns
2881 5835 3028 5906 (coll.
3055 5834 3121 5888 ad
3156 5834 3282 5888 Luc.
3318 5851 3398 5899 nt,

1809 5931 1896 6005 I);
1928 5932 2060 5988 Luc.
2106 5947 2183 6002 rx,
2215 5931 2285 5988 52
2321 5932 2459 5987 ictus
2503 5931 2782 5986 ineundida
2828 5931 2892 5983 ai
2907 5944 3065 5982 rnns
3111 5927 3398 6002 (ἀγγέλους)

2786 6042 2862 6104 31ι
