3844 6622
78 393 213 456 1089

1488 377 1578 436 DE
1614 367 1904 435 NOMINE.

3204 339 3341 404 1090

75 513 382 586 coniuncta,
404 513 507 562 ια
532 511 641 559 nos]
666 507 728 557 an
749 511 914 555 unum
940 499 1246 552 continuata
1274 482 1543 550 habentur
1565 491 1653 549 vel
1761 483 1815 538 si
1831 481 1950 535 bun
1969 465 2076 532 sin
2090 471 2239 546 [iam
2271 467 2372 525 ana
2392 466 2494 541 dog
2512 461 2793 540 gavandjai
2815 458 2915 520 sik.
2943 459 3062 519 Alia
3088 458 3338 530 exempla

77 609 398 677 cogitantur,
428 600 620 675 bajops
648 613 800 667 vero,
825 595 918 653 ubi
947 595 1015 651 de
1045 589 1274 664 objectis
1318 587 1517 644 diversi
1561 599 1655 656 ge-

77 701 229 757 neris
273 698 355 754 vel
401 696 610 752 duabus
655 693 896 765 partibus
941 691 1136 762 agitur.
1167 683 1324 754 Quod
1371 682 1659 739 discrimen

1759 577 1870 632 vid.
1897 573 2076 631 Gloss.
2100 586 2154 624 v.
2179 566 2328 640 sinp.

1833 669 1967 725 Cum
1991 662 2322 722 ordinalihus
2346 657 2540 729 prima,
2568 651 2827 723 secunda,
2852 649 3012 708 tertia
3046 649 3167 706 vice
3208 661 3345 704 neu-

80 739 229 757 ..νησ
284 739 355 754 ω.
403 739 610 752 ...η-...υ
658 739 895 765 ,,...-..,--
941 739 970 746 _
1013 739 1134 746 η---

80 792 290 850 Gothus
319 790 506 846 stricte
535 796 736 855 servat,
769 787 894 841 licet
922 739 1189 854 inagraeco
1213 788 1363 835 textu
1388 776 1663 850 ἀμφότεροι

1834 777 1906 815 im
1962 759 2018 814 in
2068 755 2375 813 accusativo
2431 750 2650 822 ponitur
2681 765 2697 804 :
2727 747 2854 802 Cor.
2895 743 2975 813 ll,
3000 757 3106 811 ιιι,
3161 741 3230 797 14
3272 739 3351 793 sai

1918 854 1956 855 ,,
2052 850 2072 855 _
2251 847 2263 855 .
2341 849 2350 855 .
2395 845 2400 854 .
2444 843 2457 855 ι
2740 842 2760 853 -ι
2878 837 2890 848 ·
2932 853 3011 855 ΑΜ-.
3069 832 3184 855 11-1]
3245 833 3325 855 Αἱ.-.

83 832 290 850 νη.-.
319 832 506 846 ...μνη
535 832 736 855 -.η-ν,
771 832 894 841 ..-π
1051 832 1182 838 mn
1220 832 1262 835 --
1315 832 1318 833 ν
1422 832 1432 850 .
1467 832 1478 850 .
1581 832 1593 850 .

82 901 184 958 Pro
212 892 437 955 utroque
467 897 597 938 casu
625 880 865 935 inveniat
894 895 908 932 :
941 832 1073 932 Luto.
1115 891 1154 942 ι,
1178 873 1211 928 6
1239 886 1395 926 vesun
1427 867 1667 942 garaihta
1763 854 1990 926 Inidia
2038 850 2209 958 ῥαξα
2245 843 2463 923 (τρίτδν)
2490 857 2704 958 malm)”
2739 837 3045 958 iniiinlm‘”;
3069 832 3216 958 cop"
3243 833 3355 904 in“

86 925 182 1043 2.,
222 925 425 1033 scilicet
448 972 738 1030 Zacharias
764 979 819 1026 et
850 925 1160 1033 Elisabeth;
1192 967 1322 1021 item
1351 925 1524 1027 νεξίς
1553 975 1608 1029 v,
1633 959 1668 1014 7

1834 952 1883 1002 st
1913 941 2162 1021 (πρῶτον)
2214 941 2445 1014 primum
2472 944 2530 994 et
2556 935 2691 1008 pata
2717 932 2893 1006 astpar
2918 930 3000 1005 (τὸ
3021 925 3217 998 λοιπόν)
3248 939 3354 982 (εω-

86 1071 446 1146 gafullidedun
491 1069 561 1123 ba
597 1066 675 1138 po
703 1065 852 1137 slsipa
894 1074 1120 1133 utraque
1161 1060 1344 1125 navis;
1371 1055 1540 1125 vr,59
1565 1053 1671 1108 ibai
1768 1054 1963 1101 terum.

84 1182 210 1238 mag
235 1159 404 1218 blinds
436 1158 906 1216 blindanatiuhan.
946 1157 1037 1211 niu
1078 1154 1196 1210 bai
1232 1153 1289 1207 in
1331 1151 1418 1206 dat
1462 1149 1676 1223 gadriu-

85 1261 256 1327 saud;
281 1274 376 1326 vn,
404 1257 468 1313 41
495 1256 607 1311 aius
628 1252 815 1309 skulda
844 1251 1007 1306 skalle
1047 1246 1360 1320 ﬁmfhunda,
1391 1243 1458 1317 ip
1500 1259 1565 1296 an
1568 1241 1678 1314 par

87 1354 402 1426 ﬁmftiguns.
444 1349 517 1405 12
559 1349 614 1404 ni
643 1345 938 1402 habandam
983 1343 1125 1416 pan,
1157 1339 1340 1412 wapro
1383 1336 1674 1409 usgebeina,

95 1447 279 1502 baim
316 1443 498 1517 {raqaf
523 1440 763 1512 utrique,
807 1437 861 1493 id
903 1444 1006 1504 est,
1035 1432 1300 1489 ambobus
1344 1426 1680 1487 debitoribus

87 1553 193 1610 per
226 1535 622 1608 oppositionem
664 1532 734 1589 ad
775 1530 1135 1594 creditorem;
1167 1525 1306 1596 Eph.
1337 1539 1396 1591 ll,
1427 1523 1497 1580 14
1535 1530 1680 1594 gala-

87 1633 214 1687 vida
242 1630 320 1704 po
350 1632 424 1686 ba
461 1631 536 1685 du
563 1628 771 1692 samiu;
798 1623 866 1681 l6
907 1621 1196 1697 gafriboda
1235 1620 1380 1692 pons
1416 1617 1593 1672 bans
1628 1617 1686 1671 in

91 1726 359 1781 aiuamma
387 1721 518 1778 leilsa
539 1719 711 1795 gupa.
727 1719 769 1774 Ε
787 1717 1058 1774 contrario
1086 1713 1217 1770 Mth.
1234 1728 1309 1779 1x,
1325 1711 1390 1766 17
1406 1719 1462 1767 et
1481 1709 1614 1765 Luc.
1627 1722 1684 1776 v,

91 1818 171 1876 38
193 1816 409 1890 giutand
436 1815 548 1869 vein
560 1816 785 1887 juggata
812 1813 869 1865 in
900 1809 1102 1881 balgins
1123 1807 1334 1877 niujans
1346 1801 1444 1876 jah
1485 1802 1514 1856 b
1535 1800 1608 1872 aj
1629 1815 1690 1853 o-

91 1912 252 1987 pum
292 1910 512 1984 (vinum
543 1907 752 1962 scilicet
804 1912 860 1960 et
912 1902 1094 1974 utres)
1149 1896 1500 1971 gabairgada;
1547 1890 1686 1961 Eph.

91 1982 160 2073 ἶι,
193 1982 406 2070 17,-18
455 1999 698 2076 gavairpi
747 1998 875 2053 isvis
923 1996 1065 2069 jusei
1102 1994 1265 2066 {airra
1308 1989 1409 2059 jah
1452 1982 1693 2061 gavairbi

92 2100 255 2173 paim
319 2098 419 2153 izci
491 2112 632 2151 newa
687 2101 809 2150 unte
883 2090 1045 2164 pairh
1110 2090 1202 2143 ina
1265 2084 1449 2140 habam
1507 2083 1720 2153 atgagg'

95 2169 267 2262 bajo
286 2190 372 2262 [1s
421 2191 440 2260 (
474 2201 668 2257 nempe
711 2198 809 2240 vos
858 2189 916 2238 et
963 2195 1062 2236 nos
1101 2194 1170 2236 ex
1215 2177 1428 2234 diversa
1492 2169 1695 2243 parte)

95 2283 181 2336 du
221 2282 378 2344 auiti;
409 2278 590 2346 Skeir,
645 2275 731 2343 ll,
784 2273 819 2329 d
864 2282 970 2328 tvos
999 2268 1310 2345 ganamnida
1351 2265 1516 2322 vaihts
1561 2275 1702 2317 svesa

98 2374 132 2428 b
157 2376 232 2447 aj
251 2389 282 2427 ο
299 2372 454 2445 pum
491 2366 782 2442 (nimirum
813 2379 1012 2436 corpus
1043 2374 1099 2420 et
1142 2360 1360 2433 anima)
1386 2360 1458 2414 du
1486 2354 1704 2427 daupei-

97 2466 226 2521 nais
257 2463 562 2536 garehsnai;
591 2459 679 2529 Ill,
708 2473 741 2514 a
801 2457 830 2513 b
850 2459 965 2530 ajo
981 2455 1138 2529 [sum
1175 2453 1422 2525 (scilicet
1467 2449 1704 2506 Joannes

106 2567 174 2614 et
191 2555 464 2621 Christus,
491 2553 583 2624 qui
611 2553 710 2609 sub
736 2559 987 2622 respectu
1029 2545 1374 2620 baptismatis
1415 2543 1505 2601 hic
1539 2555 1710 2614 oppo-

103 2645 353 2720 nuntur)
391 2645 748 2720 daupjandam
774 2645 874 2717 jah
902 2640 1378 2715 ainwaparammeh
1402 2640 1546 2694 scina
1580 2653 1711 2692 ana-

107 2741 414 2814 ﬁlhandam
441 2738 661 2811 daupein
691 2737 761 2791 mi
765 2735 810 2810 p
830 2736 901 2790 sis
921 2736 1077 2790 misso
1105 2733 1182 2789 silc
1207 2735 1486 2788 adrunnun
1518 2730 1707 2785 sumai.

189 2853 214 2888 ι
244 2835 308 2906 α)
355 2831 542 2900 Quoad
605 2844 761 2886 usum
791 2827 1178 2886 vocabulorum
1209 2827 1322 2882 aius
1349 2833 1406 2882 et
1432 2841 1500 2879 an
1504 2821 1612 2896 par
1659 2823 1713 2879 in

111 2926 408 2986 sententiis
463 2921 794 2982 coordinatis
833 2921 970 2994 (aius
993 2951 1064 2962 —
1089 2937 1157 2975 an
1159 2918 1288 2994 par,
1333 2916 1596 2990 anpar—
1619 2932 1718 2970 an-

116 3020 250 3096 par,
294 3029 429 3090 etc.,
455 3031 598 3076 unus
624 3047 693 3058 —
719 3014 877 3086 alter,
908 3014 1038 3085 etc.)
1059 3011 1168 3069 vid.
1219 3011 1310 3068 ubi
1353 3009 1422 3066 de
1451 3007 1719 3065 sententia

115 3113 426 3186 composita
447 3119 729 3168 tractatur.
766 3127 786 3163 ι

189 3205 283 3264 ιγ.
309 3206 707 3262 Βιετιιιιιυτινλ.
725 3201 785 3261 Si
808 3200 1033 3258 tveihnai
1055 3199 1162 3256 duo
1186 3199 1300 3272 (δενά
1325 3196 1442 3270 δύο)
1459 3195 1718 3265 excipias,

123 3299 477 3358 distributiva
508 3297 723 3371 gothice
751 3309 860 3352 non
907 3300 1220 3359 occurrunt,
1266 3290 1360 3346 sed
1407 3304 1503 3360 per
1549 3284 1724 3342 wazuh

120 3401 182 3450 et
213 3390 470 3465 warjisuh
509 3389 758 3459 quisque,
790 3393 846 3442 et
873 3385 924 3440 bi
954 3383 1136 3458 (κατὰ)
1167 3379 1680 3439 circumscribuntur
1705 3393 1720 3430 :

123 3487 262 3544 Luc.
295 3501 371 3551 Ix,
402 3484 438 3539 ὅ
464 3483 520 3537 ni
564 3480 702 3537 vaiht
740 3477 945 3552 nimaiI)
993 3480 1051 3533 in
1104 3479 1207 3550 vig,
1252 3475 1343 3530 nili
1394 3473 1727 3530 tveihnos

126 3580 253 3653 (δινά
273 3577 392 3650 δύο)
412 3577 633 3650 paidos;
674 3574 776 3631 hic.
806 3589 914 3640 vn,
945 3574 1008 3629 3i
1041 3587 1161 3642 qam
1187 3579 1241 3624 at
1272 3568 1465 3623 marein
1495 3564 1730 3636 galeilaie

125 3672 251 3745 mil)
302 3682 360 3727 to
383 3670 537 3726 eihn
559 3669 628 3725 ai
641 3687 692 3724 ιιι
737 3667 967 3723 mar/tom
1001 3667 1118 3738 (δινά
1165 3666 1322 3740 μέσον
1357 3671 1460 3721 τῶν
1511 3659 1724 3739 opim);

131 3765 240 3820 Mc.
274 3779 353 3832 vr,
385 3765 416 3818 7
457 3764 667 3834 dugann
693 3763 832 3816 iesus
861 3759 1004 3832 pons
1034 3759 1187 3828 tvalif
1210 3757 1492 3829 insandjan
1541 3764 1730 3809 tvans

130 3858 411 3916 wanzuh
433 3859 552 3932 (ἀνά
581 3856 732 3930 δύο);
757 3858 886 3913 Luc.
917 3872 978 3920 χ,
1017 3858 1068 3923 1,
1111 3871 1186 3922 Ix,
1221 3855 1288 3910 14
1318 3853 1636 3926 gavaurkeiI)
1664 3856 1733 3908 im

137 3951 494 4024 anakumbjan
522 3951 761 4005 kubituns
786 3965 906 4003 ana
965 3947 1307 4020 warjanoh
1358 3947 1735 4018 ﬁmftiguns

141 4048 226 4121 (in
259 4058 530 4118 quemque
558 4044 940 4116 quinquaginta
960 4084 976 4108 ,
1022 4041 1151 4112 gall.
1200 4042 1476 4112 cinquanle
1505 4057 1598 4109 par
1629 4040 1738 4095 cin-

133 4146 356 4209 quanle,
379 4138 478 4194 ἀνά
497 4133 853 4206 πεντήκοντα),
876 4132 999 4188 coll.
1028 4131 1162 4188 Mth.
1192 4147 1364 4197 xxvn,
1391 4131 1490 4198 l5;
1521 4130 1622 4186 Mc.
1644 4146 1737 4199 xv,

136 4231 211 4297 6;
248 4230 379 4286 Cor.
401 4228 444 4298 Ι,
468 4244 578 4295 xiv,
605 4228 672 4282 27
691 4225 878 4298 jappe
898 4225 1079 4280 rasdai
1100 4240 1203 4279 was
1230 4223 1427 4296 rodjai,
1452 4223 1509 4276 bi
1549 4233 1741 4278 tvans

2317 1149 2368 1198 4.
2430 1139 2800 1198 PRONOMEN.

2095 1257 2172 1319 Α.
2259 1267 2604 1314 PRONOMBN
2645 1260 3038 1309 PEBSONALI.

1851 1381 2033 1456 §_l99.
2082 1377 2138 1452 l)
2169 1376 2492 1434 Pronomina
2518 1367 2828 1444 personalia
2851 1372 2980 1423 sunt
3007 1379 3024 1418 :
3056 1374 3157 1434 pro
3185 1358 3362 1444 prima

1778 1488 2012 1547 persona
2035 1471 2088 1526 ik
2103 1485 2224 1542 ego,
2245 1469 2348 1524 veis
2370 1482 2498 1534 nos;
2527 1479 2625 1536 pro
2652 1458 2885 1519 secunda
2903 1457 2984 1530 [su
3014 1464 3095 1523 tu,
3109 1456 3201 1527 jus
3230 1465 3361 1516 vos;

1779 1546 1878 1640 pro
1909 1567 2090 1632 tertia,
2119 1579 2240 1635 qua
2254 1560 2455 1618 diversi
2483 1557 2698 1631 generis
2726 1562 2832 1623 est,
2861 1553 2907 1606 is
2929 1551 3001 1619 is,
3029 1547 3076 1605 si
3105 1562 3194 1614 ea,
3223 1546 3368 1616 plur.

1781 1659 1852 1714 eis
1880 1659 1948 1725 ii;
1979 1673 2040 1712 sa
2070 1656 2157 1711 hic
2179 1693 2196 1721 ,
2224 1669 2282 1708 so
2311 1653 2450 1719 haec,
2472 1649 2612 1720 plur.
2643 1645 2741 1718 ραι
2772 1644 2855 1713 hi,
2879 1653 2935 1700 et
2961 1652 3258 1713 pronomen
3281 1650 3372 1692 re-

1783 1749 2037 1806 ﬂexivum
2066 1745 2145 1801 silc
2168 1761 2250 1802 se.

1872 1861 1890 1894 ι
1925 1838 2220 1897 Annotatio
2245 1837 2374 1892 1.-
2393 1833 2452 1889 Is
2473 1831 2614 1890 idem
2632 1837 2716 1887 est
2731 1836 2891 1898 atque
2908 1838 3140 1897 graecum
3161 1823 3334 1886 αὐτὸς,
3353 1818 3380 1876 ὅ

1791 1932 1939 2007 (gall,
1961 1933 2041 2003 il),
2061 1930 2156 1986 sed
2177 1928 2441 2001 adjective
2466 1923 2608 1981 sumi
2631 1937 2738 1978 non
2764 1925 2944 1991 potest
2968 1931 3098 1988 pro:
3120 1915 3230 1980 hic,
3255 1914 3380 1978 ille;

1791 2042 1850 2082 sa
1869 2033 2046 2080 autem
2069 2021 2352 2094 :nquivalet
2373 2031 2536 2092 graec.
2562 2015 2717 2076 αὐτὸς
2738 2022 2794 2068 et
2812 2007 2955 2073 οὗτος
2974 2016 3030 2064 et
3049 2019 3386 2076 consequen-

1803 2125 1886 2174 ter
1911 2123 1995 2172 est
2018 2115 2179 2170 etiam
2200 2112 2522 2184 adjectivum
2542 2124 2557 2176 ;
2581 2107 2651 2163 de
2677 2106 2871 2161 horum
2893 2098 3272 2172 pronominum
3301 2094 3384 2150 di-

1801 2207 2060 2266 scrimine
2080 2206 2192 2262 vid.
2243 2205 2272 2276 ᾗ
2309 2203 2508 2270 202,1.
2541 2219 2563 2255 s

1873 2304 1928 2372 2)
1961 2301 2099 2357 Cum
2131 2311 2426 2370 pronomen
2456 2291 2744 2365 personale
2769 2288 3073 2361 subjectum
3097 2293 3203 2351 est,
3225 2294 3390 2354 pecu-

1803 2392 2011 2449 liariter
2039 2404 2148 2446 non
2192 2387 2534 2458 exprimitur,
2582 2384 2706 2456 quia
2752 2381 2866 2454 jam
2913 2374 3394 2436 interminatione

1803 2484 1956 2541 verbi
2009 2482 2265 2555 implicite
2307 2479 2638 2537 continetur.
2667 2475 2867 2532 Verum
2909 2484 3092 2530 tamen
3139 2467 3392 2540 explicito

1806 2577 1964 2634 adest

1809 2671 1861 2687 ""
1879 2668 1937 2743 a)
1962 2667 2266 2724 Pronomen
2290 2665 2478 2736 primae
2500 2672 2553 2718 et
2577 2659 2827 2719 secundae
2850 2671 3114 2738 personae,
3147 2669 3268 2711 cum
3293 2651 3402 2708 sci-

1818 2761 1948 2818 licet
1968 2758 2212 2830 quaadam
2245 2755 2517 2827 emphasis
2549 2755 2600 2809 in
2646 2768 2712 2808 eo
2741 2751 2904 2822 jacet,
2933 2764 3056 2805 cum
3103 2745 3401 2818 prmsertim

1817 2855 1886 2910 ad
1916 2852 2064 2909 aliud
2097 2851 2388 2922 opponitur
2413 2865 2428 2903 :
2457 2847 2613 2903 Joan.
2635 2857 2712 2914 vt,
2741 2844 2813 2900 20
2836 2843 3063 2922 ohtedun
3100 2841 3194 2908 sis,
3223 2836 3402 2911 paruis

1815 2942 1925 3016 ᾳαρ
1946 2931 2085 2998 iesus
2109 2919 2206 2996 {iis
2233 2930 2337 3008 im,
2357 2938 2412 2992 ni
2436 2935 2594 3010 ogeip
2622 2934 2749 2990 isvis
2771 2949 2792 3000 ;
2817 2932 2948 2987 Luc.
2970 2919 3136 2998 έξ21
3165 2927 3410 3001 managai

1815 3032 2096 3108 praufeteis
2127 3031 2229 3102 jah
2269 3028 2540 3102 piudanos
2577 3024 2818 3080 vildedun
2858 3024 3068 3087 saiwan,
3123 3019 3272 3092 pulei
3294 3020 3410 3090 jus

1816 3126 2044 3199 saiwip;
2082 3124 2237 3182 Joan.
2273 3137 2364 3188 xv,
2387 3121 2422 3175 5
2458 3123 2536 3194 ju
2557 3136 2582 3173 s
2606 3119 2736 3190 (non
2765 3132 2899 3188 opus
2918 3115 3126 3171 habetis
3161 3121 3221 3168 ut
3245 3127 3408 3167 mun-

1823 3219 2024 3277 demini
2055 3259 2070 3285 ,
2129 3214 2276 3287 nam)
2299 3213 2526 3282 hrainiai
2549 3209 2735 3283 u‘jup;
2778 3207 2906 3264 Cor.
2932 3207 2998 3272 ll,
3026 3221 3081 3272 v,
3111 3204 3177 3260 21
3221 3206 3414 3260 xrislus

1823 3317 1942 3385 {aur
1967 3327 2062 3365 uns
2103 3307 2346 3380 gatavida
2394 3304 2684 3378 fravaurht,
2715 3303 2764 3357 ei
2805 3301 2945 3356 veis
2983 3296 3295 3371 vaurpeima
3321 3313 3416 3368 ga-

1823 3403 2012 3460 raihtei
2043 3401 2216 3474 gubs;
2263 3415 2302 3466 ι,
2333 3398 2406 3453 25
2432 3395 2629 3469 αρῥαη
2679 3393 2753 3449 ilt
2802 3393 2999 3448 veitvod
3028 3391 3144 3464 gup
3172 3390 3418 3444 anahaita

1824 3514 1927 3552 ana
1949 3495 2140 3551 meinai
2162 3492 2416 3558 saivalai;
2448 3489 2603 3556 Luc.,
2631 3503 2672 3556 ι,
2695 3489 2762 3544 18
2792 3485 2857 3543 'ik
2879 3489 2950 3541 im
2976 3487 3164 3556 sineigs
3185 3484 3281 3558 jah
3295 3499 3419 3556 qens

1826 3591 1995 3644 meina
2020 3584 2384 3657 [ramaldrozei
2415 3584 2467 3636 iu
2497 3582 2688 3654 dagam
2727 3581 2974 3648 seinaim;
3017 3579 3147 3635 Mtb.
3179 3593 3276 3646 ιιι,
3350 3575 3413 3631 11

1828 3682 2021 3754 appara
2055 3679 2194 3734 ikin
2222 3678 2361 3732 vatin
2380 3676 2504 3730 izvis
2525 3675 2742 3748 daupja,
2781 3673 2848 3746 ip
2894 3689 2953 3728 sa
3000 3674 3118 3745 afar
3159 3671 3256 3725 mis
3297 3686 3425 3742 gag-

1830 3777 2003 3849 ganda
2074 3773 2329 3845 svinpoza
2397 3773 2493 3826 mis
2532 3773 2637 3836 ist;
2686 3785 2756 3836 ν,
2799 3765 2891 3834 21,
2947 3763 3020 3818 22
3091 3759 3425 3831 Ιιαιιεξάεάιιρ

1830 3869 1978 3940 putei
2003 3866 2172 3940 qipan
2204 3865 2271 3919 ist
2299 3863 2449 3935 pain:
2488 3861 2702 3916 airizam
2742 3859 2821 3912 ni'
2868 3853 3188 3927 maurpjais.
3234 3851 3428 3925 αρῥαη

1831 3959 1895 4014 il:
1924 3957 2056 4030 qipa
2081 3957 2207 4011 izvis
2233 3969 2401 4020 -—vs,
2459 3953 2528 4009 12
2579 3954 2700 4024 αμα
2752 3965 2848 4004 uns
2913 3947 3062 4020 [salsi
3099 3945 3309 4000 situlam
3356 3943 3428 3998 si-

1828 4053 2037 4124 jaima,
2087 4063 2263 4102 svasve
2309 4043 2426 4119 jah
2472 4044 2602 4098 veis
2647 4043 2856 4114 aﬂetam
2897 4038 3046 4110 [)aim
3099 4034 3300 4091 skulam
3333 4051 3431 4090 un-

1836 4141 2064 4209 saraim;
2096 4141 2225 4195 item
2249 4179 2266 4206 ,
2319 4134 2657 4208 praecedente
2675 4132 2868 4206 jah,x,
2899 4130 2990 4197 52,
3017 4130 3118 4196 55;
3144 4127 3266 4183 (lor.
3292 4127 3358 4195 ll,
3382 4143 3422 4198 ι,

1842 4235 1905 4304 6;
1933 4235 2090 4290 Joan.
2119 4248 2236 4303 vtu,
2283 4231 2483 4303 i5jus
2532 4226 2740 4296 bi_leika
2792 4222 2982 4297 stojip,
3030 4223 3096 4295 i1)
3120 4221 3262 4277 iltni
3299 4223 3433 4294 stoja

136 4319 373 4393 nippau
399 4319 550 4373 maist
582 4315 626 4389 Ι)
647 4317 790 4372 rius
813 4315 980 4388 (κατά
1001 4313 1118 4382 δύο,
1150 4313 1448 4370 secundum
1476 4312 1613 4368 duos
1651 4328 1693 4367 at

1839 4328 2106 4382 cinno/mn
2148 4342 2168 4379 :
2194 4325 2263 4380 21
2301 4323 2462 4396 padei
2491 4322 2748 4394 iltgagga,
2781 4321 2892 4392 jus
2922 4318 2976 4371 ui
3005 4315 3202 4389 magis};
3223 4315 3435 4385 qiman;

137 4413 389 4470 maxime
417 4410 592 4483 tres).
625 4407 832 4480 Singuli
863 4406 996 4480 (καθ’
1042 4403 1135 4478 εἷς)
1175 4405 1376 4463 dicitur
1403 4406 1693 4476 ainwarjizi

1845 4420 1918 4476 25
1931 4423 2007 4492 ju
2025 4436 2048 4474 s
2076 4435 2136 4473 us
2165 4417 2318 4490 paim
2342 4413 2574 4485 dalapro
2595 4410 2768 4484 aijup,
2796 4409 2863 4481 ip
2891 4409 3021 4478 alia.
3038 4405 3436 4481 Imimiupapro

137 4504 317 4563 Rom.
345 4519 438 4572 xit,
473 4504 527 4560 5.

222 4595 298 4650 ν.
328 4595 784 4651 Μιιιτιιριιολτινλ
802 4600 859 4650 et
885 4607 1339 4650 rnoron'nozuus
1360 4591 1597 4665 ainfalps
1625 4591 1750 4648 sim-

1845 4513 1955 4577 im;
1983 4509 2112 4567 Cor.
2138 4509 2202 4576 Il,
2235 4524 2352 4576 xm,
2379 4506 2412 4564 9
2469 4506 2735 4579 faginom,
2781 4503 2894 4577 [san
2926 4503 3070 4558 veis
3114 4500 3346 4566 siulram,
3372 4497 3440 4573 ip

1839 4609 1955 4680 jus
2002 4603 2215 4676 svinpai
2243 4602 2432 4677 siqu);
2461 4601 2590 4658 Cor.
2618 4600 2664 4666 l,
2695 4614 2752 4670 v,
2780 4597 2848 4652 12
2891 4598 2983 4652 niu
3010 4594 3151 4669 paris
3181 4597 3304 4650 inna
3327 4595 3442 4666 jus

142 4691 326 4762 plex,
397 4687 685 4760 fidurfalps
752 4686 1129 4760 quadruplex,
1198 4685 1752 4758 taihuntaihundfalps
1850 4701 2019 4774 uol-5‘1,
2053 4741 2070 4768 ,
2127 4699 2192 4771 εί)
2234 4699 2375 4772 pan;
2444 4705 2535 4751 ωα
2584 4695 2702 4769 gap
2752 4693 2962 4766 uojip;
3012 4706 3117 4760 vn,
3172 4689 3241 4746 12
3292 4690 3444 4763 pains

149 4781 473 4854 centuplex,
516 4779 858 4853 managfalps
907 4779 1207 4852 multiplex,
1238 4788 1372 4847 etc.,
1404 4787 1460 4834 ut
1487 4777 1693 4848 adjecti‘

1854 4792 2216 4867 anparaimils
2245 4789 2400 4863 qipa,
2425 4789 2482 4844 ui
2505 4787 2716 4861 frauja;
2745 4787 2907 4842 Rom.
2938 4799 3015 4853 xi,
3048 4783 3117 4840 18
3158 4784 3214 4837 ni
3240 4781 3332 4854 ῥιι
3368 4781 3446 4854 po

146 4875 456 4949 spectanda
484 4883 631 4930 sunt.

241 4969 338 5027 Vl.
363 4968 656 5026 ITERA'I‘IVA
682 4967 875 5035 semel,
905 4966 1009 5034 his,
1027 4973 1158 5033 etc.,
1181 4980 1302 5037 quas
1327 4964 1382 5021 in
1402 4964 1521 5021 aliis
1546 4977 1758 5021 sermo-

1854 4898 2028 4943 vaurts
2063 4885 2220 4940 bairis
2247 4883 2313 4938 alt
2339 4899 2396 4940 so
2436 4891 2611 4937 vaurts
2642 4879 2819 4952 ὑαίήρ
2847 4878 2994 4952 ῥυΙι;
3023 4874 3145 4932 Gal.
3175 4891 3234 4942 ιι,
3275 4875 3345 4931 10
3376 4891 3448 4929 uu

1857 4980 1914 5034 ni
1940 4975 2235 5052 panaseips
2262 4975 2336 5043 iis,
2364 4973 2430 5047 i1)
2451 4971 2622 5045 libaip
2643 4973 2700 5028 in
2721 4973 2815 5026 mis
2835 4970 3050 5026 aristas.
3079 4967 3136 5023 In
3159 4967 3242 5022 his
3259 4975 3314 5023 et
3333 4966 3451 5037 plu-

157 5064 336 5122 nibus
368 5062 640 5120 adverbiis
669 5063 1052 5132 exprimuntur
1073 5101 1090 5128 ,
1121 5059 1339 5131 gothice
1367 5059 1666 5115 redduntur

1862 5072 2014 5129 ribus
2041 5069 2162 5125 aliis
2189 5069 2408 5124 casibus
2436 5065 2721 5138 personale
2747 5075 3044 5135 pronomen
3058 5059 3266 5118 Gothus
3293 5057 3420 5114 adhi
3441 5085 3455 5098 -

156 5156 340 5216 modo
371 5169 388 5216 :
419 5171 526 5212 una
551 5155 688 5221 vice,
737 5153 944 5210 duabus
970 5151 1200 5219 vicibus,
1231 5159 1337 5207 etc.
1369 5168 1384 5206 :
1415 5149 1542 5206 Cor.
1574 5149 1638 5216 ll,
1684 5164 1762 5217 xi,

1865 5163 1976 5230 bet,
2010 5169 2283 5232 praeeunte
2313 5157 2525 5229 Graeco,
2549 5157 2704 5228 cujus
2733 5155 2896 5212 etiam
2935 5151 3241 5224 exemplum
3266 5150 3453 5222 sequi-

158 5253 284 5320 24,
339 5249 411 5306 23
459 5252 597 5322 [ram
649 5248 889 5303 iudaium
938 5245 1096 5318 {imf
1129 5241 1397 5315 sinp‘am
1449 5241 1693 5314 (πεντάδα

1865 5265 1954 5314 tur
1985 5263 2038 5311 et
2070 5256 2122 5310 in
2155 5253 2504 5324 sequentibus
2537 5251 2704 5308 :Cor.
2735 5248 2802 5316 11,
2827 5264 2879 5318 ι,
2909 5247 2942 5302 4
2964 5248 3009 5303 ei
3041 5245 3290 5320 mageima
3319 5245 3456 5301 veis

158 5359 320 5411 nam,
346 5341 460 5416 pri
477 5359 527 5397 m
561 5342 616 5397 si
631 5339 718 5413 ηῙ)
738 5357 832 5394 am
856 5338 1014 5416 (τρίς)
1039 5337 1264 5392 vandum
1288 5335 1632 5407 usbluggvans
1657 5351 1766 5401 vas,

1869 5349 2208 5422 gaprafstjan
2239 5350 2333 5419 (εἰς
2351 5348 2411 5404 τὸ
2433 5345 2675 5403 δύνασθαι
2702 5345 2839 5416 ἡμᾶς
2863 5339 3219 5420 παρακαλεῖν);
3249 5339 3384 5410 Eph.
3413 5352 3455 5406 ι,

160 5437 507 5492 ainamma
534 5432 726 5506 sinpa
754 5431 940 5504 (ἅπαξ)
987 5429 1214 5500 slainips
1241 5445 1365 5496 vas;
1394 5428 1499 5484 Mc.
1542 5444 1658 5496 xiv,

1871 5441 1927 5508 4,
1957 5440 2047 5510 12,
2081 5441 2185 5508 18;
2216 5455 2290 5502 ιν,
2321 5439 2413 5493 22.
2445 5436 2640 5492 Rarius
2665 5443 2847 5490 autem
2883 5447 3182 5504 pronomen
3213 5431 3459 5487 absolute

161 5527 612 5601 anparamma
637 5524 832 5596 sinba
864 5526 944 5596 (ἐκ
972 5522 1237 5601 δευτέρου)
1268 5523 1405 5577 Ιιαηα
1429 5523 1641 5594 vapida.
1669 5528 1693 5595 j

1873 5541 2185 5604 usurpatur,
2215 5537 2274 5586 ut
2319 5529 2448 5586 Mth.
2496 5543 2552 5598 ν,
2585 5529 2654 5584 17
2683 5527 2737 5582 ιιὶ
2774 5522 3002 5599 hugjaip
3049 5526 3095 5580 ei
3142 5523 3203 5580 ilt
3230 5527 3462 5596 qsmjau,

166 5620 448 5696 gamunda
478 5620 678 5690 paitrus
695 5618 828 5690 pata
855 5615 1018 5671 vaurd
1045 5632 1130 5672 δυο
1154 5613 1267 5688 ᾳαρ
1297 5617 1455 5670 imma
1475 5617 1632 5683 iesus,
1664 5615 1774 5687 ῥα·

173 5716 252 5773 ιεὶ
278 5711 523 5786 {aurpizs
548 5713 688 5768 hana
709 5712 913 5786 hrukjai
951 5713 1143 5767 tvaim
1185 5711 1441 5783 sinpam
1468 5711 1613 5785 (δὶς),
1646 5713 1778 5767 invi-

1878 5624 2021 5696 quod
2052 5623 2268 5681 aliunde
2288 5637 2394 5679 non
2423 5621 2734 5693 requiritur,
2769 5634 2890 5675 cum
2918 5634 2976 5687 x,
3006 5617 3073 5675 51
3106 5616 3300 5690 legitur
3331 5617 3465 5672 sim-

1880 5716 2116 5787 pliciter,
2168 5714 2534 5786 praatermisso
2589 5711 2949 5782 pronomine,
2994 5706 3262 5781 niagjaip
3311 5707 3461 5782 putei

172 5810 266 5868 dis
299 5807 402 5862 mik
441 5807 621 5880 prim
671 5806 966 5879 sinpam;
996 5805 1126 5862 Luc.
1176 5821 1304 5872 xvn,
1336 5809 1368 5862 4
1416 5807 1556 5876 jabai
1586 5806 1779 5861 sibun
1878 5813 2107 5883 qemjau.
2135 5810 2456 5865 Econtrario
2488 5805 2696 5864 Gothus
2717 5806 3024 5876 frequenter
3047 5804 3252 5859 inducit

173 5903 243 5962 si
259 5901 455 5975 ubam
484 5900 735 5976 (ἑπτάκις)
765 5917 868 5956 ana
916 5901 1015 5972 dag
1043 5899 1366 5973 fravaurkjai
1415 5901 1486 5955 du
1526 5899 1634 5972 pus
1671 5901 1774 5971 jals

1957 5901 2010 5972 b)
2043 5901 2347 5960 Pronomen
2383 5901 2556 5958 tertiae
2578 5912 2847 5973 personae,
2881 5895 2972 5954 ubi
3003 5895 3224 5952 Graecus
3251 5908 3319 5952 eo
3360 5909 3469 5954 non
