  <div class='ocr_page' id='page_1' title='image "/cluster/home/n/w/nwhite01/storage/ocr_20150623/18/hvd.32044015471337/554.png"; bbox 0 0 3844 6622; ppageno 0'>
   <div class='ocr_carea' id='block_1_1' title="bbox 120 295 285 354">
    <p class='ocr_par' dir='ltr' id='par_1_1' title="bbox 120 295 285 354">
     <span class='ocr_line' id='line_1_1' title="bbox 120 295 285 354; baseline 0.012 -3"><span class='ocrx_word' id='word_1_1' title='bbox 120 295 285 354; x_wconf 75' lang='grc'><strong>1093</strong></span> 
     </span>
    </p>
   </div>
   <div class='ocr_carea' id='block_1_2' title="bbox 110 414 1728 490">
    <p class='ocr_par' dir='ltr' id='par_1_2' title="bbox 110 414 1728 490">
     <span class='ocr_line' id='line_1_2' title="bbox 110 414 1728 490; baseline 0.001 -22"><span class='ocrx_word' id='word_1_2' title='bbox 110 414 226 468; x_wconf 86' lang='lat' dir='ltr'><strong>sed</strong></span> <span class='ocrx_word' id='word_1_3' title='bbox 267 422 324 469; x_wconf 92' lang='lat' dir='ltr'><strong>ut</strong></span> <span class='ocrx_word' id='word_1_4' title='bbox 349 414 580 490; x_wconf 88' lang='lat' dir='ltr'><strong>simplex</strong></span> <span class='ocrx_word' id='word_1_5' title='bbox 610 415 901 488; x_wconf 76' lang='lat' dir='ltr'><strong>obiectum,</strong></span> <span class='ocrx_word' id='word_1_6' title='bbox 929 418 1006 474; x_wconf 84' lang='lat' dir='ltr'><strong>sik</strong></span> <span class='ocrx_word' id='word_1_7' title='bbox 1031 416 1097 474; x_wconf 81' lang='lat' dir='ltr'><strong>ad</strong></span> <span class='ocrx_word' id='word_1_8' title='bbox 1120 416 1420 486; x_wconf 75' lang='lat' dir='ltr'><strong>subjectum</strong></span> <span class='ocrx_word' id='word_1_9' title='bbox 1448 416 1728 472; x_wconf 76' lang='lat' dir='ltr'><strong>sententia:</strong></span> 
     </span>
    </p>
   </div>
   <div class='ocr_carea' id='block_1_3' title="bbox 109 505 1728 582">
    <p class='ocr_par' dir='ltr' id='par_1_3' title="bbox 109 505 1728 582">
     <span class='ocr_line' id='line_1_3' title="bbox 109 505 1728 582; baseline 0.001 -23"><span class='ocrx_word' id='word_1_10' title='bbox 109 505 330 560; x_wconf 82' lang='lat' dir='ltr'><strong>relato.</strong></span> <span class='ocrx_word' id='word_1_11' title='bbox 365 505 464 562; x_wconf 85' lang='lat' dir='ltr'><strong>Mc.</strong></span> <span class='ocrx_word' id='word_1_12' title='bbox 496 523 555 578; x_wconf 92' lang='grc' dir='ltr'><strong>ιι,</strong></span> <span class='ocrx_word' id='word_1_13' title='bbox 587 508 658 563; x_wconf 81' lang='lat'><strong>26</strong></span> <span class='ocrx_word' id='word_1_14' title='bbox 684 509 863 565; x_wconf 80' lang='lat' dir='ltr'><strong>daveid</strong></span> <span class='ocrx_word' id='word_1_15' title='bbox 889 509 1123 566; x_wconf 75' lang='lat' dir='ltr'><strong>filaibans</strong></span> <span class='ocrx_word' id='word_1_16' title='bbox 1145 509 1510 582; x_wconf 78' lang='lat' dir='ltr'><strong>faurlageinais</strong></span> <span class='ocrx_word' id='word_1_17' title='bbox 1533 507 1728 561; x_wconf 85' lang='lat' dir='ltr'><strong>matida</strong></span> 
     </span>
    </p>
   </div>
   <div class='ocr_carea' id='block_1_4' title="bbox 94 596 1728 672">
    <p class='ocr_par' dir='ltr' id='par_1_4' title="bbox 94 596 1728 672">
     <span class='ocr_line' id='line_1_4' title="bbox 94 596 1728 672; baseline 0.002 -24"><span class='ocrx_word' id='word_1_18' title='bbox 94 596 221 667; x_wconf 80' lang='lat' dir='ltr'><strong>jah</strong></span> <span class='ocrx_word' id='word_1_19' title='bbox 278 598 379 670; x_wconf 80' lang='lat' dir='ltr'><strong>gaf</strong></span> <span class='ocrx_word' id='word_1_20' title='bbox 413 597 561 672; x_wconf 69' lang='lat' dir='ltr'><strong>paim</strong></span> <span class='ocrx_word' id='word_1_21' title='bbox 611 602 726 670; x_wconf 72' lang='grc' dir='ltr'><strong>ηιἱρ</strong></span> <span class='ocrx_word' id='word_1_22' title='bbox 754 614 843 656; x_wconf 75' lang='lat' dir='ltr'><strong>sis</strong></span> <span class='ocrx_word' id='word_1_23' title='bbox 875 601 1102 672; x_wconf 79' lang='lat' dir='ltr'><strong>(scilicet</strong></span> <span class='ocrx_word' id='word_1_24' title='bbox 1150 600 1376 661; x_wconf 83' lang='lat' dir='ltr'><strong>Davide)</strong></span> <span class='ocrx_word' id='word_1_25' title='bbox 1425 606 1728 664; x_wconf 74' lang='lat' dir='ltr'><strong>visandam;</strong></span> 
     </span>
    </p>
   </div>
   <div class='ocr_carea' id='block_1_5' title="bbox 107 687 1730 766">
    <p class='ocr_par' dir='ltr' id='par_1_5' title="bbox 107 687 1730 766">
     <span class='ocr_line' id='line_1_5' title="bbox 107 687 1730 766; baseline 0.004 -26"><span class='ocrx_word' id='word_1_26' title='bbox 107 687 271 742; x_wconf 80' lang='lat' dir='ltr'><strong>Luc.</strong></span> <span class='ocrx_word' id='word_1_27' title='bbox 301 705 372 755; x_wconf 80' lang='lat' dir='ltr'><strong>vr,</strong></span> <span class='ocrx_word' id='word_1_28' title='bbox 400 689 468 755; x_wconf 73' lang='lat'><strong>4;</strong></span> <span class='ocrx_word' id='word_1_29' title='bbox 510 689 580 747; x_wconf 78' lang='grc'><strong>52</strong></span> <span class='ocrx_word' id='word_1_30' title='bbox 598 693 697 764; x_wconf 76' lang='lat' dir='ltr'><strong>jah</strong></span> <span class='ocrx_word' id='word_1_31' title='bbox 733 693 832 765; x_wconf 69' lang='grc' dir='ltr'><strong>ραι</strong></span> <span class='ocrx_word' id='word_1_32' title='bbox 853 695 1218 766; x_wconf 81' lang='lat' dir='ltr'><strong>fravaurhtans</strong></span> <span class='ocrx_word' id='word_1_33' title='bbox 1246 695 1441 766; x_wconf 75' lang='lat' dir='ltr'><strong>frijond</strong></span> <span class='ocrx_word' id='word_1_34' title='bbox 1462 693 1605 765; x_wconf 69' lang='lat' dir='ltr'><strong>paris</strong></span> <span class='ocrx_word' id='word_1_35' title='bbox 1635 693 1730 763; x_wconf 79' lang='lat' dir='ltr'><strong>fri-</strong></span> 
     </span>
    </p>
   </div>
   <div class='ocr_carea' id='block_1_6' title="bbox 93 781 1727 858">
    <p class='ocr_par' dir='ltr' id='par_1_6' title="bbox 93 781 1727 858">
     <span class='ocr_line' id='line_1_6' title="bbox 93 781 1727 858; baseline 0.004 -23"><span class='ocrx_word' id='word_1_36' title='bbox 93 781 364 851; x_wconf 83' lang='lat' dir='ltr'><strong>jomlaus</strong></span> <span class='ocrx_word' id='word_1_37' title='bbox 393 785 487 838; x_wconf 81' lang='lat' dir='ltr'><strong>sil:</strong></span> <span class='ocrx_word' id='word_1_38' title='bbox 513 786 644 855; x_wconf 88' lang='lat' dir='ltr'><strong>(non</strong></span> <span class='ocrx_word' id='word_1_39' title='bbox 677 787 923 856; x_wconf 87' lang='lat' dir='ltr'><strong>equidem</strong></span> <span class='ocrx_word' id='word_1_40' title='bbox 959 788 1057 843; x_wconf 76' lang='lat' dir='ltr'><strong>hos</strong></span> <span class='ocrx_word' id='word_1_41' title='bbox 1092 799 1336 844; x_wconf 86' lang='lat' dir='ltr'><strong>amantes</strong></span> <span class='ocrx_word' id='word_1_42' title='bbox 1371 791 1601 858; x_wconf 88' lang='lat' dir='ltr'><strong>seipsos,</strong></span> <span class='ocrx_word' id='word_1_43' title='bbox 1634 788 1727 844; x_wconf 88' lang='lat' dir='ltr'><strong>sed</strong></span> 
     </span>
    </p>
   </div>
   <div class='ocr_carea' id='block_1_7' title="bbox 107 879 1728 952">
    <p class='ocr_par' dir='ltr' id='par_1_7' title="bbox 107 879 1728 952">
     <span class='ocr_line' id='line_1_7' title="bbox 107 879 1728 952; baseline 0.007 -27"><span class='ocrx_word' id='word_1_44' title='bbox 107 879 384 929; x_wconf 83' lang='lat' dir='ltr'><strong>amantes</strong></span> <span class='ocrx_word' id='word_1_45' title='bbox 411 885 741 947; x_wconf 84' lang='lat' dir='ltr'><strong>peccatores,</strong></span> <span class='ocrx_word' id='word_1_46' title='bbox 771 880 862 950; x_wconf 88' lang='lat' dir='ltr'><strong>qui</strong></span> <span class='ocrx_word' id='word_1_47' title='bbox 885 879 1183 948; x_wconf 89' lang='lat' dir='ltr'><strong>subjectum</strong></span> <span class='ocrx_word' id='word_1_48' title='bbox 1211 881 1547 952; x_wconf 76' lang='lat' dir='ltr'><strong>eiiormant);</strong></span> <span class='ocrx_word' id='word_1_49' title='bbox 1578 898 1672 947; x_wconf 88' lang='lat' dir='ltr'><strong>vii,</strong></span> <span class='ocrx_word' id='word_1_50' title='bbox 1696 882 1728 936; x_wconf 89' lang='lat'><strong>9</strong></span> 
     </span>
    </p>
   </div>
   <div class='ocr_carea' id='block_1_8' title="bbox 102 967 1729 1045">
    <p class='ocr_par' dir='ltr' id='par_1_8' title="bbox 102 967 1729 1045">
     <span class='ocr_line' id='line_1_8' title="bbox 102 967 1729 1045; baseline 0.004 -25"><span class='ocrx_word' id='word_1_51' title='bbox 102 969 272 1022; x_wconf 74' lang='lat' dir='ltr'><strong>iesus</strong></span> <span class='ocrx_word' id='word_1_52' title='bbox 319 969 391 1022; x_wconf 88' lang='lat' dir='ltr'><strong>du</strong></span> <span class='ocrx_word' id='word_1_53' title='bbox 437 967 585 1041; x_wconf 63' lang='lat' dir='ltr'><strong>pisci</strong></span> <span class='ocrx_word' id='word_1_54' title='bbox 627 970 1077 1044; x_wconf 77' lang='lat' dir='ltr'><strong>afarlaistjandein</strong></span> <span class='ocrx_word' id='word_1_55' title='bbox 1123 975 1212 1028; x_wconf 81' lang='lat' dir='ltr'><strong>sis</strong></span> <span class='ocrx_word' id='word_1_56' title='bbox 1266 974 1535 1044; x_wconf 82' lang='lat' dir='ltr'><strong>managein</strong></span> <span class='ocrx_word' id='word_1_57' title='bbox 1584 972 1729 1045; x_wconf 67' lang='lat' dir='ltr'><strong>qap;</strong></span> 
     </span>
    </p>
   </div>
   <div class='ocr_carea' id='block_1_9' title="bbox 103 1061 1724 1134">
    <p class='ocr_par' dir='ltr' id='par_1_9' title="bbox 103 1061 1724 1134">
     <span class='ocr_line' id='line_1_9' title="bbox 103 1061 1724 1134; baseline 0.004 -20"><span class='ocrx_word' id='word_1_58' title='bbox 103 1076 248 1126; x_wconf 74' lang='lat' dir='ltr'><strong>xrv,</strong></span> <span class='ocrx_word' id='word_1_59' title='bbox 287 1061 356 1115; x_wconf 88' lang='lat' dir='ltr'><strong>I2</strong></span> <span class='ocrx_word' id='word_1_60' title='bbox 386 1063 496 1133; x_wconf 76' lang='grc' dir='ltr'><strong>ᾳαρ</strong></span> <span class='ocrx_word' id='word_1_61' title='bbox 536 1065 748 1134; x_wconf 78' lang='grc' dir='ltr'>ῥαηιιιια</span> <span class='ocrx_word' id='word_1_62' title='bbox 794 1065 1060 1120; x_wconf 81' lang='lat' dir='ltr'><strong>haitandin</strong></span> <span class='ocrx_word' id='word_1_63' title='bbox 1084 1067 1194 1134; x_wconf 76' lang='lat' dir='ltr'><strong>siit;</strong></span> <span class='ocrx_word' id='word_1_64' title='bbox 1224 1068 1324 1122; x_wconf 84' lang='lat' dir='ltr'><strong>Mc.</strong></span> <span class='ocrx_word' id='word_1_65' title='bbox 1356 1085 1408 1132; x_wconf 91' lang='lat' dir='ltr'><strong>v,</strong></span> <span class='ocrx_word' id='word_1_66' title='bbox 1453 1067 1558 1132; x_wconf 75' lang='lat'><strong>50;</strong></span> <span class='ocrx_word' id='word_1_67' title='bbox 1595 1066 1724 1122; x_wconf 90' lang='lat' dir='ltr'><strong>Luc.</strong></span> 
     </span>
    </p>
   </div>
   <div class='ocr_carea' id='block_1_10' title="bbox 101 1153 1726 1228">
    <p class='ocr_par' dir='ltr' id='par_1_10' title="bbox 101 1153 1726 1228">
     <span class='ocr_line' id='line_1_10' title="bbox 101 1153 1726 1228; baseline 0.004 -21"><span class='ocrx_word' id='word_1_68' title='bbox 101 1167 241 1219; x_wconf 68' lang='lat' dir='ltr'><strong>xxv,</strong></span> <span class='ocrx_word' id='word_1_69' title='bbox 280 1153 386 1219; x_wconf 77' lang='lat'><strong>&#39;51;</strong></span> <span class='ocrx_word' id='word_1_70' title='bbox 418 1171 572 1221; x_wconf 85' lang='lat' dir='ltr'><strong>xvui,</strong></span> <span class='ocrx_word' id='word_1_71' title='bbox 601 1157 663 1223; x_wconf 98' lang='lat'><strong>7;</strong></span> <span class='ocrx_word' id='word_1_72' title='bbox 693 1156 847 1213; x_wconf 83' lang='lat' dir='ltr'><strong>Joan.</strong></span> <span class='ocrx_word' id='word_1_73' title='bbox 893 1175 982 1225; x_wconf 86' lang='lat' dir='ltr'><strong>vn,</strong></span> <span class='ocrx_word' id='word_1_74' title='bbox 1015 1160 1112 1226; x_wconf 88' lang='lat' dir='ltr'><strong>I8;</strong></span> <span class='ocrx_word' id='word_1_75' title='bbox 1150 1176 1266 1226; x_wconf 88' lang='lat' dir='ltr'><strong>viii,</strong></span> <span class='ocrx_word' id='word_1_76' title='bbox 1317 1161 1424 1227; x_wconf 82' lang='lat' dir='ltr'><strong>5i;</strong></span> <span class='ocrx_word' id='word_1_77' title='bbox 1472 1175 1589 1225; x_wconf 85' lang='lat' dir='ltr'><strong>xui,</strong></span> <span class='ocrx_word' id='word_1_78' title='bbox 1627 1157 1726 1228; x_wconf 91' lang='lat' dir='ltr'><strong>I6;</strong></span> 
     </span>
    </p>
   </div>
   <div class='ocr_carea' id='block_1_11' title="bbox 103 1243 1730 1325">
    <p class='ocr_par' dir='ltr' id='par_1_11' title="bbox 103 1243 1730 1325">
     <span class='ocr_line' id='line_1_11' title="bbox 103 1243 1730 1325; baseline 0.004 -27"><span class='ocrx_word' id='word_1_79' title='bbox 103 1243 296 1300; x_wconf 76' lang='lat' dir='ltr'><strong>Rom.</strong></span> <span class='ocrx_word' id='word_1_80' title='bbox 332 1262 385 1311; x_wconf 89' lang='lat' dir='ltr'><strong>x,</strong></span> <span class='ocrx_word' id='word_1_81' title='bbox 421 1246 506 1302; x_wconf 85' lang='lat' dir='ltr'><strong>I2.</strong></span> <span class='ocrx_word' id='word_1_82' title='bbox 546 1247 682 1303; x_wconf 36' lang='lat' dir='ltr'><strong>I‘Iinc</strong></span> <span class='ocrx_word' id='word_1_83' title='bbox 710 1250 869 1304; x_wconf 85' lang='lat' dir='ltr'><strong>etiam</strong></span> <span class='ocrx_word' id='word_1_84' title='bbox 901 1250 1033 1306; x_wconf 82' lang='lat' dir='ltr'><strong>Mth.</strong></span> <span class='ocrx_word' id='word_1_85' title='bbox 1060 1269 1206 1315; x_wconf 77' lang='lat' dir='ltr'><strong>xxvr,</strong></span> <span class='ocrx_word' id='word_1_86' title='bbox 1241 1251 1308 1306; x_wconf 80' lang='grc'>75</span> <span class='ocrx_word' id='word_1_87' title='bbox 1338 1253 1595 1325; x_wconf 84' lang='lat' dir='ltr'><strong>gamunda</strong></span> <span class='ocrx_word' id='word_1_88' title='bbox 1619 1251 1730 1319; x_wconf 85' lang='lat' dir='ltr'><strong>pai-</strong></span> 
     </span>
    </p>
   </div>
   <div class='ocr_carea' id='block_1_12' title="bbox 104 1339 1727 1416">
    <p class='ocr_par' dir='ltr' id='par_1_12' title="bbox 104 1339 1727 1416">
     <span class='ocr_line' id='line_1_12' title="bbox 104 1339 1727 1416; baseline 0.006 -27"><span class='ocrx_word' id='word_1_89' title='bbox 104 1347 242 1391; x_wconf 75' lang='lat' dir='ltr'><strong>irus</strong></span> <span class='ocrx_word' id='word_1_90' title='bbox 296 1341 504 1393; x_wconf 81' lang='lat' dir='ltr'><strong>vaurdis</strong></span> <span class='ocrx_word' id='word_1_91' title='bbox 561 1339 835 1414; x_wconf 69' lang='lat' dir='ltr'><strong>qipanis</strong></span> <span class='ocrx_word' id='word_1_92' title='bbox 883 1344 960 1397; x_wconf 83' lang='lat' dir='ltr'><strong>du</strong></span> <span class='ocrx_word' id='word_1_93' title='bbox 1006 1347 1101 1400; x_wconf 88' lang='lat' dir='ltr'><strong>sis</strong></span> <span class='ocrx_word' id='word_1_94' title='bbox 1144 1345 1317 1416; x_wconf 85' lang='lat' dir='ltr'><strong>(verbi</strong></span> <span class='ocrx_word' id='word_1_95' title='bbox 1366 1344 1468 1399; x_wconf 90' lang='lat' dir='ltr'><strong>sibi</strong></span> <span class='ocrx_word' id='word_1_96' title='bbox 1521 1341 1727 1416; x_wconf 81' lang='lat' dir='ltr'><strong>[Petro]</strong></span> 
     </span>
    </p>
   </div>
   <div class='ocr_carea' id='block_1_13' title="bbox 103 1428 1725 1504">
    <p class='ocr_par' dir='ltr' id='par_1_13' title="bbox 103 1428 1725 1504">
     <span class='ocr_line' id='line_1_13' title="bbox 103 1428 1725 1504; baseline 0.004 -21"><span class='ocrx_word' id='word_1_97' title='bbox 103 1428 315 1502; x_wconf 84' lang='lat' dir='ltr'><strong>dicti).</strong></span> <span class='ocrx_word' id='word_1_98' title='bbox 345 1431 475 1486; x_wconf 88' lang='lat' dir='ltr'><strong>Cum</strong></span> <span class='ocrx_word' id='word_1_99' title='bbox 508 1441 688 1489; x_wconf 92' lang='lat' dir='ltr'><strong>autem</strong></span> <span class='ocrx_word' id='word_1_100' title='bbox 719 1435 796 1490; x_wconf 71' lang='lat' dir='ltr'><strong>sil:</strong></span> <span class='ocrx_word' id='word_1_101' title='bbox 826 1451 946 1490; x_wconf 89' lang='lat' dir='ltr'><strong>cum</strong></span> <span class='ocrx_word' id='word_1_102' title='bbox 979 1439 1142 1492; x_wconf 83' lang='lat' dir='ltr'><strong>verbo</strong></span> <span class='ocrx_word' id='word_1_103' title='bbox 1171 1437 1483 1492; x_wconf 83' lang='lat' dir='ltr'><strong>reﬂexivum</strong></span> <span class='ocrx_word' id='word_1_104' title='bbox 1510 1438 1725 1504; x_wconf 78' lang='lat' dir='ltr'><strong>format,</strong></span> 
     </span>
    </p>
   </div>
   <div class='ocr_carea' id='block_1_14' title="bbox 103 1521 1730 1598">
    <p class='ocr_par' dir='ltr' id='par_1_14' title="bbox 103 1521 1730 1598">
     <span class='ocr_line' id='line_1_14' title="bbox 103 1521 1730 1598; baseline 0.003 -23"><span class='ocrx_word' id='word_1_105' title='bbox 103 1521 190 1576; x_wconf 85' lang='lat' dir='ltr'><strong>ad</strong></span> <span class='ocrx_word' id='word_1_106' title='bbox 223 1521 500 1592; x_wconf 89' lang='lat' dir='ltr'><strong>objectum</strong></span> <span class='ocrx_word' id='word_1_107' title='bbox 531 1525 692 1579; x_wconf 87' lang='lat' dir='ltr'><strong>etiam</strong></span> <span class='ocrx_word' id='word_1_108' title='bbox 728 1527 995 1582; x_wconf 73' lang='lat' dir='ltr'><strong>refertur:</strong></span> <span class='ocrx_word' id='word_1_109' title='bbox 1030 1529 1132 1583; x_wconf 81' lang='lat' dir='ltr'><strong>Mc.</strong></span> <span class='ocrx_word' id='word_1_110' title='bbox 1163 1545 1272 1596; x_wconf 87' lang='lat' dir='ltr'><strong>xiv,</strong></span> <span class='ocrx_word' id='word_1_111' title='bbox 1299 1526 1366 1583; x_wconf 88' lang='lat'><strong>67</strong></span> <span class='ocrx_word' id='word_1_112' title='bbox 1397 1525 1512 1598; x_wconf 69' lang='lat' dir='ltr'><strong>pivi</strong></span> <span class='ocrx_word' id='word_1_113' title='bbox 1559 1543 1730 1598; x_wconf 79' lang='lat' dir='ltr'><strong>qasaw</strong></span> 
     </span>
    </p>
   </div>
   <div class='ocr_carea' id='block_1_15' title="bbox 103 1615 1730 1688">
    <p class='ocr_par' dir='ltr' id='par_1_15' title="bbox 103 1615 1730 1688">
     <span class='ocr_line' id='line_1_15' title="bbox 103 1615 1730 1688; baseline 0.004 -21"><span class='ocrx_word' id='word_1_114' title='bbox 103 1615 314 1685; x_wconf 81' lang='lat' dir='ltr'><strong>paitru</strong></span> <span class='ocrx_word' id='word_1_115' title='bbox 358 1617 696 1688; x_wconf 80' lang='lat' dir='ltr'><strong>varmjandan</strong></span> <span class='ocrx_word' id='word_1_116' title='bbox 749 1617 879 1686; x_wconf 74' lang='lat' dir='ltr'><strong>silc;</strong></span> <span class='ocrx_word' id='word_1_117' title='bbox 925 1619 1030 1676; x_wconf 87' lang='lat' dir='ltr'><strong>Tit.</strong></span> <span class='ocrx_word' id='word_1_118' title='bbox 1065 1635 1104 1687; x_wconf 90' lang='grc' dir='ltr'><strong>ι,</strong></span> <span class='ocrx_word' id='word_1_119' title='bbox 1158 1621 1223 1676; x_wconf 69' lang='lat' dir='ltr'><strong>I4</strong></span> <span class='ocrx_word' id='word_1_120' title='bbox 1267 1622 1320 1674; x_wconf 83' lang='lat' dir='ltr'><strong>ni</strong></span> <span class='ocrx_word' id='word_1_121' title='bbox 1351 1620 1730 1674; x_wconf 80' lang='lat' dir='ltr'><strong>atsaiwaudans</strong></span> 
     </span>
    </p>
   </div>
   <div class='ocr_carea' id='block_1_16' title="bbox 96 1707 1732 1786">
    <p class='ocr_par' dir='ltr' id='par_1_16' title="bbox 96 1707 1732 1786">
     <span class='ocr_line' id='line_1_16' title="bbox 96 1707 1732 1786; baseline 0.005 -27"><span class='ocrx_word' id='word_1_122' title='bbox 96 1707 503 1777; x_wconf 79' lang='lat' dir='ltr'><strong>judaiviskaize</strong></span> <span class='ocrx_word' id='word_1_123' title='bbox 522 1712 661 1784; x_wconf 86' lang='lat' dir='ltr'><strong>spilli</strong></span> <span class='ocrx_word' id='word_1_124' title='bbox 691 1713 791 1785; x_wconf 85' lang='lat' dir='ltr'><strong>jah</strong></span> <span class='ocrx_word' id='word_1_125' title='bbox 818 1713 1078 1769; x_wconf 82' lang='lat' dir='ltr'><strong>anabusne</strong></span> <span class='ocrx_word' id='word_1_126' title='bbox 1096 1730 1280 1770; x_wconf 74' lang='lat' dir='ltr'><strong>manus</strong></span> <span class='ocrx_word' id='word_1_127' title='bbox 1308 1711 1732 1786; x_wconf 78' lang='lat' dir='ltr'><strong>afvandjandane</strong></span> 
     </span>
    </p>
   </div>
   <div class='ocr_carea' id='block_1_17' title="bbox 101 1817 434 1874">
    <p class='ocr_par' dir='ltr' id='par_1_17' title="bbox 101 1817 434 1874">
     <span class='ocr_line' id='line_1_17' title="bbox 101 1817 434 1874; baseline 0.009 -21"><span class='ocrx_word' id='word_1_128' title='bbox 101 1817 132 1853; x_wconf 86' lang='lat' dir='ltr'><strong>s</strong></span> <span class='ocrx_word' id='word_1_129' title='bbox 150 1818 170 1853; x_wconf 80' lang='grc' dir='ltr'><strong>ι</strong></span> <span class='ocrx_word' id='word_1_130' title='bbox 186 1817 216 1854; x_wconf 90' lang='lat' dir='ltr'><strong>s</strong></span> <span class='ocrx_word' id='word_1_131' title='bbox 247 1818 434 1874; x_wconf 60' lang='lat' dir='ltr'><strong>sunja.</strong></span> 
     </span>
    </p>
   </div>
   <div class='ocr_carea' id='block_1_18' title="bbox 196 1913 1731 1990">
    <p class='ocr_par' dir='ltr' id='par_1_18' title="bbox 196 1913 1731 1990">
     <span class='ocr_line' id='line_1_18' title="bbox 196 1913 1731 1990; baseline 0.008 -24"><span class='ocrx_word' id='word_1_132' title='bbox 196 1913 253 1985; x_wconf 74' lang='grc' dir='ltr'><strong>ὁ)</strong></span> <span class='ocrx_word' id='word_1_133' title='bbox 287 1915 436 1970; x_wconf 87' lang='lat' dir='ltr'><strong>Idem</strong></span> <span class='ocrx_word' id='word_1_134' title='bbox 461 1915 749 1974; x_wconf 90' lang='lat' dir='ltr'><strong>dicendum</strong></span> <span class='ocrx_word' id='word_1_135' title='bbox 779 1930 862 1974; x_wconf 88' lang='lat' dir='ltr'><strong>est</strong></span> <span class='ocrx_word' id='word_1_136' title='bbox 887 1920 957 1975; x_wconf 92' lang='lat' dir='ltr'><strong>de</strong></span> <span class='ocrx_word' id='word_1_137' title='bbox 977 1921 1286 1977; x_wconf 82' lang='lat' dir='ltr'><strong>accusativo</strong></span> <span class='ocrx_word' id='word_1_138' title='bbox 1315 1936 1439 1979; x_wconf 89' lang='lat' dir='ltr'><strong>cum</strong></span> <span class='ocrx_word' id='word_1_139' title='bbox 1473 1921 1731 1990; x_wconf 82' lang='lat' dir='ltr'><strong>inl&#39;.,sive</strong></span> 
     </span>
    </p>
   </div>
   <div class='ocr_carea' id='block_1_19' title="bbox 105 2004 1732 2077">
    <p class='ocr_par' dir='ltr' id='par_1_19' title="bbox 105 2004 1732 2077">
     <span class='ocr_line' id='line_1_19' title="bbox 105 2004 1732 2077; baseline 0.005 -19"><span class='ocrx_word' id='word_1_140' title='bbox 105 2004 189 2059; x_wconf 84' lang='lat' dir='ltr'><strong>ad</strong></span> <span class='ocrx_word' id='word_1_141' title='bbox 227 2005 536 2076; x_wconf 83' lang='lat' dir='ltr'><strong>subjectum</strong></span> <span class='ocrx_word' id='word_1_142' title='bbox 563 2008 741 2064; x_wconf 87' lang='lat' dir='ltr'><strong>simile</strong></span> <span class='ocrx_word' id='word_1_143' title='bbox 765 2009 1033 2066; x_wconf 83' lang='lat' dir='ltr'><strong>referatur</strong></span> <span class='ocrx_word' id='word_1_144' title='bbox 1055 2028 1070 2068; x_wconf 88' lang='lat'><strong>:</strong></span> <span class='ocrx_word' id='word_1_145' title='bbox 1096 2012 1251 2066; x_wconf 83' lang='lat' dir='ltr'><strong>.loan.</strong></span> <span class='ocrx_word' id='word_1_146' title='bbox 1282 2028 1378 2077; x_wconf 89' lang='lat' dir='ltr'><strong>vu,</strong></span> <span class='ocrx_word' id='word_1_147' title='bbox 1404 2013 1437 2069; x_wconf 74' lang='grc'><strong>4</strong></span> <span class='ocrx_word' id='word_1_148' title='bbox 1461 2013 1513 2066; x_wconf 86' lang='lat' dir='ltr'><strong>ni</strong></span> <span class='ocrx_word' id='word_1_149' title='bbox 1540 2028 1732 2067; x_wconf 82' lang='lat' dir='ltr'><strong>manna</strong></span> 
     </span>
    </p>
   </div>
   <div class='ocr_carea' id='block_1_20' title="bbox 99 2096 1730 2176">
    <p class='ocr_par' dir='ltr' id='par_1_20' title="bbox 99 2096 1730 2176">
     <span class='ocr_line' id='line_1_20' title="bbox 99 2096 1730 2176; baseline 0.006 -27"><span class='ocrx_word' id='word_1_150' title='bbox 99 2098 170 2150; x_wconf 71' lang='lat' dir='ltr'><strong>in</strong></span> <span class='ocrx_word' id='word_1_151' title='bbox 199 2096 562 2169; x_wconf 83' lang='lat' dir='ltr'><strong>analaugnein</strong></span> <span class='ocrx_word' id='word_1_152' title='bbox 608 2117 686 2155; x_wconf 90' lang='lat' dir='ltr'><strong>wa</strong></span> <span class='ocrx_word' id='word_1_153' title='bbox 733 2100 908 2172; x_wconf 66' lang='grc' dir='ltr'><strong>ίαν]ἰρ</strong></span> <span class='ocrx_word' id='word_1_154' title='bbox 947 2103 1045 2174; x_wconf 77' lang='lat' dir='ltr'><strong>jali</strong></span> <span class='ocrx_word' id='word_1_155' title='bbox 1081 2102 1264 2176; x_wconf 73' lang='lat' dir='ltr'><strong>sokeip</strong></span> <span class='ocrx_word' id='word_1_156' title='bbox 1287 2103 1381 2158; x_wconf 74' lang='lat' dir='ltr'><strong>sil:</strong></span> <span class='ocrx_word' id='word_1_157' title='bbox 1410 2102 1730 2174; x_wconf 70' lang='lat' dir='ltr'><strong>uskunpana</strong></span> 
     </span>
    </p>
   </div>
   <div class='ocr_carea' id='block_1_21' title="bbox 105 2190 1733 2266">
    <p class='ocr_par' dir='ltr' id='par_1_21' title="bbox 105 2190 1733 2266">
     <span class='ocr_line' id='line_1_21' title="bbox 105 2190 1733 2266; baseline 0.004 -23"><span class='ocrx_word' id='word_1_158' title='bbox 105 2190 276 2244; x_wconf 69' lang='lat' dir='ltr'><strong>visain</strong></span> <span class='ocrx_word' id='word_1_159' title='bbox 295 2205 319 2253; x_wconf 82' lang='lat'><strong>,&#39;</strong></span> <span class='ocrx_word' id='word_1_160' title='bbox 369 2190 506 2246; x_wconf 89' lang='lat' dir='ltr'><strong>l&#39;hil.</strong></span> <span class='ocrx_word' id='word_1_161' title='bbox 538 2207 596 2259; x_wconf 90' lang='grc' dir='ltr'>ιι,</span> <span class='ocrx_word' id='word_1_162' title='bbox 633 2191 666 2247; x_wconf 90' lang='grc'>6</span> <span class='ocrx_word' id='word_1_163' title='bbox 687 2194 887 2248; x_wconf 70' lang='lat' dir='ltr'><strong>xristus</strong></span> <span class='ocrx_word' id='word_1_164' title='bbox 922 2197 978 2247; x_wconf 87' lang='lat' dir='ltr'><strong>in</strong></span> <span class='ocrx_word' id='word_1_165' title='bbox 1006 2194 1406 2266; x_wconf 66' lang='lat' dir='ltr'><strong>gupaskaunein</strong></span> <span class='ocrx_word' id='word_1_166' title='bbox 1442 2197 1648 2252; x_wconf 84' lang='lat' dir='ltr'><strong>visands</strong></span> <span class='ocrx_word' id='word_1_167' title='bbox 1677 2197 1733 2251; x_wconf 83' lang='lat' dir='ltr'><strong>ni</strong></span> 
     </span>
    </p>
   </div>
   <div class='ocr_carea' id='block_1_22' title="bbox 105 2283 1730 2358">
    <p class='ocr_par' dir='ltr' id='par_1_22' title="bbox 105 2283 1730 2358">
     <span class='ocr_line' id='line_1_22' title="bbox 105 2283 1730 2358; baseline 0.004 -22"><span class='ocrx_word' id='word_1_168' title='bbox 105 2283 284 2336; x_wconf 75' lang='lat' dir='ltr'><strong>vulva</strong></span> <span class='ocrx_word' id='word_1_169' title='bbox 313 2283 536 2338; x_wconf 86' lang='lat' dir='ltr'><strong>ralmida</strong></span> <span class='ocrx_word' id='word_1_170' title='bbox 562 2285 706 2339; x_wconf 85' lang='lat' dir='ltr'><strong>visan</strong></span> <span class='ocrx_word' id='word_1_171' title='bbox 733 2283 830 2340; x_wconf 78' lang='lat' dir='ltr'><strong>sik</strong></span> <span class='ocrx_word' id='word_1_172' title='bbox 873 2285 1072 2358; x_wconf 82' lang='lat' dir='ltr'><strong>galeiko</strong></span> <span class='ocrx_word' id='word_1_173' title='bbox 1095 2286 1275 2358; x_wconf 68' lang='lat' dir='ltr'><strong>gupa;</strong></span> <span class='ocrx_word' id='word_1_174' title='bbox 1306 2287 1484 2352; x_wconf 84' lang='lat' dir='ltr'><strong>Skeir,</strong></span> <span class='ocrx_word' id='word_1_175' title='bbox 1515 2287 1656 2354; x_wconf 81' lang='lat' dir='ltr'>VIII,</span> <span class='ocrx_word' id='word_1_176' title='bbox 1699 2303 1730 2343; x_wconf 92' lang='lat' dir='ltr'><strong>a</strong></span> 
     </span>
    </p>
   </div>
   <div class='ocr_carea' id='block_1_23' title="bbox 107 2374 1734 2451">
    <p class='ocr_par' dir='ltr' id='par_1_23' title="bbox 107 2374 1734 2451">
     <span class='ocr_line' id='line_1_23' title="bbox 107 2374 1734 2451; baseline 0.006 -24"><span class='ocrx_word' id='word_1_177' title='bbox 107 2376 173 2428; x_wconf 82' lang='lat' dir='ltr'><strong>ni</strong></span> <span class='ocrx_word' id='word_1_178' title='bbox 205 2374 490 2428; x_wconf 80' lang='lat' dir='ltr'><strong>uslaubida</strong></span> <span class='ocrx_word' id='word_1_179' title='bbox 536 2375 656 2446; x_wconf 72' lang='lat' dir='ltr'><strong>[aur</strong></span> <span class='ocrx_word' id='word_1_180' title='bbox 694 2377 791 2429; x_wconf 85' lang='lat' dir='ltr'><strong>mel</strong></span> <span class='ocrx_word' id='word_1_181' title='bbox 816 2376 911 2430; x_wconf 84' lang='lat' dir='ltr'><strong>sik</strong></span> <span class='ocrx_word' id='word_1_182' title='bbox 945 2377 1221 2448; x_wconf 82' lang='lat' dir='ltr'><strong>gahaban;</strong></span> <span class='ocrx_word' id='word_1_183' title='bbox 1253 2379 1380 2436; x_wconf 87' lang='lat' dir='ltr'><strong>Luc.</strong></span> <span class='ocrx_word' id='word_1_184' title='bbox 1434 2394 1507 2444; x_wconf 82' lang='lat' dir='ltr'><strong>vi,</strong></span> <span class='ocrx_word' id='word_1_185' title='bbox 1544 2380 1611 2436; x_wconf 88' lang='lat' dir='ltr'>I8</span> <span class='ocrx_word' id='word_1_186' title='bbox 1644 2396 1734 2451; x_wconf 81' lang='lat' dir='ltr'><strong>qe-</strong></span> 
     </span>
    </p>
   </div>
   <div class='ocr_carea' id='block_1_24' title="bbox 111 2467 1732 2541">
    <p class='ocr_par' dir='ltr' id='par_1_24' title="bbox 111 2467 1732 2541">
     <span class='ocr_line' id='line_1_24' title="bbox 111 2467 1732 2541; baseline 0.006 -23"><span class='ocrx_word' id='word_1_187' title='bbox 111 2483 258 2520; x_wconf 80' lang='lat' dir='ltr'><strong>mun</strong></span> <span class='ocrx_word' id='word_1_188' title='bbox 299 2467 526 2539; x_wconf 84' lang='lat' dir='ltr'><strong>hausjan</strong></span> <span class='ocrx_word' id='word_1_189' title='bbox 552 2469 712 2521; x_wconf 85' lang='lat' dir='ltr'><strong>imma</strong></span> <span class='ocrx_word' id='word_1_190' title='bbox 731 2469 831 2540; x_wconf 83' lang='lat' dir='ltr'><strong>jali</strong></span> <span class='ocrx_word' id='word_1_191' title='bbox 863 2468 1062 2541; x_wconf 81' lang='lat' dir='ltr'><strong>hailjan</strong></span> <span class='ocrx_word' id='word_1_192' title='bbox 1106 2470 1209 2524; x_wconf 81' lang='lat' dir='ltr'><strong>sik</strong></span> <span class='ocrx_word' id='word_1_193' title='bbox 1252 2472 1439 2527; x_wconf 75' lang='lat' dir='ltr'><strong>san/ile</strong></span> <span class='ocrx_word' id='word_1_194' title='bbox 1468 2473 1692 2528; x_wconf 82' lang='lat' dir='ltr'><strong>seinaizo</strong></span> <span class='ocrx_word' id='word_1_195' title='bbox 1711 2490 1732 2541; x_wconf 86' lang='lat'><strong>;</strong></span> 
     </span>
    </p>
   </div>
   <div class='ocr_carea' id='block_1_25' title="bbox 110 2558 1732 2637">
    <p class='ocr_par' dir='ltr' id='par_1_25' title="bbox 110 2558 1732 2637">
     <span class='ocr_line' id='line_1_25' title="bbox 110 2558 1732 2637; baseline 0.003 -23"><span class='ocrx_word' id='word_1_196' title='bbox 110 2559 250 2614; x_wconf 83' lang='lat' dir='ltr'><strong>sive</strong></span> <span class='ocrx_word' id='word_1_197' title='bbox 280 2558 352 2614; x_wconf 86' lang='lat' dir='ltr'><strong>ad</strong></span> <span class='ocrx_word' id='word_1_198' title='bbox 387 2558 658 2615; x_wconf 83' lang='lat' dir='ltr'><strong>diversum</strong></span> <span class='ocrx_word' id='word_1_199' title='bbox 684 2561 984 2631; x_wconf 87' lang='lat' dir='ltr'><strong>subjectum</strong></span> <span class='ocrx_word' id='word_1_200' title='bbox 1024 2580 1039 2619; x_wconf 89' lang='lat'><strong>:</strong></span> <span class='ocrx_word' id='word_1_201' title='bbox 1075 2563 1174 2618; x_wconf 80' lang='lat' dir='ltr'><strong>Mc.</strong></span> <span class='ocrx_word' id='word_1_202' title='bbox 1220 2580 1298 2629; x_wconf 87' lang='grc' dir='ltr'>ιιι,</span> <span class='ocrx_word' id='word_1_203' title='bbox 1341 2563 1407 2618; x_wconf 84' lang='lat' dir='ltr'><strong>II</strong></span> <span class='ocrx_word' id='word_1_204' title='bbox 1446 2567 1584 2621; x_wconf 83' lang='lat' dir='ltr'><strong>iesus</strong></span> <span class='ocrx_word' id='word_1_205' title='bbox 1634 2582 1732 2637; x_wconf 81' lang='lat' dir='ltr'><strong>ga-</strong></span> 
     </span>
    </p>
   </div>
   <div class='ocr_carea' id='block_1_26' title="bbox 106 2651 1730 2729">
    <p class='ocr_par' dir='ltr' id='par_1_26' title="bbox 106 2651 1730 2729">
     <span class='ocr_line' id='line_1_26' title="bbox 106 2651 1730 2729; baseline 0.006 -24"><span class='ocrx_word' id='word_1_206' title='bbox 106 2651 360 2706; x_wconf 69' lang='lat' dir='ltr'><strong>raurhta</strong></span> <span class='ocrx_word' id='word_1_207' title='bbox 388 2653 541 2723; x_wconf 79' lang='lat' dir='ltr'><strong>tvalif</strong></span> <span class='ocrx_word' id='word_1_208' title='bbox 564 2654 636 2708; x_wconf 84' lang='lat' dir='ltr'><strong>du</strong></span> <span class='ocrx_word' id='word_1_209' title='bbox 684 2655 825 2708; x_wconf 85' lang='lat' dir='ltr'><strong>visan</strong></span> <span class='ocrx_word' id='word_1_210' title='bbox 856 2654 972 2728; x_wconf 77' lang='grc' dir='ltr'><strong>ηιἱρ</strong></span> <span class='ocrx_word' id='word_1_211' title='bbox 1013 2657 1106 2710; x_wconf 82' lang='lat' dir='ltr'><strong>sis</strong></span> <span class='ocrx_word' id='word_1_212' title='bbox 1148 2655 1230 2729; x_wconf 88' lang='lat' dir='ltr'><strong>(ut</strong></span> <span class='ocrx_word' id='word_1_213' title='bbox 1277 2673 1457 2714; x_wconf 86' lang='lat' dir='ltr'><strong>secum</strong></span> <span class='ocrx_word' id='word_1_214' title='bbox 1489 2663 1730 2729; x_wconf 78' lang='lat' dir='ltr'><strong>essent};</strong></span> 
     </span>
    </p>
   </div>
   <div class='ocr_carea' id='block_1_27' title="bbox 110 2745 1735 2822">
    <p class='ocr_par' dir='ltr' id='par_1_27' title="bbox 110 2745 1735 2822">
     <span class='ocr_line' id='line_1_27' title="bbox 110 2745 1735 2822; baseline 0.002 -23"><span class='ocrx_word' id='word_1_215' title='bbox 110 2761 175 2811; x_wconf 84' lang='lat' dir='ltr'><strong>v,</strong></span> <span class='ocrx_word' id='word_1_216' title='bbox 208 2745 286 2798; x_wconf 82' lang='grc'>57</span> <span class='ocrx_word' id='word_1_217' title='bbox 317 2747 452 2798; x_wconf 82' lang='lat' dir='ltr'><strong>iesus</strong></span> <span class='ocrx_word' id='word_1_218' title='bbox 482 2745 534 2797; x_wconf 85' lang='lat' dir='ltr'><strong>ni</strong></span> <span class='ocrx_word' id='word_1_219' title='bbox 558 2745 789 2816; x_wconf 77' lang='lat' dir='ltr'><strong>fralailut</strong></span> <span class='ocrx_word' id='word_1_220' title='bbox 815 2745 1082 2802; x_wconf 83' lang='lat' dir='ltr'><strong>ainnohun</strong></span> <span class='ocrx_word' id='word_1_221' title='bbox 1106 2750 1184 2802; x_wconf 76' lang='lat' dir='ltr'><strong>ise</strong></span> <span class='ocrx_word' id='word_1_222' title='bbox 1208 2749 1279 2802; x_wconf 85' lang='lat' dir='ltr'><strong>mi</strong></span> <span class='ocrx_word' id='word_1_223' title='bbox 1282 2747 1325 2821; x_wconf 70' lang='grc' dir='ltr'><strong>Ι)</strong></span> <span class='ocrx_word' id='word_1_224' title='bbox 1372 2750 1463 2804; x_wconf 84' lang='lat' dir='ltr'><strong>sis</strong></span> <span class='ocrx_word' id='word_1_225' title='bbox 1489 2751 1735 2822; x_wconf 78' lang='lat' dir='ltr'><strong>afargag-</strong></span> 
     </span>
    </p>
   </div>
   <div class='ocr_carea' id='block_1_28' title="bbox 114 2838 1736 2914">
    <p class='ocr_par' dir='ltr' id='par_1_28' title="bbox 114 2838 1736 2914">
     <span class='ocr_line' id='line_1_28' title="bbox 114 2838 1736 2914; baseline 0.004 -22"><span class='ocrx_word' id='word_1_226' title='bbox 114 2855 276 2913; x_wconf 82' lang='lat' dir='ltr'><strong>gan;</strong></span> <span class='ocrx_word' id='word_1_227' title='bbox 329 2838 458 2894; x_wconf 84' lang='lat' dir='ltr'><strong>Luc.</strong></span> <span class='ocrx_word' id='word_1_228' title='bbox 493 2853 608 2905; x_wconf 83' lang='lat' dir='ltr'><strong>vui,</strong></span> <span class='ocrx_word' id='word_1_229' title='bbox 642 2839 710 2893; x_wconf 79' lang='grc'>57</span> <span class='ocrx_word' id='word_1_230' title='bbox 743 2839 907 2894; x_wconf 84' lang='lat' dir='ltr'><strong>bedun</strong></span> <span class='ocrx_word' id='word_1_231' title='bbox 935 2843 1025 2895; x_wconf 84' lang='lat' dir='ltr'><strong>ina</strong></span> <span class='ocrx_word' id='word_1_232' title='bbox 1053 2842 1178 2896; x_wconf 84' lang='lat' dir='ltr'><strong>allai</strong></span> <span class='ocrx_word' id='word_1_233' title='bbox 1221 2844 1440 2914; x_wconf 82' lang='lat' dir='ltr'><strong>gaujans</strong></span> <span class='ocrx_word' id='word_1_234' title='bbox 1485 2841 1736 2914; x_wconf 67' lang='lat' dir='ltr'><strong>galeipan</strong></span> 
     </span>
    </p>
   </div>
   <div class='ocr_carea' id='block_1_29' title="bbox 115 2930 1736 3002">
    <p class='ocr_par' dir='ltr' id='par_1_29' title="bbox 115 2930 1736 3002">
     <span class='ocr_line' id='line_1_29' title="bbox 115 2930 1736 3002; baseline 0.002 -17"><span class='ocrx_word' id='word_1_235' title='bbox 115 2932 305 3002; x_wconf 68' lang='grc' dir='ltr'><strong>[πίττα</strong></span> <span class='ocrx_word' id='word_1_236' title='bbox 355 2931 480 2996; x_wconf 91' lang='lat' dir='ltr'><strong>sis;</strong></span> <span class='ocrx_word' id='word_1_237' title='bbox 529 2930 743 2996; x_wconf 86' lang='lat' dir='ltr'><strong>xix,27</strong></span> <span class='ocrx_word' id='word_1_238' title='bbox 791 2931 983 3002; x_wconf 81' lang='lat' dir='ltr'><strong>ﬁjands</strong></span> <span class='ocrx_word' id='word_1_239' title='bbox 1035 2932 1223 2986; x_wconf 74' lang='grc' dir='ltr'><strong>ηιθὶηαὶ</strong></span> <span class='ocrx_word' id='word_1_240' title='bbox 1271 2935 1323 2988; x_wconf 86' lang='lat' dir='ltr'><strong>ni</strong></span> <span class='ocrx_word' id='word_1_241' title='bbox 1365 2933 1607 2988; x_wconf 85' lang='lat' dir='ltr'><strong>vildedun</strong></span> <span class='ocrx_word' id='word_1_242' title='bbox 1637 2935 1736 2989; x_wconf 77' lang='lat' dir='ltr'><strong>mils</strong></span> 
     </span>
    </p>
   </div>
   <div class='ocr_carea' id='block_1_30' title="bbox 117 3021 1737 3098">
    <p class='ocr_par' dir='ltr' id='par_1_30' title="bbox 117 3021 1737 3098">
     <span class='ocr_line' id='line_1_30' title="bbox 117 3021 1737 3098; baseline 0.003 -22"><span class='ocrx_word' id='word_1_243' title='bbox 117 3022 418 3093; x_wconf 67' lang='lat' dir='ltr'><strong>[iiudanon</strong></span> <span class='ocrx_word' id='word_1_244' title='bbox 449 3025 568 3093; x_wconf 77' lang='lat' dir='ltr'><strong>ufar</strong></span> <span class='ocrx_word' id='word_1_245' title='bbox 595 3022 730 3087; x_wconf 83' lang='lat' dir='ltr'><strong>sis;</strong></span> <span class='ocrx_word' id='word_1_246' title='bbox 760 3037 839 3088; x_wconf 86' lang='grc' dir='ltr'>ιιι,</span> <span class='ocrx_word' id='word_1_247' title='bbox 865 3022 898 3077; x_wconf 88' lang='lat'><strong>7</strong></span> <span class='ocrx_word' id='word_1_248' title='bbox 925 3021 1038 3095; x_wconf 76' lang='grc' dir='ltr'><strong>ᾳαρ</strong></span> <span class='ocrx_word' id='word_1_249' title='bbox 1070 3025 1140 3078; x_wconf 84' lang='lat' dir='ltr'><strong>du</strong></span> <span class='ocrx_word' id='word_1_250' title='bbox 1166 3023 1317 3098; x_wconf 71' lang='lat' dir='ltr'><strong>paim</strong></span> <span class='ocrx_word' id='word_1_251' title='bbox 1347 3027 1737 3098; x_wconf 79' lang='lat' dir='ltr'><strong>atgaggandeim</strong></span> 
     </span>
    </p>
   </div>
   <div class='ocr_carea' id='block_1_31' title="bbox 110 3117 1739 3191">
    <p class='ocr_par' dir='ltr' id='par_1_31' title="bbox 110 3117 1739 3191">
     <span class='ocr_line' id='line_1_31' title="bbox 110 3117 1739 3191; baseline 0.002 -17"><span class='ocrx_word' id='word_1_252' title='bbox 110 3117 433 3188; x_wconf 81' lang='lat' dir='ltr'><strong>manageim</strong></span> <span class='ocrx_word' id='word_1_253' title='bbox 462 3117 693 3190; x_wconf 81' lang='lat' dir='ltr'><strong>daupjan</strong></span> <span class='ocrx_word' id='word_1_254' title='bbox 725 3118 862 3188; x_wconf 80' lang='lat' dir='ltr'><strong>[ram</strong></span> <span class='ocrx_word' id='word_1_255' title='bbox 918 3118 1007 3172; x_wconf 88' lang='lat' dir='ltr'><strong>sis</strong></span> <span class='ocrx_word' id='word_1_256' title='bbox 1064 3119 1144 3191; x_wconf 91' lang='lat' dir='ltr'><strong>(ut</strong></span> <span class='ocrx_word' id='word_1_257' title='bbox 1191 3117 1259 3174; x_wconf 90' lang='lat' dir='ltr'><strong>ab</strong></span> <span class='ocrx_word' id='word_1_258' title='bbox 1305 3134 1372 3176; x_wconf 90' lang='lat' dir='ltr'><strong>eo</strong></span> <span class='ocrx_word' id='word_1_259' title='bbox 1401 3119 1739 3190; x_wconf 85' lang='lat' dir='ltr'><strong>baptizaren-</strong></span> 
     </span>
    </p>
   </div>
   <div class='ocr_carea' id='block_1_32' title="bbox 113 3209 1510 3279">
    <p class='ocr_par' dir='ltr' id='par_1_32' title="bbox 113 3209 1510 3279">
     <span class='ocr_line' id='line_1_32' title="bbox 113 3209 1510 3279; baseline 0 -13"><span class='ocrx_word' id='word_1_260' title='bbox 113 3209 274 3279; x_wconf 82' lang='lat' dir='ltr'><strong>tur).</strong></span> <span class='ocrx_word' id='word_1_261' title='bbox 1501 3259 1510 3266; x_wconf 91' lang='lat'><strong>.</strong></span> 
     </span>
    </p>
   </div>
   <div class='ocr_carea' id='block_1_33' title="bbox 202 3298 1740 3374">
    <p class='ocr_par' dir='ltr' id='par_1_33' title="bbox 202 3298 1740 3374">
     <span class='ocr_line' id='line_1_33' title="bbox 202 3298 1740 3374; baseline 0.004 -21"><span class='ocrx_word' id='word_1_262' title='bbox 202 3302 260 3369; x_wconf 86' lang='lat' dir='ltr'><strong>c)</strong></span> <span class='ocrx_word' id='word_1_263' title='bbox 298 3299 356 3353; x_wconf 88' lang='lat' dir='ltr'>In</span> <span class='ocrx_word' id='word_1_264' title='bbox 385 3298 731 3354; x_wconf 79' lang='lat' dir='ltr'><strong>subordinate</strong></span> <span class='ocrx_word' id='word_1_265' title='bbox 775 3301 1042 3357; x_wconf 84' lang='lat' dir='ltr'><strong>sententia</strong></span> <span class='ocrx_word' id='word_1_266' title='bbox 1084 3301 1161 3355; x_wconf 84' lang='lat' dir='ltr'><strong>sik</strong></span> <span class='ocrx_word' id='word_1_267' title='bbox 1207 3300 1275 3357; x_wconf 87' lang='lat' dir='ltr'><strong>ad</strong></span> <span class='ocrx_word' id='word_1_268' title='bbox 1306 3303 1609 3374; x_wconf 78' lang='lat' dir='ltr'><strong>subjectum</strong></span> <span class='ocrx_word' id='word_1_269' title='bbox 1638 3301 1740 3359; x_wconf 92' lang='lat' dir='ltr'><strong>bu-</strong></span> 
     </span>
    </p>
   </div>
   <div class='ocr_carea' id='block_1_34' title="bbox 109 3391 1740 3465">
    <p class='ocr_par' dir='ltr' id='par_1_34' title="bbox 109 3391 1740 3465">
     <span class='ocr_line' id='line_1_34' title="bbox 109 3391 1740 3465; baseline 0.002 -18"><span class='ocrx_word' id='word_1_270' title='bbox 109 3392 220 3465; x_wconf 79' lang='lat' dir='ltr'><strong>jus</strong></span> <span class='ocrx_word' id='word_1_271' title='bbox 280 3393 569 3447; x_wconf 68' lang='lat' dir='ltr'><strong>sententia:</strong></span> <span class='ocrx_word' id='word_1_272' title='bbox 614 3391 847 3448; x_wconf 82' lang='lat' dir='ltr'><strong>refertur</strong></span> <span class='ocrx_word' id='word_1_273' title='bbox 880 3411 893 3446; x_wconf 88' lang='lat'><strong>:</strong></span> <span class='ocrx_word' id='word_1_274' title='bbox 933 3393 1034 3448; x_wconf 85' lang='lat' dir='ltr'><strong>Mc.</strong></span> <span class='ocrx_word' id='word_1_275' title='bbox 1068 3408 1128 3460; x_wconf 89' lang='grc' dir='ltr'>ιι,</span> <span class='ocrx_word' id='word_1_276' title='bbox 1168 3395 1202 3449; x_wconf 89' lang='grc'>8</span> <span class='ocrx_word' id='word_1_277' title='bbox 1230 3393 1560 3465; x_wconf 78' lang='lat' dir='ltr'><strong>ufkunnands</strong></span> <span class='ocrx_word' id='word_1_278' title='bbox 1603 3400 1740 3452; x_wconf 86' lang='lat' dir='ltr'><strong>iesus</strong></span> 
     </span>
    </p>
   </div>
   <div class='ocr_carea' id='block_1_35' title="bbox 118 3489 1738 3568">
    <p class='ocr_par' dir='ltr' id='par_1_35' title="bbox 118 3489 1738 3568">
     <span class='ocr_line' id='line_1_35' title="bbox 118 3489 1738 3568; baseline 0.001 -23"><span class='ocrx_word' id='word_1_279' title='bbox 118 3491 322 3545; x_wconf 81' lang='lat' dir='ltr'><strong>ahmin</strong></span> <span class='ocrx_word' id='word_1_280' title='bbox 349 3490 649 3557; x_wconf 82' lang='lat' dir='ltr'><strong>seinamma,</strong></span> <span class='ocrx_word' id='word_1_281' title='bbox 681 3489 828 3561; x_wconf 70' lang='lat' dir='ltr'><strong>[iatei</strong></span> <span class='ocrx_word' id='word_1_282' title='bbox 857 3506 957 3544; x_wconf 38' lang='lat' dir='ltr'><strong>&#39;sva</strong></span> <span class='ocrx_word' id='word_1_283' title='bbox 985 3491 1083 3563; x_wconf 75' lang='lat' dir='ltr'><strong>[)ai</strong></span> <span class='ocrx_word' id='word_1_284' title='bbox 1129 3491 1425 3547; x_wconf 83' lang='lat' dir='ltr'><strong>mitodedun</strong></span> <span class='ocrx_word' id='word_1_285' title='bbox 1472 3493 1583 3560; x_wconf 84' lang='lat' dir='ltr'><strong>sis,</strong></span> <span class='ocrx_word' id='word_1_286' title='bbox 1628 3493 1738 3568; x_wconf 72' lang='grc' dir='ltr'><strong>ι]αρ</strong></span> 
     </span>
    </p>
   </div>
   <div class='ocr_carea' id='block_1_36' title="bbox 124 3581 1738 3655">
    <p class='ocr_par' dir='ltr' id='par_1_36' title="bbox 124 3581 1738 3655">
     <span class='ocr_line' id='line_1_36' title="bbox 124 3581 1738 3655; baseline 0.004 -21"><span class='ocrx_word' id='word_1_287' title='bbox 124 3581 223 3654; x_wconf 66' lang='grc' dir='ltr'><strong>ῥα</strong></span> <span class='ocrx_word' id='word_1_288' title='bbox 252 3585 370 3648; x_wconf 78' lang='lat' dir='ltr'><strong>im;</strong></span> <span class='ocrx_word' id='word_1_289' title='bbox 423 3582 476 3635; x_wconf 91' lang='lat' dir='ltr'><strong>iu</strong></span> <span class='ocrx_word' id='word_1_290' title='bbox 529 3581 809 3636; x_wconf 89' lang='lat' dir='ltr'><strong>sententiis</strong></span> <span class='ocrx_word' id='word_1_291' title='bbox 855 3582 1178 3652; x_wconf 77' lang='lat' dir='ltr'><strong>praesertim,</strong></span> <span class='ocrx_word' id='word_1_292' title='bbox 1209 3600 1328 3653; x_wconf 72' lang='lat' dir='ltr'><strong>qua:</strong></span> <span class='ocrx_word' id='word_1_293' title='bbox 1381 3585 1738 3655; x_wconf 89' lang='lat' dir='ltr'><strong>propositum,</strong></span> 
     </span>
    </p>
   </div>
   <div class='ocr_carea' id='block_1_37' title="bbox 122 3673 1735 3748">
    <p class='ocr_par' dir='ltr' id='par_1_37' title="bbox 122 3673 1735 3748">
     <span class='ocr_line' id='line_1_37' title="bbox 122 3673 1735 3748; baseline 0.003 -20"><span class='ocrx_word' id='word_1_294' title='bbox 122 3673 428 3728; x_wconf 83' lang='lat' dir='ltr'><strong>consilium</strong></span> <span class='ocrx_word' id='word_1_295' title='bbox 461 3673 754 3728; x_wconf 82' lang='lat' dir='ltr'><strong>exhibent:</strong></span> <span class='ocrx_word' id='word_1_296' title='bbox 785 3674 914 3730; x_wconf 84' lang='lat' dir='ltr'><strong>Luc.</strong></span> <span class='ocrx_word' id='word_1_297' title='bbox 952 3691 1029 3740; x_wconf 84' lang='grc' dir='ltr'>ιιι,</span> <span class='ocrx_word' id='word_1_298' title='bbox 1063 3675 1129 3729; x_wconf 89' lang='grc'>12</span> <span class='ocrx_word' id='word_1_299' title='bbox 1154 3677 1309 3746; x_wconf 81' lang='lat' dir='ltr'><strong>fralet</strong></span> <span class='ocrx_word' id='word_1_300' title='bbox 1337 3675 1416 3748; x_wconf 71' lang='lat' dir='ltr'><strong>po</strong></span> <span class='ocrx_word' id='word_1_301' title='bbox 1446 3679 1735 3748; x_wconf 84' lang='lat' dir='ltr'><strong>managein,</strong></span> 
     </span>
    </p>
   </div>
   <div class='ocr_carea' id='block_1_38' title="bbox 126 3767 1742 3842">
    <p class='ocr_par' dir='ltr' id='par_1_38' title="bbox 126 3767 1742 3842">
     <span class='ocr_line' id='line_1_38' title="bbox 126 3767 1742 3842; baseline 0.002 -19"><span class='ocrx_word' id='word_1_302' title='bbox 126 3769 179 3823; x_wconf 82' lang='lat' dir='ltr'><strong>ei</strong></span> <span class='ocrx_word' id='word_1_303' title='bbox 208 3767 608 3840; x_wconf 70' lang='lat' dir='ltr'><strong>galeipandans</strong></span> <span class='ocrx_word' id='word_1_304' title='bbox 629 3769 684 3823; x_wconf 84' lang='lat' dir='ltr'><strong>in</strong></span> <span class='ocrx_word' id='word_1_305' title='bbox 711 3768 814 3840; x_wconf 72' lang='lat' dir='ltr'><strong>pos</strong></span> <span class='ocrx_word' id='word_1_306' title='bbox 840 3769 1111 3840; x_wconf 80' lang='lat' dir='ltr'><strong>bisunjane</strong></span> <span class='ocrx_word' id='word_1_307' title='bbox 1137 3771 1334 3825; x_wconf 85' lang='lat' dir='ltr'><strong>liaimos</strong></span> <span class='ocrx_word' id='word_1_308' title='bbox 1368 3771 1607 3842; x_wconf 86' lang='lat' dir='ltr'><strong>bugjaina</strong></span> <span class='ocrx_word' id='word_1_309' title='bbox 1651 3773 1742 3826; x_wconf 84' lang='lat' dir='ltr'><strong>sis</strong></span> 
     </span>
    </p>
   </div>
   <div class='ocr_carea' id='block_1_39' title="bbox 127 3861 1744 3937">
    <p class='ocr_par' dir='ltr' id='par_1_39' title="bbox 127 3861 1744 3937">
     <span class='ocr_line' id='line_1_39' title="bbox 127 3861 1744 3937; baseline 0.001 -20"><span class='ocrx_word' id='word_1_310' title='bbox 127 3864 370 3928; x_wconf 70' lang='lat' dir='ltr'><strong>melius;</strong></span> <span class='ocrx_word' id='word_1_311' title='bbox 398 3861 554 3918; x_wconf 77' lang='lat' dir='ltr'><strong>Joan.</strong></span> <span class='ocrx_word' id='word_1_312' title='bbox 584 3879 720 3929; x_wconf 84' lang='lat' dir='ltr'><strong>xvu,</strong></span> <span class='ocrx_word' id='word_1_313' title='bbox 747 3862 812 3917; x_wconf 80' lang='grc'><strong>15</strong></span> <span class='ocrx_word' id='word_1_314' title='bbox 838 3880 907 3916; x_wconf 84' lang='lat' dir='ltr'><strong>nu</strong></span> <span class='ocrx_word' id='word_1_315' title='bbox 925 3863 995 3916; x_wconf 83' lang='lat' dir='ltr'><strong>du</strong></span> <span class='ocrx_word' id='word_1_316' title='bbox 1015 3862 1122 3934; x_wconf 65' lang='lat' dir='ltr'><strong>[ius</strong></span> <span class='ocrx_word' id='word_1_317' title='bbox 1142 3881 1306 3936; x_wconf 86' lang='lat' dir='ltr'><strong>gagga</strong></span> <span class='ocrx_word' id='word_1_318' title='bbox 1320 3863 1416 3936; x_wconf 84' lang='lat' dir='ltr'><strong>jah</strong></span> <span class='ocrx_word' id='word_1_319' title='bbox 1438 3863 1571 3937; x_wconf 69' lang='lat' dir='ltr'><strong>pata</strong></span> <span class='ocrx_word' id='word_1_320' title='bbox 1592 3864 1744 3937; x_wconf 84' lang='lat' dir='ltr'><strong>rodja</strong></span> 
     </span>
    </p>
   </div>
   <div class='ocr_carea' id='block_1_40' title="bbox 129 3955 1729 4028">
    <p class='ocr_par' dir='ltr' id='par_1_40' title="bbox 129 3955 1729 4028">
     <span class='ocr_line' id='line_1_40' title="bbox 129 3955 1729 4028; baseline 0.001 -19"><span class='ocrx_word' id='word_1_321' title='bbox 129 3958 192 4010; x_wconf 75' lang='lat' dir='ltr'><strong>in</strong></span> <span class='ocrx_word' id='word_1_322' title='bbox 257 3956 583 4022; x_wconf 81' lang='lat' dir='ltr'><strong>manasedai,</strong></span> <span class='ocrx_word' id='word_1_323' title='bbox 626 3956 673 4010; x_wconf 81' lang='lat' dir='ltr'><strong>ei</strong></span> <span class='ocrx_word' id='word_1_324' title='bbox 700 3955 923 4010; x_wconf 82' lang='lat' dir='ltr'><strong>habaina</strong></span> <span class='ocrx_word' id='word_1_325' title='bbox 955 3957 1110 4028; x_wconf 73' lang='lat' dir='ltr'><strong>[alted</strong></span> <span class='ocrx_word' id='word_1_326' title='bbox 1163 3963 1329 4012; x_wconf 82' lang='lat' dir='ltr'><strong>meina</strong></span> <span class='ocrx_word' id='word_1_327' title='bbox 1373 3958 1624 4028; x_wconf 79' lang='lat' dir='ltr'><strong>usfullida</strong></span> <span class='ocrx_word' id='word_1_328' title='bbox 1674 3960 1729 4011; x_wconf 80' lang='lat' dir='ltr'><strong>in</strong></span> 
     </span>
    </p>
   </div>
   <div class='ocr_carea' id='block_1_41' title="bbox 131 4045 1743 4122">
    <p class='ocr_par' dir='ltr' id='par_1_41' title="bbox 131 4045 1743 4122">
     <span class='ocr_line' id='line_1_41' title="bbox 131 4045 1743 4122; baseline 0 -18"><span class='ocrx_word' id='word_1_329' title='bbox 131 4050 267 4115; x_wconf 81' lang='lat' dir='ltr'><strong>sis;</strong></span> <span class='ocrx_word' id='word_1_330' title='bbox 291 4045 421 4103; x_wconf 85' lang='lat' dir='ltr'><strong>Cor.</strong></span> <span class='ocrx_word' id='word_1_331' title='bbox 458 4049 518 4114; x_wconf 92' lang='lat' dir='ltr'><strong>Il,</strong></span> <span class='ocrx_word' id='word_1_332' title='bbox 555 4063 612 4115; x_wconf 88' lang='lat' dir='ltr'><strong>v,</strong></span> <span class='ocrx_word' id='word_1_333' title='bbox 646 4048 713 4103; x_wconf 84' lang='lat' dir='ltr'><strong>I5</strong></span> <span class='ocrx_word' id='word_1_334' title='bbox 741 4049 935 4104; x_wconf 62' lang='lat' dir='ltr'><strong>aristas</strong></span> <span class='ocrx_word' id='word_1_335' title='bbox 967 4051 1086 4120; x_wconf 78' lang='lat' dir='ltr'><strong>[aur</strong></span> <span class='ocrx_word' id='word_1_336' title='bbox 1113 4051 1283 4104; x_wconf 86' lang='lat' dir='ltr'><strong>allans</strong></span> <span class='ocrx_word' id='word_1_337' title='bbox 1311 4051 1527 4121; x_wconf 80' lang='lat' dir='ltr'><strong>gasvalt,</strong></span> <span class='ocrx_word' id='word_1_338' title='bbox 1563 4050 1611 4104; x_wconf 80' lang='lat' dir='ltr'><strong>ei</strong></span> <span class='ocrx_word' id='word_1_339' title='bbox 1644 4049 1743 4122; x_wconf 70' lang='grc' dir='ltr'><strong>ῥιιὶ</strong></span> 
     </span>
    </p>
   </div>
   <div class='ocr_carea' id='block_1_42' title="bbox 131 4140 1740 4213">
    <p class='ocr_par' dir='ltr' id='par_1_42' title="bbox 131 4140 1740 4213">
     <span class='ocr_line' id='line_1_42' title="bbox 131 4140 1740 4213; baseline 0 -18"><span class='ocrx_word' id='word_1_340' title='bbox 131 4141 422 4196; x_wconf 71' lang='lat' dir='ltr'><strong>libandum</strong></span> <span class='ocrx_word' id='word_1_341' title='bbox 444 4141 632 4194; x_wconf 82' lang='lat' dir='ltr'><strong>libaina</strong></span> <span class='ocrx_word' id='word_1_342' title='bbox 655 4140 873 4212; x_wconf 70' lang='lat' dir='ltr'><strong>pamma</strong></span> <span class='ocrx_word' id='word_1_343' title='bbox 894 4143 1012 4213; x_wconf 78' lang='lat' dir='ltr'><strong>{aur</strong></span> <span class='ocrx_word' id='word_1_344' title='bbox 1033 4140 1126 4196; x_wconf 78' lang='lat' dir='ltr'><strong>siit</strong></span> <span class='ocrx_word' id='word_1_345' title='bbox 1149 4141 1526 4211; x_wconf 84' lang='lat' dir='ltr'><strong>gasviltandin;</strong></span> <span class='ocrx_word' id='word_1_346' title='bbox 1548 4141 1740 4197; x_wconf 85' lang='lat' dir='ltr'><strong>Thess.</strong></span> 
     </span>
    </p>
   </div>
   <div class='ocr_carea' id='block_1_43' title="bbox 131 4233 1742 4306">
    <p class='ocr_par' dir='ltr' id='par_1_43' title="bbox 131 4233 1742 4306">
     <span class='ocr_line' id='line_1_43' title="bbox 131 4233 1742 4306; baseline 0.001 -18"><span class='ocrx_word' id='word_1_347' title='bbox 131 4235 203 4302; x_wconf 86' lang='grc' dir='ltr'><strong>ιι,</strong></span> <span class='ocrx_word' id='word_1_348' title='bbox 240 4250 327 4301; x_wconf 88' lang='grc' dir='ltr'>ιιι,</span> <span class='ocrx_word' id='word_1_349' title='bbox 350 4233 418 4288; x_wconf 61' lang='lat' dir='ltr'><strong>II</strong></span> <span class='ocrx_word' id='word_1_350' title='bbox 435 4235 489 4287; x_wconf 81' lang='grc' dir='ltr'>ιιὶ</span> <span class='ocrx_word' id='word_1_351' title='bbox 511 4234 766 4306; x_wconf 72' lang='grc' dir='ltr'><strong>ὑιαηάαὶῥ</strong></span> <span class='ocrx_word' id='word_1_352' title='bbox 791 4237 842 4288; x_wconf 73' lang='lat' dir='ltr'><strong>is</strong></span> <span class='ocrx_word' id='word_1_353' title='bbox 858 4236 927 4290; x_wconf 89' lang='lat' dir='ltr'><strong>vis</strong></span> <span class='ocrx_word' id='word_1_354' title='bbox 947 4235 1064 4306; x_wconf 58' lang='lat' dir='ltr'><strong>mi]:</strong></span> <span class='ocrx_word' id='word_1_355' title='bbox 1084 4239 1259 4299; x_wconf 88' lang='lat' dir='ltr'><strong>imma,</strong></span> <span class='ocrx_word' id='word_1_356' title='bbox 1280 4235 1325 4288; x_wconf 86' lang='lat' dir='ltr'><strong>ei</strong></span> <span class='ocrx_word' id='word_1_357' title='bbox 1341 4234 1610 4305; x_wconf 84' lang='lat' dir='ltr'><strong>gaskamai</strong></span> <span class='ocrx_word' id='word_1_358' title='bbox 1628 4233 1742 4290; x_wconf 68' lang='lat' dir='ltr'><strong>silc.</strong></span> 
     </span>
    </p>
   </div>
   <div class='ocr_carea' id='block_1_44' title="bbox 129 4326 1745 4396">
    <p class='ocr_par' dir='ltr' id='par_1_44' title="bbox 129 4326 1745 4396">
     <span class='ocr_line' id='line_1_44' title="bbox 129 4326 1745 4396; baseline 0 -14"><span class='ocrx_word' id='word_1_359' title='bbox 129 4327 180 4387; x_wconf 81' lang='grc' dir='ltr'><strong>Ε</strong></span> <span class='ocrx_word' id='word_1_360' title='bbox 205 4326 492 4382; x_wconf 85' lang='lat' dir='ltr'><strong>contrario</strong></span> <span class='ocrx_word' id='word_1_361' title='bbox 519 4329 565 4380; x_wconf 86' lang='lat' dir='ltr'><strong>is</strong></span> <span class='ocrx_word' id='word_1_362' title='bbox 589 4327 652 4380; x_wconf 90' lang='lat' dir='ltr'><strong>ad</strong></span> <span class='ocrx_word' id='word_1_363' title='bbox 680 4327 978 4396; x_wconf 82' lang='lat' dir='ltr'><strong>subjectum</strong></span> <span class='ocrx_word' id='word_1_364' title='bbox 1006 4327 1313 4396; x_wconf 88' lang='lat' dir='ltr'><strong>principalis</strong></span> <span class='ocrx_word' id='word_1_365' title='bbox 1337 4327 1616 4382; x_wconf 69' lang='lat' dir='ltr'><strong>sententia:</strong></span> <span class='ocrx_word' id='word_1_366' title='bbox 1655 4341 1745 4382; x_wconf 85' lang='lat' dir='ltr'><strong>re-</strong></span> 
     </span>
    </p>
   </div>
   <div class='ocr_carea' id='block_1_45' title="bbox 129 4418 1746 4497">
    <p class='ocr_par' dir='ltr' id='par_1_45' title="bbox 129 4418 1746 4497">
     <span class='ocr_line' id='line_1_45' title="bbox 129 4418 1746 4497; baseline 0.001 -22"><span class='ocrx_word' id='word_1_367' title='bbox 129 4423 320 4475; x_wconf 77' lang='lat' dir='ltr'><strong>fertur</strong></span> <span class='ocrx_word' id='word_1_368' title='bbox 347 4436 361 4472; x_wconf 86' lang='lat'><strong>:</strong></span> <span class='ocrx_word' id='word_1_369' title='bbox 397 4418 525 4474; x_wconf 78' lang='lat' dir='ltr'><strong>Mth.</strong></span> <span class='ocrx_word' id='word_1_370' title='bbox 551 4435 665 4484; x_wconf 89' lang='lat' dir='ltr'><strong>vui,</strong></span> <span class='ocrx_word' id='word_1_371' title='bbox 693 4419 762 4474; x_wconf 91' lang='lat'><strong>27</strong></span> <span class='ocrx_word' id='word_1_372' title='bbox 793 4421 981 4476; x_wconf 80' lang='lat' dir='ltr'><strong>wileiks</strong></span> <span class='ocrx_word' id='word_1_373' title='bbox 1024 4424 1090 4474; x_wconf 85' lang='lat' dir='ltr'><strong>ist</strong></span> <span class='ocrx_word' id='word_1_374' title='bbox 1125 4439 1199 4487; x_wconf 84' lang='lat' dir='ltr'><strong>sa,</strong></span> <span class='ocrx_word' id='word_1_375' title='bbox 1229 4422 1274 4476; x_wconf 85' lang='lat' dir='ltr'><strong>ei</strong></span> <span class='ocrx_word' id='word_1_376' title='bbox 1311 4423 1409 4494; x_wconf 83' lang='lat' dir='ltr'><strong>jalt</strong></span> <span class='ocrx_word' id='word_1_377' title='bbox 1437 4422 1613 4478; x_wconf 83' lang='lat' dir='ltr'><strong>vindos</strong></span> <span class='ocrx_word' id='word_1_378' title='bbox 1645 4424 1746 4497; x_wconf 79' lang='lat' dir='ltr'><strong>jali</strong></span> 
     </span>
    </p>
   </div>
   <div class='ocr_carea' id='block_1_46' title="bbox 128 4513 1748 4587">
    <p class='ocr_par' dir='ltr' id='par_1_46' title="bbox 128 4513 1748 4587">
     <span class='ocr_line' id='line_1_46' title="bbox 128 4513 1748 4587; baseline 0.004 -21"><span class='ocrx_word' id='word_1_379' title='bbox 128 4513 310 4567; x_wconf 78' lang='lat' dir='ltr'><strong>marci</strong></span> <span class='ocrx_word' id='word_1_380' title='bbox 339 4513 663 4583; x_wconf 75' lang='lat' dir='ltr'><strong>ufhausjand</strong></span> <span class='ocrx_word' id='word_1_381' title='bbox 708 4514 934 4578; x_wconf 87' lang='lat' dir='ltr'><strong>imma;</strong></span> <span class='ocrx_word' id='word_1_382' title='bbox 966 4514 1096 4569; x_wconf 89' lang='lat' dir='ltr'><strong>Luc.</strong></span> <span class='ocrx_word' id='word_1_383' title='bbox 1132 4531 1247 4582; x_wconf 87' lang='lat' dir='ltr'><strong>vui,</strong></span> <span class='ocrx_word' id='word_1_384' title='bbox 1274 4515 1342 4570; x_wconf 80' lang='lat'><strong>52</strong></span> <span class='ocrx_word' id='word_1_385' title='bbox 1375 4514 1540 4570; x_wconf 84' lang='lat' dir='ltr'><strong>bedun</strong></span> <span class='ocrx_word' id='word_1_386' title='bbox 1567 4521 1674 4587; x_wconf 80' lang='lat' dir='ltr'><strong>ina,</strong></span> <span class='ocrx_word' id='word_1_387' title='bbox 1701 4519 1748 4572; x_wconf 80' lang='lat' dir='ltr'><strong>ei</strong></span> 
     </span>
    </p>
   </div>
   <div class='ocr_carea' id='block_1_47' title="bbox 131 4604 1748 4679">
    <p class='ocr_par' dir='ltr' id='par_1_47' title="bbox 131 4604 1748 4679">
     <span class='ocr_line' id='line_1_47' title="bbox 131 4604 1748 4679; baseline 0.005 -19"><span class='ocrx_word' id='word_1_388' title='bbox 131 4604 489 4660; x_wconf 65' lang='lat' dir='ltr'><strong>ustaubidedi</strong></span> <span class='ocrx_word' id='word_1_389' title='bbox 520 4607 608 4659; x_wconf 86' lang='lat' dir='ltr'><strong>im</strong></span> <span class='ocrx_word' id='word_1_390' title='bbox 641 4606 696 4659; x_wconf 86' lang='lat' dir='ltr'><strong>in</strong></span> <span class='ocrx_word' id='word_1_391' title='bbox 741 4605 818 4676; x_wconf 72' lang='grc' dir='ltr'><strong>ῥο</strong></span> <span class='ocrx_word' id='word_1_392' title='bbox 868 4606 1156 4679; x_wconf 75' lang='lat' dir='ltr'><strong>galeipan;</strong></span> <span class='ocrx_word' id='word_1_393' title='bbox 1202 4608 1364 4664; x_wconf 86' lang='lat' dir='ltr'><strong>.Ioau.</strong></span> <span class='ocrx_word' id='word_1_394' title='bbox 1419 4626 1490 4678; x_wconf 80' lang='lat' dir='ltr'><strong>vr,</strong></span> <span class='ocrx_word' id='word_1_395' title='bbox 1523 4611 1590 4667; x_wconf 71' lang='lat'><strong>64</strong></span> <span class='ocrx_word' id='word_1_396' title='bbox 1616 4614 1748 4668; x_wconf 82' lang='lat' dir='ltr'><strong>vissa</strong></span> 
     </span>
    </p>
   </div>
   <div class='ocr_carea' id='block_1_48' title="bbox 126 4699 1148 4771">
    <p class='ocr_par' dir='ltr' id='par_1_48' title="bbox 126 4699 1148 4771">
     <span class='ocr_line' id='line_1_48' title="bbox 126 4699 1148 4771; baseline 0.003 -19"><span class='ocrx_word' id='word_1_397' title='bbox 126 4700 310 4769; x_wconf 79' lang='lat' dir='ltr'><strong>iesus,</strong></span> <span class='ocrx_word' id='word_1_398' title='bbox 343 4714 447 4753; x_wconf 70' lang='lat' dir='ltr'><strong>tuas</strong></span> <span class='ocrx_word' id='word_1_399' title='bbox 470 4701 558 4766; x_wconf 81' lang='lat' dir='ltr'><strong>ist,</strong></span> <span class='ocrx_word' id='word_1_400' title='bbox 585 4699 690 4753; x_wconf 84' lang='lat' dir='ltr'><strong>saei</strong></span> <span class='ocrx_word' id='word_1_401' title='bbox 714 4700 925 4770; x_wconf 83' lang='lat' dir='ltr'><strong>galeivei</strong></span> <span class='ocrx_word' id='word_1_402' title='bbox 931 4700 973 4771; x_wconf 70' lang='lat'><strong>1)</strong></span> <span class='ocrx_word' id='word_1_403' title='bbox 1018 4704 1148 4755; x_wconf 83' lang='lat' dir='ltr'><strong>ina.</strong></span> 
     </span>
    </p>
   </div>
   <div class='ocr_carea' id='block_1_49' title="bbox 215 4814 1750 4885">
    <p class='ocr_par' dir='ltr' id='par_1_49' title="bbox 215 4814 1750 4885">
     <span class='ocr_line' id='line_1_49' title="bbox 215 4814 1750 4885; baseline 0.004 -15"><span class='ocrx_word' id='word_1_404' title='bbox 215 4814 287 4885; x_wconf 88' lang='lat'><strong>5)</strong></span> <span class='ocrx_word' id='word_1_405' title='bbox 317 4815 472 4883; x_wconf 85' lang='lat' dir='ltr'><strong>Quod</strong></span> <span class='ocrx_word' id='word_1_406' title='bbox 501 4815 792 4871; x_wconf 83' lang='lat' dir='ltr'><strong>auxiliante</strong></span> <span class='ocrx_word' id='word_1_407' title='bbox 817 4814 893 4869; x_wconf 80' lang='lat' dir='ltr'><strong>sik</strong></span> <span class='ocrx_word' id='word_1_408' title='bbox 912 4815 1074 4871; x_wconf 88' lang='lat' dir='ltr'><strong>verba</strong></span> <span class='ocrx_word' id='word_1_409' title='bbox 1117 4816 1370 4873; x_wconf 81' lang='lat' dir='ltr'><strong>reﬂexiva</strong></span> <span class='ocrx_word' id='word_1_410' title='bbox 1394 4817 1750 4876; x_wconf 82' lang='lat' dir='ltr'><strong>eli‘ormentur</strong></span> 
     </span>
    </p>
   </div>
   <div class='ocr_carea' id='block_1_50' title="bbox 134 4908 1746 4982">
    <p class='ocr_par' dir='ltr' id='par_1_50' title="bbox 134 4908 1746 4982">
     <span class='ocr_line' id='line_1_50' title="bbox 134 4908 1746 4982; baseline 0.001 -15"><span class='ocrx_word' id='word_1_411' title='bbox 134 4920 196 4967; x_wconf 86' lang='lat' dir='ltr'><strong>et</strong></span> <span class='ocrx_word' id='word_1_412' title='bbox 225 4924 382 4977; x_wconf 63' lang='lat' dir='ltr'><strong>saepe</strong></span> <span class='ocrx_word' id='word_1_413' title='bbox 411 4911 620 4978; x_wconf 80' lang='lat' dir='ltr'><strong>passiva</strong></span> <span class='ocrx_word' id='word_1_414' title='bbox 653 4916 708 4964; x_wconf 90' lang='lat' dir='ltr'><strong>et</strong></span> <span class='ocrx_word' id='word_1_415' title='bbox 733 4908 908 4964; x_wconf 92' lang='lat' dir='ltr'><strong>media</strong></span> <span class='ocrx_word' id='word_1_416' title='bbox 925 4919 1299 4980; x_wconf 77' lang='lat' dir='ltr'><strong>exprimantur</strong></span> <span class='ocrx_word' id='word_1_417' title='bbox 1326 4911 1438 4968; x_wconf 92' lang='lat' dir='ltr'><strong>vid.</strong></span> <span class='ocrx_word' id='word_1_418' title='bbox 1466 4911 1526 4982; x_wconf 58' lang='grc' dir='ltr'><strong>ξς</strong></span> <span class='ocrx_word' id='word_1_419' title='bbox 1548 4913 1746 4981; x_wconf 80' lang='grc'>176,4;</span> 
     </span>
    </p>
   </div>
   <div class='ocr_carea' id='block_1_51' title="bbox 133 4999 1751 5074">
    <p class='ocr_par' dir='ltr' id='par_1_51' title="bbox 133 4999 1751 5074">
     <span class='ocr_line' id='line_1_51' title="bbox 133 4999 1751 5074; baseline 0.002 -13"><span class='ocrx_word' id='word_1_420' title='bbox 133 5004 284 5068; x_wconf 90' lang='grc'>177,</span> <span class='ocrx_word' id='word_1_421' title='bbox 320 4999 385 5068; x_wconf 86' lang='grc'><strong>5;</strong></span> <span class='ocrx_word' id='word_1_422' title='bbox 418 5001 543 5066; x_wconf 83' lang='grc'>178,</span> <span class='ocrx_word' id='word_1_423' title='bbox 574 5001 633 5070; x_wconf 84' lang='lat'><strong>2,</strong></span> <span class='ocrx_word' id='word_1_424' title='bbox 671 5012 726 5058; x_wconf 89' lang='lat' dir='ltr'><strong>et</strong></span> <span class='ocrx_word' id='word_1_425' title='bbox 751 5004 890 5074; x_wconf 92' lang='lat' dir='ltr'><strong>quod</strong></span> <span class='ocrx_word' id='word_1_426' title='bbox 925 5019 1218 5074; x_wconf 88' lang='lat' dir='ltr'><strong>pronomen</strong></span> <span class='ocrx_word' id='word_1_427' title='bbox 1273 5005 1588 5064; x_wconf 83' lang='lat' dir='ltr'><strong>reﬂexivum</strong></span> <span class='ocrx_word' id='word_1_428' title='bbox 1627 5016 1751 5064; x_wconf 89' lang='lat' dir='ltr'><strong>tunc</strong></span> 
     </span>
    </p>
   </div>
   <div class='ocr_carea' id='block_1_52' title="bbox 138 5093 1458 5168">
    <p class='ocr_par' dir='ltr' id='par_1_52' title="bbox 138 5093 1458 5168">
     <span class='ocr_line' id='line_1_52' title="bbox 138 5093 1458 5168; baseline 0.002 -18"><span class='ocrx_word' id='word_1_429' title='bbox 138 5095 216 5150; x_wconf 84' lang='lat' dir='ltr'><strong>ad</strong></span> <span class='ocrx_word' id='word_1_430' title='bbox 251 5093 481 5150; x_wconf 79' lang='lat' dir='ltr'><strong>verbum</strong></span> <span class='ocrx_word' id='word_1_431' title='bbox 513 5095 760 5164; x_wconf 83' lang='lat' dir='ltr'><strong>proxime</strong></span> <span class='ocrx_word' id='word_1_432' title='bbox 791 5105 1020 5164; x_wconf 88' lang='lat' dir='ltr'><strong>ponatur</strong></span> <span class='ocrx_word' id='word_1_433' title='bbox 1049 5095 1158 5152; x_wconf 90' lang='lat' dir='ltr'><strong>vid.</strong></span> <span class='ocrx_word' id='word_1_434' title='bbox 1192 5096 1219 5168; x_wconf 86' lang='lat'><strong>§</strong></span> <span class='ocrx_word' id='word_1_435' title='bbox 1250 5097 1376 5164; x_wconf 86' lang='lat' dir='ltr'><strong>I76.</strong></span> <span class='ocrx_word' id='word_1_436' title='bbox 1403 5099 1458 5154; x_wconf 75' lang='grc'><strong>4.</strong></span> 
     </span>
    </p>
   </div>
   <div class='ocr_carea' id='block_1_53' title="bbox 226 5185 1488 5259">
    <p class='ocr_par' dir='ltr' id='par_1_53' title="bbox 226 5185 1488 5259">
     <span class='ocr_line' id='line_1_53' title="bbox 226 5185 1488 5259; baseline 0.007 -20"><span class='ocrx_word' id='word_1_437' title='bbox 226 5186 412 5258; x_wconf 80' lang='lat'><strong>§200.</strong></span> <span class='ocrx_word' id='word_1_438' title='bbox 453 5185 494 5240; x_wconf 91' lang='lat' dir='ltr'><strong>I.</strong></span> <span class='ocrx_word' id='word_1_439' title='bbox 528 5185 825 5242; x_wconf 79' lang='lat' dir='ltr'><strong>Pronomen</strong></span> <span class='ocrx_word' id='word_1_440' title='bbox 853 5189 1198 5259; x_wconf 80' lang='lat' dir='ltr'><strong>reciprocum,</strong></span> <span class='ocrx_word' id='word_1_441' title='bbox 1230 5190 1488 5259; x_wconf 85' lang='lat' dir='ltr'><strong>invicem,</strong></span> 
     </span>
    </p>
   </div>
   <div class='ocr_carea' id='block_1_54' title="bbox 227 5276 1756 5355">
    <p class='ocr_par' dir='ltr' id='par_1_54' title="bbox 227 5276 1756 5355">
     <span class='ocr_line' id='line_1_54' title="bbox 227 5276 1756 5355; baseline 0.007 -23"><span class='ocrx_word' id='word_1_442' title='bbox 227 5279 289 5350; x_wconf 86' lang='lat' dir='ltr'><strong>I)</strong></span> <span class='ocrx_word' id='word_1_443' title='bbox 326 5276 654 5333; x_wconf 81' lang='lat' dir='ltr'><strong>Eﬂ&#39;ormatur</strong></span> <span class='ocrx_word' id='word_1_444' title='bbox 683 5293 748 5335; x_wconf 84' lang='lat' dir='ltr'><strong>ex</strong></span> <span class='ocrx_word' id='word_1_445' title='bbox 778 5281 1098 5355; x_wconf 86' lang='lat' dir='ltr'><strong>pronomine</strong></span> <span class='ocrx_word' id='word_1_446' title='bbox 1139 5283 1408 5351; x_wconf 87' lang='lat' dir='ltr'><strong>personali</strong></span> <span class='ocrx_word' id='word_1_447' title='bbox 1433 5295 1487 5340; x_wconf 91' lang='lat' dir='ltr'><strong>et</strong></span> <span class='ocrx_word' id='word_1_448' title='bbox 1523 5299 1643 5342; x_wconf 93' lang='lat' dir='ltr'><strong>voc.</strong></span> <span class='ocrx_word' id='word_1_449' title='bbox 1671 5285 1756 5342; x_wconf 89' lang='lat' dir='ltr'><strong>in-</strong></span> 
     </span>
    </p>
   </div>
   <div class='ocr_carea' id='block_1_55' title="bbox 144 5369 1755 5448">
    <p class='ocr_par' dir='ltr' id='par_1_55' title="bbox 144 5369 1755 5448">
     <span class='ocr_line' id='line_1_55' title="bbox 144 5369 1755 5448; baseline 0.006 -20"><span class='ocrx_word' id='word_1_450' title='bbox 144 5369 468 5428; x_wconf 86' lang='lat' dir='ltr'><strong>declinabili</strong></span> <span class='ocrx_word' id='word_1_451' title='bbox 501 5371 694 5427; x_wconf 80' lang='lat' dir='ltr'><strong>misso:</strong></span> <span class='ocrx_word' id='word_1_452' title='bbox 727 5371 882 5428; x_wconf 91' lang='lat' dir='ltr'><strong>Rom.</strong></span> <span class='ocrx_word' id='word_1_453' title='bbox 918 5390 1032 5440; x_wconf 72' lang='lat' dir='ltr'><strong>xxv,</strong></span> <span class='ocrx_word' id='word_1_454' title='bbox 1062 5376 1127 5431; x_wconf 77' lang='lat' dir='ltr'><strong>I5</strong></span> <span class='ocrx_word' id='word_1_455' title='bbox 1148 5375 1202 5430; x_wconf 84' lang='lat' dir='ltr'><strong>ni</strong></span> <span class='ocrx_word' id='word_1_456' title='bbox 1231 5375 1514 5448; x_wconf 68' lang='lat' dir='ltr'><strong>panamais</strong></span> <span class='ocrx_word' id='word_1_457' title='bbox 1534 5395 1604 5433; x_wconf 82' lang='lat' dir='ltr'><strong>nu</strong></span> <span class='ocrx_word' id='word_1_458' title='bbox 1636 5397 1755 5437; x_wconf 79' lang='lat' dir='ltr'><strong>uiis</strong></span> 
     </span>
    </p>
   </div>
   <div class='ocr_carea' id='block_1_56' title="bbox 148 5461 1754 5541">
    <p class='ocr_par' dir='ltr' id='par_1_56' title="bbox 148 5461 1754 5541">
     <span class='ocr_line' id='line_1_56' title="bbox 148 5461 1754 5541; baseline 0.006 -20"><span class='ocrx_word' id='word_1_459' title='bbox 148 5468 356 5521; x_wconf 85' lang='lat' dir='ltr'><strong>misso</strong></span> <span class='ocrx_word' id='word_1_460' title='bbox 417 5461 538 5534; x_wconf 92' lang='lat' dir='ltr'><strong>(nos</strong></span> <span class='ocrx_word' id='word_1_461' title='bbox 582 5464 834 5533; x_wconf 88' lang='lat' dir='ltr'><strong>invicem,</strong></span> <span class='ocrx_word' id='word_1_462' title='bbox 881 5465 1144 5537; x_wconf 76' lang='grc' dir='ltr'>ἀλλήλους)</span> <span class='ocrx_word' id='word_1_463' title='bbox 1180 5470 1455 5541; x_wconf 83' lang='lat' dir='ltr'><strong>stojaima;</strong></span> <span class='ocrx_word' id='word_1_464' title='bbox 1508 5471 1574 5528; x_wconf 90' lang='grc'><strong>19</strong></span> <span class='ocrx_word' id='word_1_465' title='bbox 1605 5472 1754 5530; x_wconf 79' lang='lat' dir='ltr'><strong>luist-</strong></span> 
     </span>
    </p>
   </div>
   <div class='ocr_carea' id='block_1_57' title="bbox 140 5559 1751 5640">
    <p class='ocr_par' dir='ltr' id='par_1_57' title="bbox 140 5559 1751 5640">
     <span class='ocr_line' id='line_1_57' title="bbox 140 5559 1751 5640; baseline 0.003 -23"><span class='ocrx_word' id='word_1_466' title='bbox 140 5566 328 5640; x_wconf 82' lang='lat' dir='ltr'><strong>jaima</strong></span> <span class='ocrx_word' id='word_1_467' title='bbox 354 5560 483 5635; x_wconf 67' lang='lat' dir='ltr'><strong>[ioci</strong></span> <span class='ocrx_word' id='word_1_468' title='bbox 511 5559 787 5615; x_wconf 83' lang='lat' dir='ltr'><strong>timreinais</strong></span> <span class='ocrx_word' id='word_1_469' title='bbox 812 5560 930 5615; x_wconf 82' lang='lat' dir='ltr'><strong>sind</strong></span> <span class='ocrx_word' id='word_1_470' title='bbox 957 5566 1011 5617; x_wconf 87' lang='lat' dir='ltr'><strong>in</strong></span> <span class='ocrx_word' id='word_1_471' title='bbox 1037 5579 1148 5617; x_wconf 82' lang='lat' dir='ltr'><strong>uns</strong></span> <span class='ocrx_word' id='word_1_472' title='bbox 1177 5564 1407 5632; x_wconf 86' lang='lat' dir='ltr'><strong>misso;</strong></span> <span class='ocrx_word' id='word_1_473' title='bbox 1437 5563 1562 5621; x_wconf 86' lang='lat' dir='ltr'><strong>Cor.</strong></span> <span class='ocrx_word' id='word_1_474' title='bbox 1590 5566 1631 5634; x_wconf 93' lang='lat' dir='ltr'><strong>I,</strong></span> <span class='ocrx_word' id='word_1_475' title='bbox 1657 5583 1751 5636; x_wconf 86' lang='lat' dir='ltr'><strong>vu,</strong></span> 
     </span>
    </p>
   </div>
   <div class='ocr_carea' id='block_1_58' title="bbox 157 5653 1758 5731">
    <p class='ocr_par' dir='ltr' id='par_1_58' title="bbox 157 5653 1758 5731">
     <span class='ocr_line' id='line_1_58' title="bbox 157 5653 1758 5731; baseline 0.002 -18"><span class='ocrx_word' id='word_1_476' title='bbox 351 5658 524 5714; x_wconf 80' lang='lat' dir='ltr'><strong>isvara</strong></span> <span class='ocrx_word' id='word_1_477' title='bbox 552 5657 743 5719; x_wconf 84' lang='lat' dir='ltr'><strong>misso;</strong></span> <span class='ocrx_word' id='word_1_478' title='bbox 773 5653 877 5708; x_wconf 85' lang='lat' dir='ltr'><strong>Mc.</strong></span> <span class='ocrx_word' id='word_1_479' title='bbox 911 5670 990 5723; x_wconf 84' lang='lat' dir='ltr'><strong>ix,</strong></span> <span class='ocrx_word' id='word_1_480' title='bbox 1020 5657 1090 5712; x_wconf 83' lang='grc'>55</span> <span class='ocrx_word' id='word_1_481' title='bbox 1114 5673 1192 5711; x_wconf 87' lang='lat' dir='ltr'><strong>wa</strong></span> <span class='ocrx_word' id='word_1_482' title='bbox 1214 5660 1272 5712; x_wconf 75' lang='lat' dir='ltr'><strong>in</strong></span> <span class='ocrx_word' id='word_1_483' title='bbox 1306 5658 1420 5729; x_wconf 83' lang='lat' dir='ltr'><strong>viga</strong></span> <span class='ocrx_word' id='word_1_484' title='bbox 1447 5657 1562 5731; x_wconf 76' lang='grc' dir='ltr'><strong>ηιἱρ</strong></span> <span class='ocrx_word' id='word_1_485' title='bbox 1591 5659 1758 5716; x_wconf 80' lang='lat' dir='ltr'><strong>izvis</strong></span> 
     </span>
    </p>
   </div>
   <div class='ocr_carea' id='block_1_59' title="bbox 160 5732 1753 5824">
    <p class='ocr_par' dir='ltr' id='par_1_59' title="bbox 160 5732 1753 5824">
     <span class='ocr_line' id='line_1_59' title="bbox 160 5732 1753 5824; baseline 0.003 -17"><span class='ocrx_word' id='word_1_486' title='bbox 160 5753 362 5808; x_wconf 85' lang='lat' dir='ltr'><strong>misso</strong></span> <span class='ocrx_word' id='word_1_487' title='bbox 392 5751 553 5824; x_wconf 84' lang='lat' dir='ltr'><strong>(dat.)</strong></span> <span class='ocrx_word' id='word_1_488' title='bbox 582 5732 931 5820; x_wconf 71' lang='lat' dir='ltr'><strong>mitodedup?</strong></span> <span class='ocrx_word' id='word_1_489' title='bbox 957 5748 1054 5813; x_wconf 82' lang='lat'><strong>50;</strong></span> <span class='ocrx_word' id='word_1_490' title='bbox 1087 5749 1246 5805; x_wconf 85' lang='lat' dir='ltr'><strong>Joan.</strong></span> <span class='ocrx_word' id='word_1_491' title='bbox 1283 5767 1358 5817; x_wconf 79' lang='lat' dir='ltr'><strong>vi,</strong></span> <span class='ocrx_word' id='word_1_492' title='bbox 1383 5751 1486 5819; x_wconf 69' lang='lat'><strong>45;</strong></span> <span class='ocrx_word' id='word_1_493' title='bbox 1518 5769 1632 5818; x_wconf 88' lang='lat' dir='ltr'><strong>xui,</strong></span> <span class='ocrx_word' id='word_1_494' title='bbox 1667 5755 1753 5822; x_wconf 67' lang='grc'><strong>14,</strong></span> 
     </span>
    </p>
   </div>
   <div class='ocr_carea' id='block_1_60' title="bbox 160 5839 1754 5916">
    <p class='ocr_par' dir='ltr' id='par_1_60' title="bbox 160 5839 1754 5916">
     <span class='ocr_line' id='line_1_60' title="bbox 160 5839 1754 5916; baseline 0.003 -16"><span class='ocrx_word' id='word_1_495' title='bbox 160 5841 267 5910; x_wconf 73' lang='lat'><strong>35;</strong></span> <span class='ocrx_word' id='word_1_496' title='bbox 299 5857 408 5910; x_wconf 84' lang='lat' dir='ltr'><strong>xvi,</strong></span> <span class='ocrx_word' id='word_1_497' title='bbox 441 5840 540 5912; x_wconf 88' lang='lat' dir='ltr'><strong>I9;</strong></span> <span class='ocrx_word' id='word_1_498' title='bbox 576 5840 734 5898; x_wconf 83' lang='lat' dir='ltr'><strong>Rom.</strong></span> <span class='ocrx_word' id='word_1_499' title='bbox 768 5855 861 5912; x_wconf 89' lang='lat' dir='ltr'><strong>xv,</strong></span> <span class='ocrx_word' id='word_1_500' title='bbox 896 5839 965 5910; x_wconf 83' lang='lat'><strong>5;</strong></span> <span class='ocrx_word' id='word_1_501' title='bbox 1000 5839 1118 5898; x_wconf 85' lang='lat' dir='ltr'><strong>Gal.</strong></span> <span class='ocrx_word' id='word_1_502' title='bbox 1144 5857 1198 5911; x_wconf 91' lang='lat' dir='ltr'><strong>v,</strong></span> <span class='ocrx_word' id='word_1_503' title='bbox 1234 5843 1322 5914; x_wconf 81' lang='lat' dir='ltr'><strong>I5,</strong></span> <span class='ocrx_word' id='word_1_504' title='bbox 1357 5842 1457 5914; x_wconf 83' lang='lat' dir='ltr'><strong>I5;</strong></span> <span class='ocrx_word' id='word_1_505' title='bbox 1488 5843 1630 5916; x_wconf 87' lang='lat' dir='ltr'><strong>Eph.</strong></span> <span class='ocrx_word' id='word_1_506' title='bbox 1676 5861 1754 5915; x_wconf 84' lang='lat' dir='ltr'><strong>IV,</strong></span> 
     </span>
    </p>
   </div>
   <div class='ocr_carea' id='block_1_61' title="bbox 1601 291 2008 356">
    <p class='ocr_par' dir='ltr' id='par_1_61' title="bbox 1601 291 2008 356">
     <span class='ocr_line' id='line_1_61' title="bbox 1601 291 2008 356; baseline -0.015 0"><span class='ocrx_word' id='word_1_507' title='bbox 1601 291 1691 356; x_wconf 79' lang='lat' dir='ltr'><strong>DE</strong></span> <span class='ocrx_word' id='word_1_508' title='bbox 1725 292 2008 356; x_wconf 80' lang='lat' dir='ltr'><strong>NOMINE.</strong></span> 
     </span>
    </p>
   </div>
   <div class='ocr_carea' id='block_1_62' title="bbox 3282 287 3418 348">
    <p class='ocr_par' dir='ltr' id='par_1_62' title="bbox 3282 287 3418 348">
     <span class='ocr_line' id='line_1_62' title="bbox 3282 287 3418 348; baseline -0.015 0"><span class='ocrx_word' id='word_1_509' title='bbox 3282 287 3418 348; x_wconf 72' lang='grc'><strong>1994</strong></span> 
     </span>
    </p>
   </div>
   <div class='ocr_carea' id='block_1_63' title="bbox 1833 402 3420 481">
    <p class='ocr_par' dir='ltr' id='par_1_63' title="bbox 1833 402 3420 481">
     <span class='ocr_line' id='line_1_63' title="bbox 1833 402 3420 481; baseline -0.003 -15"><span class='ocrx_word' id='word_1_510' title='bbox 1833 411 1934 476; x_wconf 78' lang='lat'><strong>&#39;52;</strong></span> <span class='ocrx_word' id='word_1_511' title='bbox 1959 427 2012 476; x_wconf 62' lang='grc' dir='ltr'><strong>νη,</strong></span> <span class='ocrx_word' id='word_1_512' title='bbox 2033 408 2095 463; x_wconf 90' lang='grc'>21</span> <span class='ocrx_word' id='word_1_513' title='bbox 2120 426 2133 474; x_wconf 89' lang='lat'><strong>;</strong></span> <span class='ocrx_word' id='word_1_514' title='bbox 2163 405 2321 463; x_wconf 87' lang='lat' dir='ltr'><strong>Joan.</strong></span> <span class='ocrx_word' id='word_1_515' title='bbox 2346 419 2461 471; x_wconf 89' lang='lat' dir='ltr'><strong>xm,</strong></span> <span class='ocrx_word' id='word_1_516' title='bbox 2479 403 2549 460; x_wconf 74' lang='grc'><strong>54</strong></span> <span class='ocrx_word' id='word_1_517' title='bbox 2572 402 2740 478; x_wconf 66' lang='lat' dir='ltr'><strong>frijop</strong></span> <span class='ocrx_word' id='word_1_518' title='bbox 2759 406 2922 461; x_wconf 76' lang='lat' dir='ltr'><strong>isvis</strong></span> <span class='ocrx_word' id='word_1_519' title='bbox 2949 407 3420 481; x_wconf 79' lang='lat' dir='ltr'><strong>missa(acws.);</strong></span> 
     </span>
    </p>
   </div>
   <div class='ocr_carea' id='block_1_64' title="bbox 1833 495 3419 569">
    <p class='ocr_par' dir='ltr' id='par_1_64' title="bbox 1833 495 3419 569">
     <span class='ocr_line' id='line_1_64' title="bbox 1833 495 3419 569; baseline -0.001 -13"><span class='ocrx_word' id='word_1_520' title='bbox 1833 517 1924 567; x_wconf 92' lang='lat' dir='ltr'><strong>xv,</strong></span> <span class='ocrx_word' id='word_1_521' title='bbox 1959 501 2062 569; x_wconf 90' lang='lat' dir='ltr'><strong>I2,</strong></span> <span class='ocrx_word' id='word_1_522' title='bbox 2093 500 2187 567; x_wconf 87' lang='lat' dir='ltr'><strong>I7;</strong></span> <span class='ocrx_word' id='word_1_523' title='bbox 2239 498 2396 553; x_wconf 87' lang='lat' dir='ltr'><strong>Rom.</strong></span> <span class='ocrx_word' id='word_1_524' title='bbox 2428 511 2521 564; x_wconf 96' lang='lat' dir='ltr'><strong>xu,</strong></span> <span class='ocrx_word' id='word_1_525' title='bbox 2553 495 2641 563; x_wconf 87' lang='lat' dir='ltr'><strong>I0,</strong></span> <span class='ocrx_word' id='word_1_526' title='bbox 2675 495 2774 564; x_wconf 87' lang='lat' dir='ltr'><strong>I6;</strong></span> <span class='ocrx_word' id='word_1_527' title='bbox 2808 513 2896 563; x_wconf 91' lang='lat' dir='ltr'><strong>xv,</strong></span> <span class='ocrx_word' id='word_1_528' title='bbox 2942 500 3005 565; x_wconf 86' lang='lat'><strong>7;</strong></span> <span class='ocrx_word' id='word_1_529' title='bbox 3057 498 3185 558; x_wconf 83' lang='lat' dir='ltr'><strong>Cor.</strong></span> <span class='ocrx_word' id='word_1_530' title='bbox 3217 503 3258 566; x_wconf 92' lang='grc'><strong>1,</strong></span> <span class='ocrx_word' id='word_1_531' title='bbox 3309 517 3419 566; x_wconf 75' lang='lat' dir='ltr'><strong>xvr,</strong></span> 
     </span>
    </p>
   </div>
   <div class='ocr_carea' id='block_1_65' title="bbox 1834 588 3419 662">
    <p class='ocr_par' dir='ltr' id='par_1_65' title="bbox 1834 588 3419 662">
     <span class='ocr_line' id='line_1_65' title="bbox 1834 588 3419 662; baseline -0.001 -13"><span class='ocrx_word' id='word_1_532' title='bbox 1834 595 1936 662; x_wconf 75' lang='lat'><strong>20;</strong></span> <span class='ocrx_word' id='word_1_533' title='bbox 1967 596 2094 652; x_wconf 89' lang='lat' dir='ltr'><strong>Cor.</strong></span> <span class='ocrx_word' id='word_1_534' title='bbox 2132 593 2199 662; x_wconf 90' lang='lat' dir='ltr'>II,</span> <span class='ocrx_word' id='word_1_535' title='bbox 2239 607 2355 660; x_wconf 86' lang='lat' dir='ltr'><strong>xui,</strong></span> <span class='ocrx_word' id='word_1_536' title='bbox 2401 591 2500 657; x_wconf 90' lang='lat' dir='ltr'><strong>I2;</strong></span> <span class='ocrx_word' id='word_1_537' title='bbox 2551 588 2690 660; x_wconf 87' lang='lat' dir='ltr'><strong>Eph.</strong></span> <span class='ocrx_word' id='word_1_538' title='bbox 2732 603 2806 659; x_wconf 84' lang='lat' dir='ltr'><strong>iv,</strong></span> <span class='ocrx_word' id='word_1_539' title='bbox 2837 590 2904 657; x_wconf 89' lang='lat'><strong>2;</strong></span> <span class='ocrx_word' id='word_1_540' title='bbox 2937 591 3053 648; x_wconf 83' lang='lat' dir='ltr'><strong>Col.</strong></span> <span class='ocrx_word' id='word_1_541' title='bbox 3085 607 3166 658; x_wconf 91' lang='grc' dir='ltr'>ιιι,</span> <span class='ocrx_word' id='word_1_542' title='bbox 3215 591 3270 662; x_wconf 89' lang='lat'><strong>9,</strong></span> <span class='ocrx_word' id='word_1_543' title='bbox 3321 593 3419 662; x_wconf 65' lang='lat' dir='ltr'><strong>IS;</strong></span> 
     </span>
    </p>
   </div>
   <div class='ocr_carea' id='block_1_66' title="bbox 1834 683 3420 757">
    <p class='ocr_par' dir='ltr' id='par_1_66' title="bbox 1834 683 3420 757">
     <span class='ocr_line' id='line_1_66' title="bbox 1834 683 3420 757; baseline 0.002 -15"><span class='ocrx_word' id='word_1_544' title='bbox 1834 688 2027 744; x_wconf 87' lang='lat' dir='ltr'><strong>Thess.</strong></span> <span class='ocrx_word' id='word_1_545' title='bbox 2073 688 2115 755; x_wconf 88' lang='grc' dir='ltr'>Ι,</span> <span class='ocrx_word' id='word_1_546' title='bbox 2146 703 2228 753; x_wconf 90' lang='grc' dir='ltr'>ιιι,</span> <span class='ocrx_word' id='word_1_547' title='bbox 2275 687 2372 754; x_wconf 85' lang='lat' dir='ltr'><strong>I2;</strong></span> <span class='ocrx_word' id='word_1_548' title='bbox 2406 700 2483 751; x_wconf 85' lang='lat' dir='ltr'><strong>iv,</strong></span> <span class='ocrx_word' id='word_1_549' title='bbox 2516 683 2569 749; x_wconf 88' lang='grc'>9,</span> <span class='ocrx_word' id='word_1_550' title='bbox 2602 683 2697 750; x_wconf 88' lang='grc'><strong>18;</strong></span> <span class='ocrx_word' id='word_1_551' title='bbox 2729 693 2784 755; x_wconf 90' lang='lat' dir='ltr'><strong>v,</strong></span> <span class='ocrx_word' id='word_1_552' title='bbox 2818 684 2923 749; x_wconf 85' lang='lat' dir='ltr'><strong>II;</strong></span> <span class='ocrx_word' id='word_1_553' title='bbox 2956 685 3146 743; x_wconf 84' lang='lat' dir='ltr'><strong>Thess.</strong></span> <span class='ocrx_word' id='word_1_554' title='bbox 3175 683 3236 754; x_wconf 89' lang='lat' dir='ltr'><strong>ll,</strong></span> <span class='ocrx_word' id='word_1_555' title='bbox 3280 703 3318 757; x_wconf 89' lang='grc' dir='ltr'><strong>ι,</strong></span> <span class='ocrx_word' id='word_1_556' title='bbox 3354 687 3420 746; x_wconf 75' lang='lat'><strong>5:</strong></span> 
     </span>
    </p>
   </div>
   <div class='ocr_carea' id='block_1_67' title="bbox 1835 774 3418 850">
    <p class='ocr_par' dir='ltr' id='par_1_67' title="bbox 1835 774 3418 850">
     <span class='ocr_line' id='line_1_67' title="bbox 1835 774 3418 850; baseline -0.002 -16"><span class='ocrx_word' id='word_1_557' title='bbox 1835 779 1965 836; x_wconf 84' lang='lat' dir='ltr'><strong>Luc.</strong></span> <span class='ocrx_word' id='word_1_558' title='bbox 1993 796 2090 847; x_wconf 92' lang='lat' dir='ltr'><strong>vu,</strong></span> <span class='ocrx_word' id='word_1_559' title='bbox 2124 779 2192 835; x_wconf 80' lang='grc'>52</span> <span class='ocrx_word' id='word_1_560' title='bbox 2232 776 2550 850; x_wconf 83' lang='lat' dir='ltr'><strong>vapjandans</strong></span> <span class='ocrx_word' id='word_1_561' title='bbox 2593 774 2774 829; x_wconf 81' lang='lat' dir='ltr'><strong>scina</strong></span> <span class='ocrx_word' id='word_1_562' title='bbox 2820 777 3061 844; x_wconf 84' lang='lat' dir='ltr'><strong>misso;</strong></span> <span class='ocrx_word' id='word_1_563' title='bbox 3091 777 3206 833; x_wconf 85' lang='lat' dir='ltr'><strong>Gal.</strong></span> <span class='ocrx_word' id='word_1_564' title='bbox 3243 794 3296 844; x_wconf 88' lang='lat' dir='ltr'><strong>v,</strong></span> <span class='ocrx_word' id='word_1_565' title='bbox 3355 778 3418 832; x_wconf 89' lang='grc'><strong>17</strong></span> 
     </span>
    </p>
   </div>
   <div class='ocr_carea' id='block_1_68' title="bbox 1831 865 3425 942">
    <p class='ocr_par' dir='ltr' id='par_1_68' title="bbox 1831 865 3425 942">
     <span class='ocr_line' id='line_1_68' title="bbox 1831 865 3425 942; baseline 0.001 -19"><span class='ocrx_word' id='word_1_566' title='bbox 1831 870 1910 942; x_wconf 76' lang='lat' dir='ltr'><strong>po</strong></span> <span class='ocrx_word' id='word_1_567' title='bbox 1962 875 2054 926; x_wconf 88' lang='lat' dir='ltr'><strong>sis</strong></span> <span class='ocrx_word' id='word_1_568' title='bbox 2115 872 2306 926; x_wconf 87' lang='lat' dir='ltr'><strong>misso</strong></span> <span class='ocrx_word' id='word_1_569' title='bbox 2350 867 2758 934; x_wconf 83' lang='lat' dir='ltr'><strong>andstandand;</strong></span> <span class='ocrx_word' id='word_1_570' title='bbox 2815 865 2918 923; x_wconf 84' lang='lat' dir='ltr'><strong>Mc.</strong></span> <span class='ocrx_word' id='word_1_571' title='bbox 2964 885 3004 936; x_wconf 86' lang='grc' dir='ltr'><strong>ι,</strong></span> <span class='ocrx_word' id='word_1_572' title='bbox 3046 869 3114 924; x_wconf 85' lang='grc'>27</span> <span class='ocrx_word' id='word_1_573' title='bbox 3145 870 3425 924; x_wconf 80' lang='lat' dir='ltr'><strong>sokidedun</strong></span> 
     </span>
    </p>
   </div>
   <div class='ocr_carea' id='block_1_69' title="bbox 1833 962 3422 1035">
    <p class='ocr_par' dir='ltr' id='par_1_69' title="bbox 1833 962 3422 1035">
     <span class='ocr_line' id='line_1_69' title="bbox 1833 962 3422 1035; baseline 0.001 -18"><span class='ocrx_word' id='word_1_574' title='bbox 1833 963 1949 1035; x_wconf 68' lang='lat' dir='ltr'><strong>mil)</strong></span> <span class='ocrx_word' id='word_1_575' title='bbox 1990 965 2084 1018; x_wconf 88' lang='lat' dir='ltr'><strong>sis</strong></span> <span class='ocrx_word' id='word_1_576' title='bbox 2116 965 2348 1030; x_wconf 87' lang='lat' dir='ltr'><strong>misso;</strong></span> <span class='ocrx_word' id='word_1_577' title='bbox 2380 979 2493 1032; x_wconf 86' lang='lat' dir='ltr'><strong>vni,</strong></span> <span class='ocrx_word' id='word_1_578' title='bbox 2523 962 2743 1035; x_wconf 84' lang='lat' dir='ltr'><strong>I6;xv,</strong></span> <span class='ocrx_word' id='word_1_579' title='bbox 2773 963 2876 1034; x_wconf 74' lang='lat' dir='ltr'><strong>5i;</strong></span> <span class='ocrx_word' id='word_1_580' title='bbox 2910 963 3042 1018; x_wconf 90' lang='lat' dir='ltr'><strong>Luc.</strong></span> <span class='ocrx_word' id='word_1_581' title='bbox 3088 978 3186 1032; x_wconf 81' lang='lat' dir='ltr'><strong>xx,</strong></span> <span class='ocrx_word' id='word_1_582' title='bbox 3218 964 3274 1031; x_wconf 88' lang='lat'><strong>5,</strong></span> <span class='ocrx_word' id='word_1_583' title='bbox 3319 963 3422 1028; x_wconf 70' lang='lat' dir='ltr'><strong>II;</strong></span> 
     </span>
    </p>
   </div>
   <div class='ocr_carea' id='block_1_70' title="bbox 1832 1053 3426 1128">
    <p class='ocr_par' dir='ltr' id='par_1_70' title="bbox 1832 1053 3426 1128">
     <span class='ocr_line' id='line_1_70' title="bbox 1832 1053 3426 1128; baseline -0.003 -15"><span class='ocrx_word' id='word_1_584' title='bbox 1832 1056 1985 1113; x_wconf 87' lang='lat' dir='ltr'><strong>Joan.</strong></span> <span class='ocrx_word' id='word_1_585' title='bbox 2017 1072 2091 1125; x_wconf 86' lang='lat' dir='ltr'><strong>vi,</strong></span> <span class='ocrx_word' id='word_1_586' title='bbox 2125 1059 2231 1126; x_wconf 80' lang='lat'><strong>52;</strong></span> <span class='ocrx_word' id='word_1_587' title='bbox 2260 1057 2436 1116; x_wconf 85' lang='lat' dir='ltr'><strong>Skelr.</strong></span> <span class='ocrx_word' id='word_1_588' title='bbox 2467 1058 2554 1128; x_wconf 91' lang='lat' dir='ltr'><strong>Ill,</strong></span> <span class='ocrx_word' id='word_1_589' title='bbox 2585 1075 2643 1126; x_wconf 88' lang='lat' dir='ltr'><strong>a;</strong></span> <span class='ocrx_word' id='word_1_590' title='bbox 2678 1061 2778 1114; x_wconf 82' lang='lat' dir='ltr'><strong>Mc.</strong></span> <span class='ocrx_word' id='word_1_591' title='bbox 2803 1071 2873 1124; x_wconf 85' lang='lat' dir='ltr'><strong>iv,</strong></span> <span class='ocrx_word' id='word_1_592' title='bbox 2902 1055 2992 1124; x_wconf 70' lang='grc'>41,</span> <span class='ocrx_word' id='word_1_593' title='bbox 3023 1053 3201 1126; x_wconf 72' lang='grc' dir='ltr'><strong>ᾳεραη</strong></span> <span class='ocrx_word' id='word_1_594' title='bbox 3230 1054 3300 1108; x_wconf 85' lang='lat' dir='ltr'><strong>du</strong></span> <span class='ocrx_word' id='word_1_595' title='bbox 3335 1055 3426 1108; x_wconf 89' lang='lat' dir='ltr'><strong>sis</strong></span> 
     </span>
    </p>
   </div>
   <div class='ocr_carea' id='block_1_71' title="bbox 1832 1147 3423 1217">
    <p class='ocr_par' dir='ltr' id='par_1_71' title="bbox 1832 1147 3423 1217">
     <span class='ocr_line' id='line_1_71' title="bbox 1832 1147 3423 1217; baseline -0.001 -14"><span class='ocrx_word' id='word_1_596' title='bbox 1832 1152 2062 1217; x_wconf 86' lang='lat' dir='ltr'><strong>misso;</strong></span> <span class='ocrx_word' id='word_1_597' title='bbox 2116 1165 2190 1216; x_wconf 83' lang='lat' dir='ltr'><strong>ix,</strong></span> <span class='ocrx_word' id='word_1_598' title='bbox 2227 1151 2314 1216; x_wconf 88' lang='lat' dir='ltr'><strong>I0,</strong></span> <span class='ocrx_word' id='word_1_599' title='bbox 2345 1150 2450 1217; x_wconf 73' lang='lat'><strong>34;</strong></span> <span class='ocrx_word' id='word_1_600' title='bbox 2487 1167 2542 1217; x_wconf 89' lang='lat' dir='ltr'><strong>x,</strong></span> <span class='ocrx_word' id='word_1_601' title='bbox 2574 1153 2674 1214; x_wconf 83' lang='lat'><strong>26;</strong></span> <span class='ocrx_word' id='word_1_602' title='bbox 2708 1167 2783 1215; x_wconf 75' lang='grc' dir='ltr'><strong>χι,</strong></span> <span class='ocrx_word' id='word_1_603' title='bbox 2813 1150 2912 1216; x_wconf 81' lang='lat' dir='ltr'><strong>5i;</strong></span> <span class='ocrx_word' id='word_1_604' title='bbox 2959 1163 3057 1213; x_wconf 87' lang='lat' dir='ltr'><strong>xu,</strong></span> <span class='ocrx_word' id='word_1_605' title='bbox 3100 1147 3166 1214; x_wconf 91' lang='lat'><strong>7;</strong></span> <span class='ocrx_word' id='word_1_606' title='bbox 3203 1161 3312 1211; x_wconf 88' lang='lat' dir='ltr'><strong>xvi,</strong></span> <span class='ocrx_word' id='word_1_607' title='bbox 3353 1147 3423 1212; x_wconf 71' lang='grc' dir='ltr'><strong>ὃς</strong></span> 
     </span>
    </p>
   </div>
   <div class='ocr_carea' id='block_1_72' title="bbox 1833 1238 3425 1312">
    <p class='ocr_par' dir='ltr' id='par_1_72' title="bbox 1833 1238 3425 1312">
     <span class='ocr_line' id='line_1_72' title="bbox 1833 1238 3425 1312; baseline -0.001 -16"><span class='ocrx_word' id='word_1_608' title='bbox 1833 1241 1963 1296; x_wconf 89' lang='lat' dir='ltr'><strong>Luc.</strong></span> <span class='ocrx_word' id='word_1_609' title='bbox 2008 1257 2067 1310; x_wconf 88' lang='grc' dir='ltr'><strong>ιι,</strong></span> <span class='ocrx_word' id='word_1_610' title='bbox 2118 1241 2222 1310; x_wconf 81' lang='grc'><strong>15;</strong></span> <span class='ocrx_word' id='word_1_611' title='bbox 2255 1257 2332 1308; x_wconf 89' lang='lat' dir='ltr'><strong>iv,</strong></span> <span class='ocrx_word' id='word_1_612' title='bbox 2363 1243 2463 1310; x_wconf 79' lang='lat'><strong>&#39;56;</strong></span> <span class='ocrx_word' id='word_1_613' title='bbox 2493 1259 2566 1308; x_wconf 80' lang='lat' dir='ltr'><strong>v1,</strong></span> <span class='ocrx_word' id='word_1_614' title='bbox 2611 1241 2706 1311; x_wconf 88' lang='lat' dir='ltr'>II;</span> <span class='ocrx_word' id='word_1_615' title='bbox 2737 1257 2852 1312; x_wconf 87' lang='lat' dir='ltr'><strong>vin,</strong></span> <span class='ocrx_word' id='word_1_616' title='bbox 2883 1240 2990 1309; x_wconf 85' lang='lat'><strong>25;</strong></span> <span class='ocrx_word' id='word_1_617' title='bbox 3018 1239 3173 1296; x_wconf 81' lang='lat' dir='ltr'><strong>Joan.</strong></span> <span class='ocrx_word' id='word_1_618' title='bbox 3197 1255 3289 1306; x_wconf 84' lang='lat' dir='ltr'><strong>vii,</strong></span> <span class='ocrx_word' id='word_1_619' title='bbox 3320 1238 3425 1306; x_wconf 79' lang='lat'><strong>55;</strong></span> 
     </span>
    </p>
   </div>
   <div class='ocr_carea' id='block_1_73' title="bbox 1831 1335 2598 1404">
    <p class='ocr_par' dir='ltr' id='par_1_73' title="bbox 1831 1335 2598 1404">
     <span class='ocr_line' id='line_1_73' title="bbox 1831 1335 2598 1404; baseline 0.001 -13"><span class='ocrx_word' id='word_1_620' title='bbox 1831 1351 1927 1403; x_wconf 89' lang='lat' dir='ltr'><strong>xu,</strong></span> <span class='ocrx_word' id='word_1_621' title='bbox 1950 1336 2040 1404; x_wconf 90' lang='lat' dir='ltr'><strong>I9;</strong></span> <span class='ocrx_word' id='word_1_622' title='bbox 2072 1351 2194 1403; x_wconf 87' lang='lat' dir='ltr'><strong>xui,</strong></span> <span class='ocrx_word' id='word_1_623' title='bbox 2222 1335 2330 1401; x_wconf 79' lang='lat'><strong>22;</strong></span> <span class='ocrx_word' id='word_1_624' title='bbox 2365 1352 2477 1403; x_wconf 76' lang='grc' dir='ltr'>χιιι,</span> <span class='ocrx_word' id='word_1_625' title='bbox 2509 1337 2598 1392; x_wconf 91' lang='grc'><strong>17.</strong></span> 
     </span>
    </p>
   </div>
   <div class='ocr_carea' id='block_1_74' title="bbox 1911 1427 3425 1500">
    <p class='ocr_par' dir='ltr' id='par_1_74' title="bbox 1911 1427 3425 1500">
     <span class='ocr_line' id='line_1_74' title="bbox 1911 1427 3425 1500; baseline -0.001 -15"><span class='ocrx_word' id='word_1_626' title='bbox 1911 1449 1929 1485; x_wconf 81' lang='grc' dir='ltr'><strong>ι</strong></span> <span class='ocrx_word' id='word_1_627' title='bbox 1955 1430 2246 1486; x_wconf 86' lang='lat' dir='ltr'><strong>Annotatio</strong></span> <span class='ocrx_word' id='word_1_628' title='bbox 2284 1429 2337 1486; x_wconf 94' lang='lat' dir='ltr'><strong>I.</strong></span> <span class='ocrx_word' id='word_1_629' title='bbox 2359 1461 2430 1472; x_wconf 93' lang='lat'><strong><em>—</em></strong></span> <span class='ocrx_word' id='word_1_630' title='bbox 2460 1429 2622 1486; x_wconf 77' lang='lat' dir='ltr'><strong>Misso</strong></span> <span class='ocrx_word' id='word_1_631' title='bbox 2667 1430 2842 1485; x_wconf 91' lang='lat' dir='ltr'><strong>solum</strong></span> <span class='ocrx_word' id='word_1_632' title='bbox 2888 1427 3088 1500; x_wconf 87' lang='lat' dir='ltr'><strong>absque</strong></span> <span class='ocrx_word' id='word_1_633' title='bbox 3112 1428 3425 1497; x_wconf 89' lang='lat' dir='ltr'><strong>pronomine</strong></span> 
     </span>
    </p>
   </div>
   <div class='ocr_carea' id='block_1_75' title="bbox 1833 1517 3428 1589">
    <p class='ocr_par' dir='ltr' id='par_1_75' title="bbox 1833 1517 3428 1589">
     <span class='ocr_line' id='line_1_75' title="bbox 1833 1517 3428 1589; baseline -0.003 -14"><span class='ocrx_word' id='word_1_634' title='bbox 1833 1521 2106 1589; x_wconf 88' lang='lat' dir='ltr'><strong>personali</strong></span> <span class='ocrx_word' id='word_1_635' title='bbox 2157 1519 2390 1576; x_wconf 88' lang='lat' dir='ltr'><strong>occurrit</strong></span> <span class='ocrx_word' id='word_1_636' title='bbox 2437 1518 2807 1575; x_wconf 84' lang='lat' dir='ltr'><strong>tantummodo</strong></span> <span class='ocrx_word' id='word_1_637' title='bbox 2842 1535 2857 1574; x_wconf 90' lang='lat'><strong>:</strong></span> <span class='ocrx_word' id='word_1_638' title='bbox 2892 1517 3010 1573; x_wconf 88' lang='lat' dir='ltr'><strong>Gal.</strong></span> <span class='ocrx_word' id='word_1_639' title='bbox 3038 1533 3092 1586; x_wconf 92' lang='lat' dir='ltr'><strong>v,</strong></span> <span class='ocrx_word' id='word_1_640' title='bbox 3119 1517 3190 1572; x_wconf 80' lang='lat'><strong>26</strong></span> <span class='ocrx_word' id='word_1_641' title='bbox 3213 1519 3266 1572; x_wconf 89' lang='lat' dir='ltr'><strong>m&#39;</strong></span> <span class='ocrx_word' id='word_1_642' title='bbox 3292 1519 3428 1572; x_wconf 81' lang='lat' dir='ltr'><strong>vair-</strong></span> 
     </span>
    </p>
   </div>
   <div class='ocr_carea' id='block_1_76' title="bbox 1833 1609 3426 1685">
    <p class='ocr_par' dir='ltr' id='par_1_76' title="bbox 1833 1609 3426 1685">
     <span class='ocr_line' id='line_1_76' title="bbox 1833 1609 3426 1685; baseline 0 -19"><span class='ocrx_word' id='word_1_643' title='bbox 1833 1612 2018 1684; x_wconf 77' lang='lat' dir='ltr'><strong>[mima</strong></span> <span class='ocrx_word' id='word_1_644' title='bbox 2047 1613 2380 1684; x_wconf 81' lang='lat' dir='ltr'><strong>ﬂautandans</strong></span> <span class='ocrx_word' id='word_1_645' title='bbox 2408 1614 2487 1667; x_wconf 87' lang='lat' dir='ltr'><strong>mi</strong></span> <span class='ocrx_word' id='word_1_646' title='bbox 2497 1629 2596 1668; x_wconf 84' lang='lat' dir='ltr'><strong>sso</strong></span> <span class='ocrx_word' id='word_1_647' title='bbox 2620 1611 2857 1685; x_wconf 87' lang='lat' dir='ltr'><strong>(scilicet</strong></span> <span class='ocrx_word' id='word_1_648' title='bbox 2885 1611 2999 1682; x_wconf 83' lang='lat' dir='ltr'><strong>uns)</strong></span> <span class='ocrx_word' id='word_1_649' title='bbox 3023 1609 3426 1680; x_wconf 78' lang='lat' dir='ltr'><strong>ushaitandans,</strong></span> 
     </span>
    </p>
   </div>
   <div class='ocr_carea' id='block_1_77' title="bbox 1833 1700 3424 1778">
    <p class='ocr_par' dir='ltr' id='par_1_77' title="bbox 1833 1700 3424 1778">
     <span class='ocr_line' id='line_1_77' title="bbox 1833 1700 3424 1778; baseline -0.001 -19"><span class='ocrx_word' id='word_1_650' title='bbox 1833 1703 2026 1759; x_wconf 83' lang='lat' dir='ltr'><strong>misso</strong></span> <span class='ocrx_word' id='word_1_651' title='bbox 2099 1706 2318 1777; x_wconf 88' lang='lat' dir='ltr'><strong>(nempe</strong></span> <span class='ocrx_word' id='word_1_652' title='bbox 2372 1705 2541 1778; x_wconf 85' lang='lat' dir='ltr'><strong>unsis)</strong></span> <span class='ocrx_word' id='word_1_653' title='bbox 2586 1707 2641 1760; x_wconf 87' lang='lat' dir='ltr'><strong>in</strong></span> <span class='ocrx_word' id='word_1_654' title='bbox 2691 1703 2856 1778; x_wconf 71' lang='lat' dir='ltr'><strong>neipa</strong></span> <span class='ocrx_word' id='word_1_655' title='bbox 2902 1705 3213 1772; x_wconf 84' lang='lat' dir='ltr'><strong>visandans;</strong></span> <span class='ocrx_word' id='word_1_656' title='bbox 3265 1700 3424 1758; x_wconf 89' lang='lat' dir='ltr'><strong>Rom.</strong></span> 
     </span>
    </p>
   </div>
   <div class='ocr_carea' id='block_1_78' title="bbox 1833 1794 2985 1868">
    <p class='ocr_par' dir='ltr' id='par_1_78' title="bbox 1833 1794 2985 1868">
     <span class='ocr_line' id='line_1_78' title="bbox 1833 1794 2985 1868; baseline -0.002 -18"><span class='ocrx_word' id='word_1_657' title='bbox 1833 1811 1967 1866; x_wconf 88' lang='lat' dir='ltr'><strong>xm,</strong></span> <span class='ocrx_word' id='word_1_658' title='bbox 2009 1796 2043 1852; x_wconf 92' lang='lat'>8</span> <span class='ocrx_word' id='word_1_659' title='bbox 2073 1798 2264 1851; x_wconf 86' lang='lat' dir='ltr'><strong>misso</strong></span> <span class='ocrx_word' id='word_1_660' title='bbox 2301 1796 2582 1868; x_wconf 88' lang='lat' dir='ltr'><strong>(nimirum</strong></span> <span class='ocrx_word' id='word_1_661' title='bbox 2608 1797 2757 1867; x_wconf 84' lang='lat' dir='ltr'><strong>izvis)</strong></span> <span class='ocrx_word' id='word_1_662' title='bbox 2791 1794 2985 1868; x_wconf 65' lang='lat' dir='ltr'><strong>frijop.</strong></span> 
     </span>
    </p>
   </div>
   <div class='ocr_carea' id='block_1_79' title="bbox 1913 1884 3431 1959">
    <p class='ocr_par' dir='ltr' id='par_1_79' title="bbox 1913 1884 3431 1959">
     <span class='ocr_line' id='line_1_79' title="bbox 1913 1884 3431 1959; baseline 0.002 -19"><span class='ocrx_word' id='word_1_663' title='bbox 1913 1905 1934 1940; x_wconf 74' lang='grc' dir='ltr'><strong>ι</strong></span> <span class='ocrx_word' id='word_1_664' title='bbox 1959 1889 2251 1943; x_wconf 89' lang='lat' dir='ltr'><strong>Annotatio</strong></span> <span class='ocrx_word' id='word_1_665' title='bbox 2267 1889 2321 1942; x_wconf 88' lang='lat'><strong>2.</strong></span> <span class='ocrx_word' id='word_1_666' title='bbox 2337 1887 2506 1944; x_wconf 82' lang='lat' dir='ltr'><strong>—Sik</strong></span> <span class='ocrx_word' id='word_1_667' title='bbox 2527 1891 2684 1943; x_wconf 83' lang='lat' dir='ltr'><strong>misso</strong></span> <span class='ocrx_word' id='word_1_668' title='bbox 2705 1887 3022 1959; x_wconf 87' lang='lat' dir='ltr'><strong>quandoque</strong></span> <span class='ocrx_word' id='word_1_669' title='bbox 3037 1884 3197 1942; x_wconf 89' lang='lat' dir='ltr'><strong>etiam</strong></span> <span class='ocrx_word' id='word_1_670' title='bbox 3215 1885 3431 1956; x_wconf 90' lang='lat' dir='ltr'><strong>ponitur</strong></span> 
     </span>
    </p>
   </div>
   <div class='ocr_carea' id='block_1_80' title="bbox 1833 1979 2680 2052">
    <p class='ocr_par' dir='ltr' id='par_1_80' title="bbox 1833 1979 2680 2052">
     <span class='ocr_line' id='line_1_80' title="bbox 1833 1979 2680 2052; baseline 0.001 -17"><span class='ocrx_word' id='word_1_671' title='bbox 1833 1995 1934 2052; x_wconf 91' lang='lat' dir='ltr'><strong>pro</strong></span> <span class='ocrx_word' id='word_1_672' title='bbox 1964 1979 2234 2049; x_wconf 81' lang='lat' dir='ltr'><strong>reﬂexivo,</strong></span> <span class='ocrx_word' id='word_1_673' title='bbox 2267 1981 2376 2036; x_wconf 92' lang='lat' dir='ltr'><strong>vid.</strong></span> <span class='ocrx_word' id='word_1_674' title='bbox 2411 1989 2598 2037; x_wconf 87' lang='lat' dir='ltr'><strong>annot.</strong></span> <span class='ocrx_word' id='word_1_675' title='bbox 2627 1980 2680 2037; x_wconf 87' lang='lat'><strong>6.</strong></span> 
     </span>
    </p>
   </div>
   <div class='ocr_carea' id='block_1_81' title="bbox 1909 2071 3422 2145">
    <p class='ocr_par' dir='ltr' id='par_1_81' title="bbox 1909 2071 3422 2145">
     <span class='ocr_line' id='line_1_81' title="bbox 1909 2071 3422 2145; baseline 0 -18"><span class='ocrx_word' id='word_1_676' title='bbox 1909 2093 1929 2127; x_wconf 78' lang='grc' dir='ltr'><strong>ι</strong></span> <span class='ocrx_word' id='word_1_677' title='bbox 1949 2074 2240 2130; x_wconf 81' lang='lat' dir='ltr'><strong>Annotatio</strong></span> <span class='ocrx_word' id='word_1_678' title='bbox 2267 2075 2496 2132; x_wconf 77' lang='lat' dir='ltr'><strong>5.—De</strong></span> <span class='ocrx_word' id='word_1_679' title='bbox 2526 2075 2679 2130; x_wconf 83' lang='lat' dir='ltr'><strong>misso</strong></span> <span class='ocrx_word' id='word_1_680' title='bbox 2706 2088 2832 2131; x_wconf 90' lang='lat' dir='ltr'><strong>cum</strong></span> <span class='ocrx_word' id='word_1_681' title='bbox 2862 2071 3182 2145; x_wconf 85' lang='lat' dir='ltr'><strong>pronomine</strong></span> <span class='ocrx_word' id='word_1_682' title='bbox 3208 2085 3422 2144; x_wconf 87' lang='lat' dir='ltr'><strong>posses-</strong></span> 
     </span>
    </p>
   </div>
   <div class='ocr_carea' id='block_1_82' title="bbox 1835 2163 2440 2235">
    <p class='ocr_par' dir='ltr' id='par_1_82' title="bbox 1835 2163 2440 2235">
     <span class='ocr_line' id='line_1_82' title="bbox 1835 2163 2440 2235; baseline -0.003 -15"><span class='ocrx_word' id='word_1_683' title='bbox 1835 2164 1953 2220; x_wconf 76' lang='lat' dir='ltr'><strong>sivo</strong></span> <span class='ocrx_word' id='word_1_684' title='bbox 1983 2165 2088 2220; x_wconf 88' lang='lat' dir='ltr'><strong>vid.</strong></span> <span class='ocrx_word' id='word_1_685' title='bbox 2123 2164 2150 2235; x_wconf 67' lang='grc' dir='ltr'><strong>ς</strong></span> <span class='ocrx_word' id='word_1_686' title='bbox 2175 2163 2304 2235; x_wconf 78' lang='lat'><strong>201,</strong></span> <span class='ocrx_word' id='word_1_687' title='bbox 2337 2168 2394 2223; x_wconf 75' lang='grc' dir='ltr'>ι.</span> <span class='ocrx_word' id='word_1_688' title='bbox 2420 2184 2440 2218; x_wconf 88' lang='lat'><strong>.</strong></span> 
     </span>
    </p>
   </div>
   <div class='ocr_carea' id='block_1_83' title="bbox 1907 2260 3429 2336">
    <p class='ocr_par' dir='ltr' id='par_1_83' title="bbox 1907 2260 3429 2336">
     <span class='ocr_line' id='line_1_83' title="bbox 1907 2260 3429 2336; baseline 0.001 -20"><span class='ocrx_word' id='word_1_689' title='bbox 1907 2261 1964 2332; x_wconf 87' lang='lat'><strong>2)</strong></span> <span class='ocrx_word' id='word_1_690' title='bbox 1981 2260 2130 2316; x_wconf 89' lang='lat' dir='ltr'><strong>Alter</strong></span> <span class='ocrx_word' id='word_1_691' title='bbox 2150 2260 2368 2317; x_wconf 89' lang='lat' dir='ltr'><strong>alterius</strong></span> <span class='ocrx_word' id='word_1_692' title='bbox 2389 2261 2601 2334; x_wconf 82' lang='lat' dir='ltr'><strong>gothice</strong></span> <span class='ocrx_word' id='word_1_693' title='bbox 2631 2279 2705 2316; x_wconf 91' lang='lat' dir='ltr'><strong>an</strong></span> <span class='ocrx_word' id='word_1_694' title='bbox 2710 2261 2836 2336; x_wconf 69' lang='grc' dir='ltr'><strong>[ων</strong></span> <span class='ocrx_word' id='word_1_695' title='bbox 2873 2279 2904 2315; x_wconf 92' lang='lat' dir='ltr'><strong>a</strong></span> <span class='ocrx_word' id='word_1_696' title='bbox 2919 2260 3142 2335; x_wconf 71' lang='lat' dir='ltr'><strong>aparis</strong></span> <span class='ocrx_word' id='word_1_697' title='bbox 3165 2261 3429 2332; x_wconf 86' lang='lat' dir='ltr'><strong>exprimi-</strong></span> 
     </span>
    </p>
   </div>
   <div class='ocr_carea' id='block_1_84' title="bbox 1835 2353 3430 2430">
    <p class='ocr_par' dir='ltr' id='par_1_84' title="bbox 1835 2353 3430 2430">
     <span class='ocr_line' id='line_1_84' title="bbox 1835 2353 3430 2430; baseline -0.001 -20"><span class='ocrx_word' id='word_1_698' title='bbox 1835 2364 1962 2410; x_wconf 86' lang='lat' dir='ltr'><strong>tur:</strong></span> <span class='ocrx_word' id='word_1_699' title='bbox 1990 2354 2126 2424; x_wconf 89' lang='lat' dir='ltr'><strong>Eph.</strong></span> <span class='ocrx_word' id='word_1_700' title='bbox 2160 2369 2232 2420; x_wconf 88' lang='lat' dir='ltr'><strong>iv,</strong></span> <span class='ocrx_word' id='word_1_701' title='bbox 2260 2355 2332 2411; x_wconf 83' lang='lat'><strong>25</strong></span> <span class='ocrx_word' id='word_1_702' title='bbox 2359 2354 2508 2428; x_wconf 68' lang='grc' dir='ltr'><strong>εἰ]υρ</strong></span> <span class='ocrx_word' id='word_1_703' title='bbox 2555 2355 2780 2430; x_wconf 74' lang='lat' dir='ltr'><strong>anpar</strong></span> <span class='ocrx_word' id='word_1_704' title='bbox 2827 2354 3117 2428; x_wconf 67' lang='lat' dir='ltr'><strong>anparis</strong></span> <span class='ocrx_word' id='word_1_705' title='bbox 3164 2353 3430 2428; x_wconf 74' lang='grc' dir='ltr'>(ἀλλήλων)</span> 
     </span>
    </p>
   </div>
   <div class='ocr_carea' id='block_1_85' title="bbox 1835 2446 3433 2522">
    <p class='ocr_par' dir='ltr' id='par_1_85' title="bbox 1835 2446 3433 2522">
     <span class='ocr_line' id='line_1_85' title="bbox 1835 2446 3433 2522; baseline 0.002 -21"><span class='ocrx_word' id='word_1_706' title='bbox 1835 2446 2022 2520; x_wconf 69' lang='lat' dir='ltr'><strong>(lpus;</strong></span> <span class='ocrx_word' id='word_1_707' title='bbox 2054 2449 2192 2505; x_wconf 84' lang='lat' dir='ltr'><strong>Phil.</strong></span> <span class='ocrx_word' id='word_1_708' title='bbox 2223 2449 2332 2517; x_wconf 75' lang='lat'><strong>&quot;,5</strong></span> <span class='ocrx_word' id='word_1_709' title='bbox 2359 2451 2414 2504; x_wconf 85' lang='lat' dir='ltr'><strong>in</strong></span> <span class='ocrx_word' id='word_1_710' title='bbox 2435 2449 2562 2504; x_wconf 80' lang='lat' dir='ltr'><strong>allai</strong></span> <span class='ocrx_word' id='word_1_711' title='bbox 2587 2448 2865 2504; x_wconf 82' lang='lat' dir='ltr'><strong>hauheinai</strong></span> <span class='ocrx_word' id='word_1_712' title='bbox 2889 2451 3175 2522; x_wconf 84' lang='lat' dir='ltr'><strong>gahagdais</strong></span> <span class='ocrx_word' id='word_1_713' title='bbox 3213 2467 3290 2505; x_wconf 84' lang='lat' dir='ltr'><strong>an</strong></span> <span class='ocrx_word' id='word_1_714' title='bbox 3299 2449 3433 2522; x_wconf 68' lang='lat' dir='ltr'><strong>par</strong></span> 
     </span>
    </p>
   </div>
   <div class='ocr_carea' id='block_1_86' title="bbox 1834 2539 3432 2617">
    <p class='ocr_par' dir='ltr' id='par_1_86' title="bbox 1834 2539 3432 2617">
     <span class='ocr_line' id='line_1_86' title="bbox 1834 2539 3432 2617; baseline 0.003 -23"><span class='ocrx_word' id='word_1_715' title='bbox 1834 2557 1866 2594; x_wconf 92' lang='lat' dir='ltr'><strong>a</strong></span> <span class='ocrx_word' id='word_1_716' title='bbox 1883 2556 1915 2594; x_wconf 84' lang='grc' dir='ltr'><em>η</em></span> <span class='ocrx_word' id='word_1_717' title='bbox 1934 2539 1978 2613; x_wconf 78' lang='lat' dir='ltr'><strong>I)</strong></span> <span class='ocrx_word' id='word_1_718' title='bbox 1998 2559 2028 2595; x_wconf 94' lang='lat' dir='ltr'><strong>a</strong></span> <span class='ocrx_word' id='word_1_719' title='bbox 2043 2557 2070 2595; x_wconf 88' lang='lat' dir='ltr'><strong>r</strong></span> <span class='ocrx_word' id='word_1_720' title='bbox 2087 2559 2118 2596; x_wconf 90' lang='lat' dir='ltr'><strong>a</strong></span> <span class='ocrx_word' id='word_1_721' title='bbox 2132 2558 2165 2595; x_wconf 87' lang='grc' dir='ltr'><em>η</em></span> <span class='ocrx_word' id='word_1_722' title='bbox 2179 2557 2212 2595; x_wconf 91' lang='lat' dir='ltr'><strong>a</strong></span> <span class='ocrx_word' id='word_1_723' title='bbox 2252 2547 2509 2596; x_wconf 82' lang='lat' dir='ltr'><strong>munands</strong></span> <span class='ocrx_word' id='word_1_724' title='bbox 2551 2543 2621 2596; x_wconf 87' lang='lat' dir='ltr'><strong>sis</strong></span> <span class='ocrx_word' id='word_1_725' title='bbox 2647 2541 2912 2597; x_wconf 78' lang='lat' dir='ltr'><strong>auhuman</strong></span> <span class='ocrx_word' id='word_1_726' title='bbox 2944 2543 3210 2612; x_wconf 79' lang='grc' dir='ltr'><strong>(ἀλλήλους</strong></span> <span class='ocrx_word' id='word_1_727' title='bbox 3233 2543 3432 2617; x_wconf 68' lang='grc' dir='ltr'><strong>ἡγησάι</strong></span> 
     </span>
    </p>
   </div>
   <div class='ocr_carea' id='block_1_87' title="bbox 1835 2631 3425 2709">
    <p class='ocr_par' dir='ltr' id='par_1_87' title="bbox 1835 2631 3425 2709">
     <span class='ocr_line' id='line_1_87' title="bbox 1835 2631 3425 2709; baseline -0.001 -21"><span class='ocrx_word' id='word_1_728' title='bbox 1835 2654 1975 2704; x_wconf 84' lang='grc' dir='ltr'>μενοι</span> <span class='ocrx_word' id='word_1_729' title='bbox 2003 2634 2363 2709; x_wconf 77' lang='grc' dir='ltr'><strong>ὑπερέχοντας</strong></span> <span class='ocrx_word' id='word_1_730' title='bbox 2393 2633 2634 2706; x_wconf 76' lang='grc' dir='ltr'><strong>ἑαυτῶν).</strong></span> <span class='ocrx_word' id='word_1_731' title='bbox 2681 2635 2815 2690; x_wconf 84' lang='lat' dir='ltr'><strong>Hinc</strong></span> <span class='ocrx_word' id='word_1_732' title='bbox 2844 2634 3061 2690; x_wconf 89' lang='lat' dir='ltr'><strong>mutilus</strong></span> <span class='ocrx_word' id='word_1_733' title='bbox 3093 2635 3240 2689; x_wconf 86' lang='lat' dir='ltr'><strong>locus</strong></span> <span class='ocrx_word' id='word_1_734' title='bbox 3266 2631 3425 2688; x_wconf 88' lang='lat' dir='ltr'><strong>Rom.</strong></span> 
     </span>
    </p>
   </div>
   <div class='ocr_carea' id='block_1_88' title="bbox 1835 2723 3436 2800">
    <p class='ocr_par' dir='ltr' id='par_1_88' title="bbox 1835 2723 3436 2800">
     <span class='ocr_line' id='line_1_88' title="bbox 1835 2723 3436 2800; baseline -0.002 -19"><span class='ocrx_word' id='word_1_735' title='bbox 1835 2742 1931 2792; x_wconf 86' lang='lat' dir='ltr'><strong>xii,</strong></span> <span class='ocrx_word' id='word_1_736' title='bbox 1961 2726 1997 2782; x_wconf 74' lang='grc' dir='ltr'><strong>ὅ</strong></span> <span class='ocrx_word' id='word_1_737' title='bbox 2016 2726 2096 2782; x_wconf 91' lang='lat' dir='ltr'><strong>sic</strong></span> <span class='ocrx_word' id='word_1_738' title='bbox 2121 2725 2484 2782; x_wconf 89' lang='lat' dir='ltr'><strong>restituendus</strong></span> <span class='ocrx_word' id='word_1_739' title='bbox 2510 2734 2594 2783; x_wconf 89' lang='lat' dir='ltr'><strong>est</strong></span> <span class='ocrx_word' id='word_1_740' title='bbox 2621 2743 2635 2781; x_wconf 91' lang='lat'><strong>:</strong></span> <span class='ocrx_word' id='word_1_741' title='bbox 2663 2726 2859 2800; x_wconf 74' lang='lat' dir='ltr'><strong>appan</strong></span> <span class='ocrx_word' id='word_1_742' title='bbox 2882 2726 3222 2800; x_wconf 75' lang='lat' dir='ltr'><strong>ainwarjizuh</strong></span> <span class='ocrx_word' id='word_1_743' title='bbox 3255 2741 3320 2779; x_wconf 88' lang='lat' dir='ltr'><strong>an</strong></span> <span class='ocrx_word' id='word_1_744' title='bbox 3323 2723 3436 2798; x_wconf 71' lang='lat' dir='ltr'><strong>par</strong></span> 
     </span>
    </p>
   </div>
   <div class='ocr_carea' id='block_1_89' title="bbox 1835 2816 3436 2892">
    <p class='ocr_par' dir='ltr' id='par_1_89' title="bbox 1835 2816 3436 2892">
     <span class='ocr_line' id='line_1_89' title="bbox 1835 2816 3436 2892; baseline -0.001 -18"><span class='ocrx_word' id='word_1_745' title='bbox 1835 2818 2127 2892; x_wconf 77' lang='lat' dir='ltr'><strong>anparis</strong></span> <span class='ocrx_word' id='word_1_746' title='bbox 2174 2819 2375 2891; x_wconf 74' lang='lat' dir='ltr'><strong>lipus,</strong></span> <span class='ocrx_word' id='word_1_747' title='bbox 2399 2828 2453 2875; x_wconf 88' lang='lat' dir='ltr'><strong>et</strong></span> <span class='ocrx_word' id='word_1_748' title='bbox 2480 2819 2610 2876; x_wconf 80' lang='lat' dir='ltr'><strong>Mth.</strong></span> <span class='ocrx_word' id='word_1_749' title='bbox 2642 2835 2716 2888; x_wconf 85' lang='lat' dir='ltr'><strong>xi,</strong></span> <span class='ocrx_word' id='word_1_750' title='bbox 2751 2819 2816 2876; x_wconf 86' lang='lat' dir='ltr'><strong>I6</strong></span> <span class='ocrx_word' id='word_1_751' title='bbox 2844 2818 3036 2876; x_wconf 86' lang='lat' dir='ltr'><strong>adesse</strong></span> <span class='ocrx_word' id='word_1_752' title='bbox 3059 2819 3220 2876; x_wconf 88' lang='lat' dir='ltr'><strong>etiam</strong></span> <span class='ocrx_word' id='word_1_753' title='bbox 3248 2816 3436 2874; x_wconf 86' lang='lat' dir='ltr'><strong>debuit</strong></span> 
     </span>
    </p>
   </div>
   <div class='ocr_carea' id='block_1_90' title="bbox 1835 2911 2724 2987">
    <p class='ocr_par' dir='ltr' id='par_1_90' title="bbox 1835 2911 2724 2987">
     <span class='ocr_line' id='line_1_90' title="bbox 1835 2911 2724 2987; baseline 0 -20"><span class='ocrx_word' id='word_1_754' title='bbox 1835 2913 2012 2987; x_wconf 69' lang='lat' dir='ltr'><strong>anpar</strong></span> <span class='ocrx_word' id='word_1_755' title='bbox 2037 2911 2279 2985; x_wconf 72' lang='lat' dir='ltr'><strong>anparis,</strong></span> <span class='ocrx_word' id='word_1_756' title='bbox 2311 2912 2427 2968; x_wconf 89' lang='lat' dir='ltr'><strong>vid.</strong></span> <span class='ocrx_word' id='word_1_757' title='bbox 2458 2911 2637 2985; x_wconf 82' lang='lat'><strong>§259,</strong></span> <span class='ocrx_word' id='word_1_758' title='bbox 2673 2913 2724 2969; x_wconf 92' lang='lat' dir='ltr'><strong>I.</strong></span> 
     </span>
    </p>
   </div>
   <div class='ocr_carea' id='block_1_91' title="bbox 1910 3024 3520 3099">
    <p class='ocr_par' dir='ltr' id='par_1_91' title="bbox 1910 3024 3520 3099">
     <span class='ocr_line' id='line_1_91' title="bbox 1910 3024 3520 3099; baseline -0.002 -16"><span class='ocrx_word' id='word_1_759' title='bbox 1910 3026 1976 3084; x_wconf 89' lang='lat' dir='ltr'><strong>li.</strong></span> <span class='ocrx_word' id='word_1_760' title='bbox 2009 3025 2164 3083; x_wconf 82' lang='lat' dir='ltr'><strong>Silba</strong></span> <span class='ocrx_word' id='word_1_761' title='bbox 2196 3024 2390 3098; x_wconf 82' lang='grc' dir='ltr'><strong>(αὐτὸς)</strong></span> <span class='ocrx_word' id='word_1_762' title='bbox 2417 3027 2551 3096; x_wconf 89' lang='lat' dir='ltr'><strong>ipse,</strong></span> <span class='ocrx_word' id='word_1_763' title='bbox 2584 3034 2668 3083; x_wconf 85' lang='lat' dir='ltr'><strong>est</strong></span> <span class='ocrx_word' id='word_1_764' title='bbox 2690 3039 2785 3099; x_wconf 88' lang='lat' dir='ltr'><strong>pro</strong></span> <span class='ocrx_word' id='word_1_765' title='bbox 2810 3040 2907 3084; x_wconf 89' lang='lat' dir='ltr'><strong>sua</strong></span> <span class='ocrx_word' id='word_1_766' title='bbox 2933 3025 3126 3095; x_wconf 77' lang='lat' dir='ltr'><strong>forma,</strong></span> <span class='ocrx_word' id='word_1_767' title='bbox 3149 3039 3272 3081; x_wconf 87' lang='lat' dir='ltr'><strong>nam</strong></span> <span class='ocrx_word' id='word_1_768' title='bbox 3297 3039 3428 3082; x_wconf 83' lang='lat' dir='ltr'><strong>con-</strong></span> <span class='ocrx_word' id='word_1_769' title='bbox 3480 3046 3520 3079; x_wconf 75' lang='grc' dir='ltr'><strong><em>ρ</em></strong></span> 
     </span>
    </p>
   </div>
   <div class='ocr_carea' id='block_1_92' title="bbox 1837 3119 3424 3190">
    <p class='ocr_par' dir='ltr' id='par_1_92' title="bbox 1837 3119 3424 3190">
     <span class='ocr_line' id='line_1_92' title="bbox 1837 3119 3424 3190; baseline 0.001 -14"><span class='ocrx_word' id='word_1_770' title='bbox 1837 3121 2120 3177; x_wconf 82' lang='lat' dir='ltr'><strong>sonantice</strong></span> <span class='ocrx_word' id='word_1_771' title='bbox 2141 3129 2346 3176; x_wconf 82' lang='lat' dir='ltr'><strong>tantum</strong></span> <span class='ocrx_word' id='word_1_772' title='bbox 2374 3119 2699 3187; x_wconf 87' lang='lat' dir='ltr'><strong>declinatur,</strong></span> <span class='ocrx_word' id='word_1_773' title='bbox 2727 3127 2783 3175; x_wconf 89' lang='lat' dir='ltr'><strong>et</strong></span> <span class='ocrx_word' id='word_1_774' title='bbox 2803 3133 2898 3190; x_wconf 90' lang='lat' dir='ltr'><strong>pro</strong></span> <span class='ocrx_word' id='word_1_775' title='bbox 2924 3133 3018 3174; x_wconf 85' lang='lat' dir='ltr'><strong>sua</strong></span> <span class='ocrx_word' id='word_1_776' title='bbox 3032 3119 3424 3190; x_wconf 68' lang='lat' dir='ltr'><strong>signiﬁcatouo</strong></span> 
     </span>
    </p>
   </div>
   <div class='ocr_carea' id='block_1_93' title="bbox 1837 3209 2821 3283">
    <p class='ocr_par' dir='ltr' id='par_1_93' title="bbox 1837 3209 2821 3283">
     <span class='ocr_line' id='line_1_93' title="bbox 1837 3209 2821 3283; baseline -0.001 -15"><span class='ocrx_word' id='word_1_777' title='bbox 1837 3211 2176 3270; x_wconf 90' lang='lat' dir='ltr'><strong>substantive</strong></span> <span class='ocrx_word' id='word_1_778' title='bbox 2198 3210 2577 3283; x_wconf 88' lang='lat' dir='ltr'><strong>spectandum;</strong></span> <span class='ocrx_word' id='word_1_779' title='bbox 2605 3209 2821 3281; x_wconf 85' lang='lat' dir='ltr'><strong>ponitur</strong></span> 
     </span>
    </p>
   </div>
   <div class='ocr_carea' id='block_1_94' title="bbox 1916 3302 3430 3377">
    <p class='ocr_par' dir='ltr' id='par_1_94' title="bbox 1916 3302 3430 3377">
     <span class='ocr_line' id='line_1_94' title="bbox 1916 3302 3430 3377; baseline -0.001 -17"><span class='ocrx_word' id='word_1_780' title='bbox 1916 3305 1968 3377; x_wconf 91' lang='lat' dir='ltr'><strong>I)</strong></span> <span class='ocrx_word' id='word_1_781' title='bbox 1991 3305 2277 3361; x_wconf 87' lang='lat' dir='ltr'><strong>Ordinario</strong></span> <span class='ocrx_word' id='word_1_782' title='bbox 2303 3303 2506 3374; x_wconf 86' lang='lat' dir='ltr'><strong>absque</strong></span> <span class='ocrx_word' id='word_1_783' title='bbox 2537 3303 2856 3374; x_wconf 87' lang='lat' dir='ltr'><strong>pronomine</strong></span> <span class='ocrx_word' id='word_1_784' title='bbox 2885 3311 2946 3363; x_wconf 91' lang='lat' dir='ltr'><strong>ut</strong></span> <span class='ocrx_word' id='word_1_785' title='bbox 2985 3302 3308 3374; x_wconf 85' lang='lat' dir='ltr'><strong>subjectum,</strong></span> <span class='ocrx_word' id='word_1_786' title='bbox 3330 3316 3430 3373; x_wconf 70' lang='lat' dir='ltr'><strong>ego</strong></span> 
     </span>
    </p>
   </div>
   <div class='ocr_carea' id='block_1_95' title="bbox 1840 3393 3436 3469">
    <p class='ocr_par' dir='ltr' id='par_1_95' title="bbox 1840 3393 3436 3469">
     <span class='ocr_line' id='line_1_95' title="bbox 1840 3393 3436 3469; baseline -0.003 -17"><span class='ocrx_word' id='word_1_787' title='bbox 1840 3397 1956 3469; x_wconf 86' lang='lat' dir='ltr'><strong>ipse</strong></span> <span class='ocrx_word' id='word_1_788' title='bbox 1993 3415 2006 3451; x_wconf 90' lang='lat'><strong>:</strong></span> <span class='ocrx_word' id='word_1_789' title='bbox 2041 3397 2165 3452; x_wconf 90' lang='lat' dir='ltr'><strong>Cor.</strong></span> <span class='ocrx_word' id='word_1_790' title='bbox 2209 3396 2253 3463; x_wconf 93' lang='lat' dir='ltr'><strong>I,</strong></span> <span class='ocrx_word' id='word_1_791' title='bbox 2285 3411 2360 3462; x_wconf 84' lang='lat' dir='ltr'><strong>ix,</strong></span> <span class='ocrx_word' id='word_1_792' title='bbox 2393 3394 2469 3450; x_wconf 88' lang='lat'><strong>27</strong></span> <span class='ocrx_word' id='word_1_793' title='bbox 2507 3394 2610 3450; x_wconf 84' lang='lat' dir='ltr'><strong>ibai</strong></span> <span class='ocrx_word' id='word_1_794' title='bbox 2648 3393 2933 3468; x_wconf 71' lang='lat' dir='ltr'><strong>anparaim</strong></span> <span class='ocrx_word' id='word_1_795' title='bbox 2960 3394 3222 3466; x_wconf 76' lang='lat' dir='ltr'><strong>merjaitds</strong></span> <span class='ocrx_word' id='word_1_796' title='bbox 3259 3393 3436 3450; x_wconf 79' lang='lat' dir='ltr'><strong>silba</strong></span> 
     </span>
    </p>
   </div>
   <div class='ocr_carea' id='block_1_96' title="bbox 1841 3486 3436 3562">
    <p class='ocr_par' dir='ltr' id='par_1_96' title="bbox 1841 3486 3436 3562">
     <span class='ocr_line' id='line_1_96' title="bbox 1841 3486 3436 3562; baseline -0.004 -15"><span class='ocrx_word' id='word_1_797' title='bbox 1841 3490 2094 3547; x_wconf 79' lang='lat' dir='ltr'><strong>uskusans</strong></span> <span class='ocrx_word' id='word_1_798' title='bbox 2124 3489 2383 3562; x_wconf 73' lang='lat' dir='ltr'><strong>vairpau,‘</strong></span> <span class='ocrx_word' id='word_1_799' title='bbox 2415 3488 2519 3554; x_wconf 86' lang='lat'><strong>20;</strong></span> <span class='ocrx_word' id='word_1_800' title='bbox 2567 3488 2706 3544; x_wconf 82' lang='lat' dir='ltr'><strong>Phil.</strong></span> <span class='ocrx_word' id='word_1_801' title='bbox 2738 3503 2798 3557; x_wconf 91' lang='grc' dir='ltr'><strong>ιι,</strong></span> <span class='ocrx_word' id='word_1_802' title='bbox 2839 3487 2946 3554; x_wconf 64' lang='grc' dir='ltr'><strong>εις</strong></span> <span class='ocrx_word' id='word_1_803' title='bbox 2976 3502 3075 3546; x_wconf 82' lang='lat' dir='ltr'><strong>nos</strong></span> <span class='ocrx_word' id='word_1_804' title='bbox 3121 3487 3221 3558; x_wconf 86' lang='lat' dir='ltr'><strong>ipsi</strong></span> <span class='ocrx_word' id='word_1_805' title='bbox 3254 3503 3270 3542; x_wconf 92' lang='lat'><strong>:</strong></span> <span class='ocrx_word' id='word_1_806' title='bbox 3307 3486 3436 3546; x_wconf 86' lang='lat' dir='ltr'><strong>Cor.</strong></span> 
     </span>
    </p>
   </div>
   <div class='ocr_carea' id='block_1_97' title="bbox 1844 3577 3438 3658">
    <p class='ocr_par' dir='ltr' id='par_1_97' title="bbox 1844 3577 3438 3658">
     <span class='ocr_line' id='line_1_97' title="bbox 1844 3577 3438 3658; baseline -0.001 -18"><span class='ocrx_word' id='word_1_807' title='bbox 1844 3585 1908 3650; x_wconf 91' lang='lat' dir='ltr'>II,</span> <span class='ocrx_word' id='word_1_808' title='bbox 1933 3601 1971 3654; x_wconf 91' lang='grc' dir='ltr'><strong>ι,</strong></span> <span class='ocrx_word' id='word_1_809' title='bbox 1998 3583 2032 3640; x_wconf 73' lang='grc'><strong>4</strong></span> <span class='ocrx_word' id='word_1_810' title='bbox 2081 3581 2442 3658; x_wconf 68' lang='lat' dir='ltr'><strong>gaprafstidai</strong></span> <span class='ocrx_word' id='word_1_811' title='bbox 2480 3581 2639 3654; x_wconf 82' lang='lat' dir='ltr'><strong>sijum</strong></span> <span class='ocrx_word' id='word_1_812' title='bbox 2681 3580 2936 3640; x_wconf 81' lang='lat' dir='ltr'><strong>silbans</strong></span> <span class='ocrx_word' id='word_1_813' title='bbox 2963 3583 3098 3650; x_wconf 76' lang='lat' dir='ltr'><strong>[ram</strong></span> <span class='ocrx_word' id='word_1_814' title='bbox 3143 3577 3329 3653; x_wconf 56' lang='lat' dir='ltr'><strong>gulae;</strong></span> <span class='ocrx_word' id='word_1_815' title='bbox 3362 3577 3438 3645; x_wconf 72' lang='grc' dir='ltr'><strong>ος</strong></span> 
     </span>
    </p>
   </div>
   <div class='ocr_carea' id='block_1_98' title="bbox 1842 3672 3437 3747">
    <p class='ocr_par' dir='ltr' id='par_1_98' title="bbox 1842 3672 3437 3747">
     <span class='ocr_line' id='line_1_98' title="bbox 1842 3672 3437 3747; baseline -0.004 -14"><span class='ocrx_word' id='word_1_816' title='bbox 1842 3677 1982 3733; x_wconf 88' lang='lat' dir='ltr'><strong>Gall.</strong></span> <span class='ocrx_word' id='word_1_817' title='bbox 2013 3694 2073 3743; x_wconf 89' lang='grc' dir='ltr'><strong>ιι,</strong></span> <span class='ocrx_word' id='word_1_818' title='bbox 2104 3678 2212 3746; x_wconf 89' lang='lat'><strong>27;</strong></span> <span class='ocrx_word' id='word_1_819' title='bbox 2241 3684 2296 3732; x_wconf 89' lang='lat' dir='ltr'><strong>tu</strong></span> <span class='ocrx_word' id='word_1_820' title='bbox 2326 3677 2440 3747; x_wconf 90' lang='lat' dir='ltr'><strong>ipse</strong></span> <span class='ocrx_word' id='word_1_821' title='bbox 2472 3693 2486 3731; x_wconf 88' lang='lat'><strong>:</strong></span> <span class='ocrx_word' id='word_1_822' title='bbox 2517 3674 2673 3742; x_wconf 86' lang='lat' dir='ltr'><strong>Luc.,</strong></span> <span class='ocrx_word' id='word_1_823' title='bbox 2706 3691 2778 3743; x_wconf 80' lang='lat' dir='ltr'><strong>vr,</strong></span> <span class='ocrx_word' id='word_1_824' title='bbox 2805 3673 2878 3730; x_wconf 74' lang='grc'>42</span> <span class='ocrx_word' id='word_1_825' title='bbox 2905 3675 3068 3730; x_wconf 80' lang='lat' dir='ltr'><strong>waiva</strong></span> <span class='ocrx_word' id='word_1_826' title='bbox 3097 3684 3237 3746; x_wconf 81' lang='lat' dir='ltr'><strong>magi</strong></span> <span class='ocrx_word' id='word_1_827' title='bbox 3267 3672 3437 3744; x_wconf 70' lang='lat' dir='ltr'><strong>qipan</strong></span> 
     </span>
    </p>
   </div>
   <div class='ocr_carea' id='block_1_99' title="bbox 1841 3763 3439 3840">
    <p class='ocr_par' dir='ltr' id='par_1_99' title="bbox 1841 3763 3439 3840">
     <span class='ocr_line' id='line_1_99' title="bbox 1841 3763 3439 3840; baseline -0.004 -16"><span class='ocrx_word' id='word_1_828' title='bbox 1841 3768 2110 3824; x_wconf 79' lang='lat' dir='ltr'><strong>-—silba</strong></span> <span class='ocrx_word' id='word_1_829' title='bbox 2149 3771 2205 3822; x_wconf 85' lang='lat' dir='ltr'><strong>in</strong></span> <span class='ocrx_word' id='word_1_830' title='bbox 2235 3767 2394 3838; x_wconf 80' lang='lat' dir='ltr'><strong>augin</strong></span> <span class='ocrx_word' id='word_1_831' title='bbox 2417 3764 2720 3840; x_wconf 77' lang='lat' dir='ltr'><strong>[)einamma</strong></span> <span class='ocrx_word' id='word_1_832' title='bbox 2746 3781 2878 3821; x_wconf 71' lang='lat' dir='ltr'><strong>ansa</strong></span> <span class='ocrx_word' id='word_1_833' title='bbox 2905 3765 2958 3820; x_wconf 86' lang='lat' dir='ltr'><strong>ni</strong></span> <span class='ocrx_word' id='word_1_834' title='bbox 2983 3763 3439 3836; x_wconf 79' lang='lat' dir='ltr'><strong>gaumjands;vos</strong></span> 
     </span>
    </p>
   </div>
   <div class='ocr_carea' id='block_1_100' title="bbox 1847 3858 3439 3934">
    <p class='ocr_par' dir='ltr' id='par_1_100' title="bbox 1847 3858 3439 3934">
     <span class='ocr_line' id='line_1_100' title="bbox 1847 3858 3439 3934; baseline -0.005 -14"><span class='ocrx_word' id='word_1_835' title='bbox 1847 3864 1946 3934; x_wconf 88' lang='lat' dir='ltr'><strong>ipsi</strong></span> <span class='ocrx_word' id='word_1_836' title='bbox 1980 3882 1993 3919; x_wconf 89' lang='lat'><strong>:</strong></span> <span class='ocrx_word' id='word_1_837' title='bbox 2037 3862 2230 3919; x_wconf 87' lang='lat' dir='ltr'><strong>Thess.</strong></span> <span class='ocrx_word' id='word_1_838' title='bbox 2279 3861 2320 3926; x_wconf 92' lang='lat' dir='ltr'><strong>I,</strong></span> <span class='ocrx_word' id='word_1_839' title='bbox 2355 3876 2434 3926; x_wconf 89' lang='grc' dir='ltr'>ιιι,</span> <span class='ocrx_word' id='word_1_840' title='bbox 2486 3861 2520 3916; x_wconf 81' lang='grc'><strong>5</strong></span> <span class='ocrx_word' id='word_1_841' title='bbox 2559 3861 2814 3915; x_wconf 85' lang='lat' dir='ltr'><strong>silbans</strong></span> <span class='ocrx_word' id='word_1_842' title='bbox 2853 3858 3057 3932; x_wconf 72' lang='lat' dir='ltr'><strong>viteip;</strong></span> <span class='ocrx_word' id='word_1_843' title='bbox 3091 3875 3146 3925; x_wconf 86' lang='lat' dir='ltr'><strong>v,</strong></span> <span class='ocrx_word' id='word_1_844' title='bbox 3174 3859 3238 3927; x_wconf 84' lang='lat'><strong>2;</strong></span> <span class='ocrx_word' id='word_1_845' title='bbox 3268 3858 3332 3925; x_wconf 91' lang='lat' dir='ltr'>II,</span> <span class='ocrx_word' id='word_1_846' title='bbox 3357 3873 3439 3924; x_wconf 92' lang='grc' dir='ltr'>ιιι,</span> 
     </span>
    </p>
   </div>
   <div class='ocr_carea' id='block_1_101' title="bbox 1846 3947 3444 4024">
    <p class='ocr_par' dir='ltr' id='par_1_101' title="bbox 1846 3947 3444 4024">
     <span class='ocr_line' id='line_1_101' title="bbox 1846 3947 3444 4024; baseline -0.003 -14"><span class='ocrx_word' id='word_1_847' title='bbox 1846 3955 1914 4023; x_wconf 91' lang='grc'>7;</span> <span class='ocrx_word' id='word_1_848' title='bbox 1948 3956 1992 4010; x_wconf 89' lang='lat' dir='ltr'><strong>is</strong></span> <span class='ocrx_word' id='word_1_849' title='bbox 2024 3955 2138 4023; x_wconf 90' lang='lat' dir='ltr'><strong>ipse</strong></span> <span class='ocrx_word' id='word_1_850' title='bbox 2163 3971 2175 4008; x_wconf 88' lang='lat'><strong>:</strong></span> <span class='ocrx_word' id='word_1_851' title='bbox 2207 3953 2337 4008; x_wconf 88' lang='lat' dir='ltr'><strong>Luc.</strong></span> <span class='ocrx_word' id='word_1_852' title='bbox 2370 3967 2410 4020; x_wconf 91' lang='grc' dir='ltr'><strong>ι,</strong></span> <span class='ocrx_word' id='word_1_853' title='bbox 2440 3952 2504 4006; x_wconf 91' lang='grc'>17</span> <span class='ocrx_word' id='word_1_854' title='bbox 2534 3953 2703 4006; x_wconf 82' lang='lat' dir='ltr'><strong>silba</strong></span> <span class='ocrx_word' id='word_1_855' title='bbox 2728 3950 3046 4024; x_wconf 73' lang='lat' dir='ltr'><strong>fauraqimip</strong></span> <span class='ocrx_word' id='word_1_856' title='bbox 3069 3952 3127 4006; x_wconf 85' lang='lat' dir='ltr'><strong>in</strong></span> <span class='ocrx_word' id='word_1_857' title='bbox 3153 3947 3444 4022; x_wconf 64' lang='lat' dir='ltr'><strong>andvairp—</strong></span> 
     </span>
    </p>
   </div>
   <div class='ocr_carea' id='block_1_102' title="bbox 1837 4040 3440 4119">
    <p class='ocr_par' dir='ltr' id='par_1_102' title="bbox 1837 4040 3440 4119">
     <span class='ocr_line' id='line_1_102' title="bbox 1837 4040 3440 4119; baseline -0.001 -19"><span class='ocrx_word' id='word_1_858' title='bbox 1837 4048 1899 4118; x_wconf 88' lang='lat' dir='ltr'><strong>ja</strong></span> <span class='ocrx_word' id='word_1_859' title='bbox 1939 4045 2117 4119; x_wconf 73' lang='lat' dir='ltr'><strong>gups;</strong></span> <span class='ocrx_word' id='word_1_860' title='bbox 2163 4044 2268 4112; x_wconf 79' lang='lat'><strong>23;</strong></span> <span class='ocrx_word' id='word_1_861' title='bbox 2310 4059 2364 4113; x_wconf 88' lang='lat' dir='ltr'><strong>v,</strong></span> <span class='ocrx_word' id='word_1_862' title='bbox 2401 4044 2498 4110; x_wconf 81' lang='lat'><strong>&#39;57;</strong></span> <span class='ocrx_word' id='word_1_863' title='bbox 2533 4058 2605 4109; x_wconf 76' lang='grc' dir='ltr'>νι,</span> <span class='ocrx_word' id='word_1_864' title='bbox 2633 4044 2697 4111; x_wconf 79' lang='grc'>5;</span> <span class='ocrx_word' id='word_1_865' title='bbox 2725 4043 2880 4098; x_wconf 80' lang='lat' dir='ltr'><strong>Joan.</strong></span> <span class='ocrx_word' id='word_1_866' title='bbox 2913 4058 2988 4110; x_wconf 88' lang='lat' dir='ltr'><strong>vi,</strong></span> <span class='ocrx_word' id='word_1_867' title='bbox 3013 4043 3081 4112; x_wconf 90' lang='lat'><strong>6;</strong></span> <span class='ocrx_word' id='word_1_868' title='bbox 3109 4058 3183 4110; x_wconf 82' lang='lat' dir='ltr'><strong>rx,</strong></span> <span class='ocrx_word' id='word_1_869' title='bbox 3217 4040 3440 4110; x_wconf 88' lang='lat' dir='ltr'><strong>2I;xu,</strong></span> 
     </span>
    </p>
   </div>
   <div class='ocr_carea' id='block_1_103' title="bbox 1843 4135 3443 4210">
    <p class='ocr_par' dir='ltr' id='par_1_103' title="bbox 1843 4135 3443 4210">
     <span class='ocr_line' id='line_1_103' title="bbox 1843 4135 3443 4210; baseline -0.001 -17"><span class='ocrx_word' id='word_1_870' title='bbox 1843 4141 1946 4205; x_wconf 78' lang='lat'><strong>24;</strong></span> <span class='ocrx_word' id='word_1_871' title='bbox 1979 4139 2115 4210; x_wconf 82' lang='lat' dir='ltr'><strong>Eph.</strong></span> <span class='ocrx_word' id='word_1_872' title='bbox 2149 4154 2224 4206; x_wconf 88' lang='lat' dir='ltr'><strong>iv,</strong></span> <span class='ocrx_word' id='word_1_873' title='bbox 2254 4135 2314 4194; x_wconf 89' lang='lat' dir='ltr'><strong>Il</strong></span> <span class='ocrx_word' id='word_1_874' title='bbox 2343 4154 2358 4206; x_wconf 92' lang='lat'><strong>;</strong></span> <span class='ocrx_word' id='word_1_875' title='bbox 2389 4136 2576 4194; x_wconf 85' lang='lat' dir='ltr'><strong>Skeir.</strong></span> <span class='ocrx_word' id='word_1_876' title='bbox 2617 4136 2658 4205; x_wconf 88' lang='lat' dir='ltr'><strong>I,</strong></span> <span class='ocrx_word' id='word_1_877' title='bbox 2692 4151 2752 4206; x_wconf 89' lang='lat' dir='ltr'><strong>a;</strong></span> <span class='ocrx_word' id='word_1_878' title='bbox 2782 4137 2819 4194; x_wconf 90' lang='lat' dir='ltr'><strong>ii</strong></span> <span class='ocrx_word' id='word_1_879' title='bbox 2847 4137 2951 4205; x_wconf 83' lang='lat' dir='ltr'><strong>ipsi</strong></span> <span class='ocrx_word' id='word_1_880' title='bbox 2981 4155 2994 4191; x_wconf 90' lang='lat'><strong>:</strong></span> <span class='ocrx_word' id='word_1_881' title='bbox 3037 4137 3167 4195; x_wconf 86' lang='lat' dir='ltr'><strong>Luc.</strong></span> <span class='ocrx_word' id='word_1_882' title='bbox 3209 4153 3339 4206; x_wconf 88' lang='lat' dir='ltr'><strong>xvu,</strong></span> <span class='ocrx_word' id='word_1_883' title='bbox 3376 4137 3443 4194; x_wconf 66' lang='lat' dir='ltr'><strong>I5</strong></span> 
     </span>
    </p>
   </div>
   <div class='ocr_carea' id='block_1_104' title="bbox 1844 4230 3440 4304">
    <p class='ocr_par' dir='ltr' id='par_1_104' title="bbox 1844 4230 3440 4304">
     <span class='ocr_line' id='line_1_104' title="bbox 1844 4230 3440 4304; baseline 0 -18"><span class='ocrx_word' id='word_1_884' title='bbox 1844 4234 1899 4286; x_wconf 86' lang='lat' dir='ltr'><strong>si</strong></span> <span class='ocrx_word' id='word_1_885' title='bbox 1912 4234 1929 4287; x_wconf 86' lang='grc' dir='ltr'><strong>ι</strong></span> <span class='ocrx_word' id='word_1_886' title='bbox 1941 4233 2094 4287; x_wconf 83' lang='lat' dir='ltr'><strong>bans</strong></span> <span class='ocrx_word' id='word_1_887' title='bbox 2145 4231 2368 4304; x_wconf 78' lang='lat' dir='ltr'><strong>ushofon</strong></span> <span class='ocrx_word' id='word_1_888' title='bbox 2419 4230 2623 4297; x_wconf 85' lang='lat' dir='ltr'><strong>stibna;</strong></span> <span class='ocrx_word' id='word_1_889' title='bbox 2653 4241 2713 4286; x_wconf 92' lang='lat' dir='ltr'><strong>ut</strong></span> <span class='ocrx_word' id='word_1_890' title='bbox 2744 4231 3035 4303; x_wconf 87' lang='lat' dir='ltr'><strong>objectuiu,</strong></span> <span class='ocrx_word' id='word_1_891' title='bbox 3061 4246 3187 4290; x_wconf 83' lang='lat' dir='ltr'><strong>eum</strong></span> <span class='ocrx_word' id='word_1_892' title='bbox 3216 4231 3392 4304; x_wconf 86' lang='lat' dir='ltr'><strong>ipsum</strong></span> <span class='ocrx_word' id='word_1_893' title='bbox 3424 4248 3440 4286; x_wconf 90' lang='lat'><strong>:</strong></span> 
     </span>
    </p>
   </div>
   <div class='ocr_carea' id='block_1_105' title="bbox 1845 4321 2761 4396">
    <p class='ocr_par' dir='ltr' id='par_1_105' title="bbox 1845 4321 2761 4396">
     <span class='ocr_line' id='line_1_105' title="bbox 1845 4321 2761 4396; baseline -0.003 -16"><span class='ocrx_word' id='word_1_894' title='bbox 1845 4324 2001 4382; x_wconf 81' lang='lat' dir='ltr'><strong>Joan.</strong></span> <span class='ocrx_word' id='word_1_895' title='bbox 2031 4339 2112 4392; x_wconf 84' lang='lat' dir='ltr'><strong>ix,</strong></span> <span class='ocrx_word' id='word_1_896' title='bbox 2141 4323 2211 4380; x_wconf 66' lang='lat'><strong>24</strong></span> <span class='ocrx_word' id='word_1_897' title='bbox 2242 4322 2467 4380; x_wconf 80' lang='lat' dir='ltr'><strong>vilban</strong></span> <span class='ocrx_word' id='word_1_898' title='bbox 2499 4321 2761 4396; x_wconf 73' lang='grc' dir='ltr'><strong>[ταὶΙιηίῤ.</strong></span> 
     </span>
    </p>
   </div>
   <div class='ocr_carea' id='block_1_106' title="bbox 1919 4441 3436 4514">
    <p class='ocr_par' dir='ltr' id='par_1_106' title="bbox 1919 4441 3436 4514">
     <span class='ocr_line' id='line_1_106' title="bbox 1919 4441 3436 4514; baseline 0.004 -20"><span class='ocrx_word' id='word_1_899' title='bbox 1919 4441 2298 4500; x_wconf 83' lang='lat' dir='ltr'><strong>Verumtamen</strong></span> <span class='ocrx_word' id='word_1_900' title='bbox 2331 4457 2630 4513; x_wconf 85' lang='lat' dir='ltr'><strong>pronomen</strong></span> <span class='ocrx_word' id='word_1_901' title='bbox 2680 4442 2968 4514; x_wconf 88' lang='lat' dir='ltr'><strong>personale</strong></span> <span class='ocrx_word' id='word_1_902' title='bbox 3009 4443 3170 4500; x_wconf 88' lang='lat' dir='ltr'><strong>etiam</strong></span> <span class='ocrx_word' id='word_1_903' title='bbox 3203 4453 3261 4500; x_wconf 93' lang='lat' dir='ltr'><strong>ut</strong></span> <span class='ocrx_word' id='word_1_904' title='bbox 3303 4443 3436 4500; x_wconf 82' lang='lat' dir='ltr'><strong>sub-</strong></span> 
     </span>
    </p>
   </div>
   <div class='ocr_carea' id='block_1_107' title="bbox 1843 4533 3438 4606">
    <p class='ocr_par' dir='ltr' id='par_1_107' title="bbox 1843 4533 3438 4606">
     <span class='ocr_line' id='line_1_107' title="bbox 1843 4533 3438 4606; baseline 0.002 -17"><span class='ocrx_word' id='word_1_905' title='bbox 1843 4533 2050 4605; x_wconf 91' lang='lat' dir='ltr'><strong>jectum</strong></span> <span class='ocrx_word' id='word_1_906' title='bbox 2093 4534 2221 4591; x_wconf 88' lang='lat' dir='ltr'><strong>addi</strong></span> <span class='ocrx_word' id='word_1_907' title='bbox 2251 4544 2469 4606; x_wconf 87' lang='lat' dir='ltr'><strong>potest,</strong></span> <span class='ocrx_word' id='word_1_908' title='bbox 2499 4551 2607 4606; x_wconf 87' lang='lat' dir='ltr'><strong>quo</strong></span> <span class='ocrx_word' id='word_1_909' title='bbox 2648 4536 2700 4592; x_wconf 91' lang='lat' dir='ltr'><strong>in</strong></span> <span class='ocrx_word' id='word_1_910' title='bbox 2750 4549 2879 4591; x_wconf 86' lang='lat' dir='ltr'><strong>casu</strong></span> <span class='ocrx_word' id='word_1_911' title='bbox 2907 4535 3040 4591; x_wconf 80' lang='lat' dir='ltr'><strong>silba</strong></span> <span class='ocrx_word' id='word_1_912' title='bbox 3077 4537 3438 4592; x_wconf 89' lang='lat' dir='ltr'><strong>communiter</strong></span> 
     </span>
    </p>
   </div>
   <div class='ocr_carea' id='block_1_108' title="bbox 1848 4628 3449 4702">
    <p class='ocr_par' dir='ltr' id='par_1_108' title="bbox 1848 4628 3449 4702">
     <span class='ocr_line' id='line_1_108' title="bbox 1848 4628 3449 4702; baseline 0 -18"><span class='ocrx_word' id='word_1_913' title='bbox 1848 4628 2158 4698; x_wconf 90' lang='lat' dir='ltr'><strong>pronomini</strong></span> <span class='ocrx_word' id='word_1_914' title='bbox 2185 4629 2534 4699; x_wconf 86' lang='lat' dir='ltr'><strong>postponitur</strong></span> <span class='ocrx_word' id='word_1_915' title='bbox 2559 4647 2572 4683; x_wconf 91' lang='lat'><strong>:</strong></span> <span class='ocrx_word' id='word_1_916' title='bbox 2593 4628 2720 4686; x_wconf 85' lang='lat' dir='ltr'><strong>Cor.</strong></span> <span class='ocrx_word' id='word_1_917' title='bbox 2745 4629 2810 4695; x_wconf 91' lang='lat' dir='ltr'><strong>Il,</strong></span> <span class='ocrx_word' id='word_1_918' title='bbox 2835 4645 2890 4699; x_wconf 89' lang='lat' dir='ltr'><strong>x,</strong></span> <span class='ocrx_word' id='word_1_919' title='bbox 2917 4629 2941 4683; x_wconf 91' lang='lat' dir='ltr'>I</span> <span class='ocrx_word' id='word_1_920' title='bbox 2966 4628 3162 4702; x_wconf 67' lang='lat' dir='ltr'><strong>appara</strong></span> <span class='ocrx_word' id='word_1_921' title='bbox 3187 4631 3249 4684; x_wconf 85' lang='lat' dir='ltr'><strong>ik</strong></span> <span class='ocrx_word' id='word_1_922' title='bbox 3275 4630 3449 4686; x_wconf 76' lang='lat' dir='ltr'><strong>silba</strong></span> 
     </span>
    </p>
   </div>
   <div class='ocr_carea' id='block_1_109' title="bbox 1851 4719 3447 4793">
    <p class='ocr_par' dir='ltr' id='par_1_109' title="bbox 1851 4719 3447 4793">
     <span class='ocr_line' id='line_1_109' title="bbox 1851 4719 3447 4793; baseline 0.005 -21"><span class='ocrx_word' id='word_1_923' title='bbox 1851 4719 2033 4789; x_wconf 74' lang='lat' dir='ltr'><strong>panius</strong></span> <span class='ocrx_word' id='word_1_924' title='bbox 2085 4721 2227 4793; x_wconf 87' lang='lat' dir='ltr'><strong>bidja</strong></span> <span class='ocrx_word' id='word_1_925' title='bbox 2269 4723 2438 4788; x_wconf 77' lang='lat' dir='ltr'><strong>isvis;</strong></span> <span class='ocrx_word' id='word_1_926' title='bbox 2488 4737 2598 4788; x_wconf 89' lang='lat' dir='ltr'><strong>xu,</strong></span> <span class='ocrx_word' id='word_1_927' title='bbox 2647 4722 2748 4789; x_wconf 68' lang='lat'><strong>15;</strong></span> <span class='ocrx_word' id='word_1_928' title='bbox 2795 4721 2992 4782; x_wconf 79' lang='lat' dir='ltr'><strong>Thess.</strong></span> <span class='ocrx_word' id='word_1_929' title='bbox 3036 4722 3113 4789; x_wconf 88' lang='lat' dir='ltr'>II,</span> <span class='ocrx_word' id='word_1_930' title='bbox 3159 4740 3207 4791; x_wconf 90' lang='grc' dir='ltr'><strong>ι,</strong></span> <span class='ocrx_word' id='word_1_931' title='bbox 3245 4725 3280 4780; x_wconf 73' lang='grc'><strong>4</strong></span> <span class='ocrx_word' id='word_1_932' title='bbox 3313 4725 3447 4780; x_wconf 84' lang='lat' dir='ltr'><strong>veis</strong></span> 
     </span>
    </p>
   </div>
   <div class='ocr_carea' id='block_1_110' title="bbox 1849 4813 3447 4886">
    <p class='ocr_par' dir='ltr' id='par_1_110' title="bbox 1849 4813 3447 4886">
     <span class='ocr_line' id='line_1_110' title="bbox 1849 4813 3447 4886; baseline 0.003 -16"><span class='ocrx_word' id='word_1_933' title='bbox 1849 4813 2103 4870; x_wconf 80' lang='lat' dir='ltr'><strong>silbans</strong></span> <span class='ocrx_word' id='word_1_934' title='bbox 2148 4816 2206 4870; x_wconf 85' lang='lat' dir='ltr'><strong>in</strong></span> <span class='ocrx_word' id='word_1_935' title='bbox 2252 4815 2371 4870; x_wconf 80' lang='lat' dir='ltr'><strong>isvis</strong></span> <span class='ocrx_word' id='word_1_936' title='bbox 2413 4831 2646 4886; x_wconf 83' lang='lat' dir='ltr'><strong>wopam;</strong></span> <span class='ocrx_word' id='word_1_937' title='bbox 2675 4816 2809 4873; x_wconf 87' lang='lat' dir='ltr'><strong>Luc.</strong></span> <span class='ocrx_word' id='word_1_938' title='bbox 2855 4833 2928 4885; x_wconf 79' lang='grc' dir='ltr'>ν,</span> <span class='ocrx_word' id='word_1_939' title='bbox 2975 4819 2999 4873; x_wconf 85' lang='grc'>1</span> <span class='ocrx_word' id='word_1_940' title='bbox 3054 4820 3112 4874; x_wconf 87' lang='lat' dir='ltr'><strong>is</strong></span> <span class='ocrx_word' id='word_1_941' title='bbox 3151 4818 3319 4873; x_wconf 82' lang='lat' dir='ltr'><strong>silba</strong></span> <span class='ocrx_word' id='word_1_942' title='bbox 3358 4835 3447 4875; x_wconf 78' lang='lat' dir='ltr'><strong>vas</strong></span> 
     </span>
    </p>
   </div>
   <div class='ocr_carea' id='block_1_111' title="bbox 1850 4907 3447 4980">
    <p class='ocr_par' dir='ltr' id='par_1_111' title="bbox 1850 4907 3447 4980">
     <span class='ocr_line' id='line_1_111' title="bbox 1850 4907 3447 4980; baseline 0.003 -18"><span class='ocrx_word' id='word_1_943' title='bbox 1850 4907 2139 4963; x_wconf 75' lang='lat' dir='ltr'><strong>standands</strong></span> <span class='ocrx_word' id='word_1_944' title='bbox 2161 4923 2304 4964; x_wconf 78' lang='lat' dir='ltr'><strong>newa</strong></span> <span class='ocrx_word' id='word_1_945' title='bbox 2327 4909 2501 4975; x_wconf 82' lang='lat' dir='ltr'><strong>saiva;</strong></span> <span class='ocrx_word' id='word_1_946' title='bbox 2530 4909 2654 4966; x_wconf 89' lang='lat' dir='ltr'><strong>Cor.</strong></span> <span class='ocrx_word' id='word_1_947' title='bbox 2683 4909 2728 4977; x_wconf 95' lang='lat' dir='ltr'><strong>I,</strong></span> <span class='ocrx_word' id='word_1_948' title='bbox 2755 4925 2849 4980; x_wconf 85' lang='lat' dir='ltr'><strong>xv,</strong></span> <span class='ocrx_word' id='word_1_949' title='bbox 2871 4910 2976 4976; x_wconf 89' lang='lat'><strong>28;</strong></span> <span class='ocrx_word' id='word_1_950' title='bbox 3007 4910 3136 4967; x_wconf 79' lang='lat' dir='ltr'><strong>Luc:</strong></span> <span class='ocrx_word' id='word_1_951' title='bbox 3169 4926 3262 4977; x_wconf 86' lang='lat' dir='ltr'><strong>vn,</strong></span> <span class='ocrx_word' id='word_1_952' title='bbox 3291 4912 3360 4968; x_wconf 78' lang='lat' dir='ltr'><strong>I2</strong></span> <span class='ocrx_word' id='word_1_953' title='bbox 3389 4915 3447 4968; x_wconf 88' lang='lat' dir='ltr'><strong>si</strong></span> 
     </span>
    </p>
   </div>
   <div class='ocr_carea' id='block_1_112' title="bbox 1853 5002 3447 5075">
    <p class='ocr_par' dir='ltr' id='par_1_112' title="bbox 1853 5002 3447 5075">
     <span class='ocr_line' id='line_1_112' title="bbox 1853 5002 3447 5075; baseline 0.004 -19"><span class='ocrx_word' id='word_1_954' title='bbox 1853 5002 2030 5057; x_wconf 82' lang='lat' dir='ltr'><strong>silbo</strong></span> <span class='ocrx_word' id='word_1_955' title='bbox 2061 5003 2194 5074; x_wconf 78' lang='lat' dir='ltr'><strong>(vas)</strong></span> <span class='ocrx_word' id='word_1_956' title='bbox 2221 5003 2426 5060; x_wconf 82' lang='lat' dir='ltr'><strong>vidovo.</strong></span> <span class='ocrx_word' id='word_1_957' title='bbox 2455 5003 2593 5060; x_wconf 85' lang='lat' dir='ltr'><strong>Hinc</strong></span> <span class='ocrx_word' id='word_1_958' title='bbox 2624 5004 2788 5061; x_wconf 89' lang='lat' dir='ltr'><strong>etiam</strong></span> <span class='ocrx_word' id='word_1_959' title='bbox 2814 5004 3078 5061; x_wconf 86' lang='lat' dir='ltr'><strong>relativo:</strong></span> <span class='ocrx_word' id='word_1_960' title='bbox 3111 5003 3245 5060; x_wconf 87' lang='lat' dir='ltr'><strong>Mth.</strong></span> <span class='ocrx_word' id='word_1_961' title='bbox 3278 5021 3447 5075; x_wconf 82' lang='lat' dir='ltr'><strong>xxvii,</strong></span> 
     </span>
    </p>
   </div>
   <div class='ocr_carea' id='block_1_113' title="bbox 1857 5096 3446 5170">
    <p class='ocr_par' dir='ltr' id='par_1_113' title="bbox 1857 5096 3446 5170">
     <span class='ocr_line' id='line_1_113' title="bbox 1857 5096 3446 5170; baseline 0.003 -18"><span class='ocrx_word' id='word_1_962' title='bbox 1857 5097 1928 5152; x_wconf 85' lang='lat'><strong>57</strong></span> <span class='ocrx_word' id='word_1_963' title='bbox 1953 5097 2106 5167; x_wconf 71' lang='lat' dir='ltr'><strong>iosef,</strong></span> <span class='ocrx_word' id='word_1_964' title='bbox 2145 5097 2250 5152; x_wconf 87' lang='lat' dir='ltr'><strong>saei</strong></span> <span class='ocrx_word' id='word_1_965' title='bbox 2288 5096 2384 5166; x_wconf 70' lang='lat' dir='ltr'><strong>fait</strong></span> <span class='ocrx_word' id='word_1_966' title='bbox 2416 5096 2590 5154; x_wconf 80' lang='lat' dir='ltr'><strong>silba</strong></span> <span class='ocrx_word' id='word_1_967' title='bbox 2613 5099 2856 5170; x_wconf 80' lang='lat' dir='ltr'><strong>sipanida</strong></span> <span class='ocrx_word' id='word_1_968' title='bbox 2891 5101 3072 5167; x_wconf 69' lang='lat' dir='ltr'><strong>issue;</strong></span> <span class='ocrx_word' id='word_1_969' title='bbox 3101 5097 3205 5154; x_wconf 77' lang='lat' dir='ltr'><strong>Mc.</strong></span> <span class='ocrx_word' id='word_1_970' title='bbox 3235 5115 3327 5168; x_wconf 92' lang='lat' dir='ltr'><strong>xv,</strong></span> <span class='ocrx_word' id='word_1_971' title='bbox 3355 5101 3446 5157; x_wconf 71' lang='grc'><strong>15.</strong></span> 
     </span>
    </p>
   </div>
   <div class='ocr_carea' id='block_1_114' title="bbox 1854 5188 3449 5266">
    <p class='ocr_par' dir='ltr' id='par_1_114' title="bbox 1854 5188 3449 5266">
     <span class='ocr_line' id='line_1_114' title="bbox 1854 5188 3449 5266; baseline 0.003 -22"><span class='ocrx_word' id='word_1_972' title='bbox 1854 5188 2028 5259; x_wconf 83' lang='lat' dir='ltr'><strong>Quam</strong></span> <span class='ocrx_word' id='word_1_973' title='bbox 2076 5189 2264 5247; x_wconf 86' lang='lat' dir='ltr'><strong>sedem</strong></span> <span class='ocrx_word' id='word_1_974' title='bbox 2312 5189 2590 5248; x_wconf 88' lang='lat' dir='ltr'><strong>ordinario</strong></span> <span class='ocrx_word' id='word_1_975' title='bbox 2637 5201 2872 5264; x_wconf 85' lang='lat' dir='ltr'><strong>occupat</strong></span> <span class='ocrx_word' id='word_1_976' title='bbox 2920 5191 2975 5248; x_wconf 92' lang='lat' dir='ltr'><strong>in</strong></span> <span class='ocrx_word' id='word_1_977' title='bbox 3035 5192 3262 5248; x_wconf 75' lang='lat' dir='ltr'><strong>formula</strong></span> <span class='ocrx_word' id='word_1_978' title='bbox 3310 5192 3449 5266; x_wconf 75' lang='lat' dir='ltr'><strong>[iam</strong></span> 
     </span>
    </p>
   </div>
   <div class='ocr_carea' id='block_1_115' title="bbox 1856 5283 3452 5356">
    <p class='ocr_par' dir='ltr' id='par_1_115' title="bbox 1856 5283 3452 5356">
     <span class='ocr_line' id='line_1_115' title="bbox 1856 5283 3452 5356; baseline 0.001 -17"><span class='ocrx_word' id='word_1_979' title='bbox 1856 5284 2008 5352; x_wconf 85' lang='lat' dir='ltr'><strong>silbo,</strong></span> <span class='ocrx_word' id='word_1_980' title='bbox 2033 5283 2147 5340; x_wconf 87' lang='lat' dir='ltr'><strong>sive</strong></span> <span class='ocrx_word' id='word_1_981' title='bbox 2170 5297 2348 5354; x_wconf 66' lang='lat' dir='ltr'><strong>graeco</strong></span> <span class='ocrx_word' id='word_1_982' title='bbox 2379 5285 2512 5341; x_wconf 80' lang='grc' dir='ltr'><strong>αὐτὸ</strong></span> <span class='ocrx_word' id='word_1_983' title='bbox 2536 5290 2715 5356; x_wconf 84' lang='grc' dir='ltr'><strong>τοῦτο,</strong></span> <span class='ocrx_word' id='word_1_984' title='bbox 2743 5285 2862 5342; x_wconf 89' lang='lat' dir='ltr'><strong>sive</strong></span> <span class='ocrx_word' id='word_1_985' title='bbox 2887 5292 3039 5344; x_wconf 80' lang='grc' dir='ltr'>τοῦτο</span> <span class='ocrx_word' id='word_1_986' title='bbox 3067 5286 3198 5342; x_wconf 78' lang='grc' dir='ltr'><strong>αὐτό</strong></span> <span class='ocrx_word' id='word_1_987' title='bbox 3226 5299 3452 5356; x_wconf 83' lang='lat' dir='ltr'><strong>respon-</strong></span> 
     </span>
    </p>
   </div>
   <div class='ocr_carea' id='block_1_116' title="bbox 1856 5375 3449 5453">
    <p class='ocr_par' dir='ltr' id='par_1_116' title="bbox 1856 5375 3449 5453">
     <span class='ocr_line' id='line_1_116' title="bbox 1856 5375 3449 5453; baseline 0 -19"><span class='ocrx_word' id='word_1_988' title='bbox 1856 5377 2023 5434; x_wconf 81' lang='lat' dir='ltr'><strong>deat:</strong></span> <span class='ocrx_word' id='word_1_989' title='bbox 2061 5375 2183 5434; x_wconf 84' lang='lat' dir='ltr'><strong>Gal.</strong></span> <span class='ocrx_word' id='word_1_990' title='bbox 2224 5391 2297 5442; x_wconf 88' lang='grc' dir='ltr'><strong>ιι,</strong></span> <span class='ocrx_word' id='word_1_991' title='bbox 2331 5376 2399 5433; x_wconf 83' lang='grc'><strong>10</strong></span> <span class='ocrx_word' id='word_1_992' title='bbox 2440 5377 2734 5432; x_wconf 81' lang='lat' dir='ltr'><strong>usdaiidida</strong></span> <span class='ocrx_word' id='word_1_993' title='bbox 2784 5378 2954 5451; x_wconf 72' lang='lat' dir='ltr'><strong>pata</strong></span> <span class='ocrx_word' id='word_1_994' title='bbox 3000 5380 3174 5436; x_wconf 75' lang='lat' dir='ltr'><strong>silbo</strong></span> <span class='ocrx_word' id='word_1_995' title='bbox 3222 5382 3449 5453; x_wconf 82' lang='lat' dir='ltr'><strong>taujan;</strong></span> 
     </span>
    </p>
   </div>
   <div class='ocr_carea' id='block_1_117' title="bbox 1856 5466 3442 5541">
    <p class='ocr_par' dir='ltr' id='par_1_117' title="bbox 1856 5466 3442 5541">
     <span class='ocr_line' id='line_1_117' title="bbox 1856 5466 3442 5541; baseline 0.002 -16"><span class='ocrx_word' id='word_1_996' title='bbox 1856 5471 1984 5525; x_wconf 88' lang='lat' dir='ltr'><strong>Cor.</strong></span> <span class='ocrx_word' id='word_1_997' title='bbox 2013 5469 2077 5536; x_wconf 91' lang='lat' dir='ltr'><strong>ll,</strong></span> <span class='ocrx_word' id='word_1_998' title='bbox 2102 5486 2162 5538; x_wconf 91' lang='grc' dir='ltr'><strong>ιι,</strong></span> <span class='ocrx_word' id='word_1_999' title='bbox 2192 5471 2225 5526; x_wconf 82' lang='grc'><strong>5</strong></span> <span class='ocrx_word' id='word_1_1000' title='bbox 2249 5466 2424 5540; x_wconf 63' lang='lat' dir='ltr'><strong>pata</strong></span> <span class='ocrx_word' id='word_1_1001' title='bbox 2449 5470 2620 5526; x_wconf 82' lang='lat' dir='ltr'><strong>silbo</strong></span> <span class='ocrx_word' id='word_1_1002' title='bbox 2647 5472 2905 5541; x_wconf 76' lang='lat' dir='ltr'><strong>gamelida</strong></span> <span class='ocrx_word' id='word_1_1003' title='bbox 2931 5474 3086 5541; x_wconf 82' lang='lat' dir='ltr'><strong>isvis;</strong></span> <span class='ocrx_word' id='word_1_1004' title='bbox 3112 5473 3240 5530; x_wconf 91' lang='lat' dir='ltr'><strong>coll.</strong></span> <span class='ocrx_word' id='word_1_1005' title='bbox 3283 5473 3442 5529; x_wconf 86' lang='lat' dir='ltr'><strong>Rom.</strong></span> 
     </span>
    </p>
   </div>
   <div class='ocr_carea' id='block_1_118' title="bbox 1858 5564 3466 5637">
    <p class='ocr_par' dir='ltr' id='par_1_118' title="bbox 1858 5564 3466 5637">
     <span class='ocr_line' id='line_1_118' title="bbox 1858 5564 3466 5637; baseline 0.002 -16"><span class='ocrx_word' id='word_1_1006' title='bbox 1858 5581 1976 5633; x_wconf 77' lang='lat' dir='ltr'><strong>xui,</strong></span> <span class='ocrx_word' id='word_1_1007' title='bbox 2001 5564 2054 5620; x_wconf 89' lang='lat'><strong>6.</strong></span> <span class='ocrx_word' id='word_1_1008' title='bbox 2076 5564 2243 5620; x_wconf 85' lang='lat' dir='ltr'><strong>Aliter</strong></span> <span class='ocrx_word' id='word_1_1009' title='bbox 2261 5572 2439 5620; x_wconf 87' lang='lat' dir='ltr'><strong>autem</strong></span> <span class='ocrx_word' id='word_1_1010' title='bbox 2461 5579 2521 5620; x_wconf 89' lang='lat' dir='ltr'><strong>se</strong></span> <span class='ocrx_word' id='word_1_1011' title='bbox 2545 5564 2704 5637; x_wconf 86' lang='lat' dir='ltr'><strong>habet</strong></span> <span class='ocrx_word' id='word_1_1012' title='bbox 2732 5566 3094 5636; x_wconf 85' lang='lat' dir='ltr'><strong>reciprocum,</strong></span> <span class='ocrx_word' id='word_1_1013' title='bbox 3119 5568 3212 5624; x_wconf 89' lang='lat' dir='ltr'><strong>ubi</strong></span> <span class='ocrx_word' id='word_1_1014' title='bbox 3239 5569 3342 5624; x_wconf 83' lang='lat' dir='ltr'><strong>alia</strong></span> <span class='ocrx_word' id='word_1_1015' title='bbox 3366 5577 3466 5632; x_wconf 65' lang='lat' dir='ltr'><strong>est</strong></span> 
     </span>
    </p>
   </div>
   <div class='ocr_carea' id='block_1_119' title="bbox 1858 5658 3452 5734">
    <p class='ocr_par' dir='ltr' id='par_1_119' title="bbox 1858 5658 3452 5734">
     <span class='ocr_line' id='line_1_119' title="bbox 1858 5658 3452 5734; baseline 0.001 -17"><span class='ocrx_word' id='word_1_1016' title='bbox 1858 5659 2388 5732; x_wconf 80' lang='lat' dir='ltr'><strong>signiﬁcatiozRom.</strong></span> <span class='ocrx_word' id='word_1_1017' title='bbox 2409 5675 2502 5724; x_wconf 90' lang='lat' dir='ltr'><strong>vn,</strong></span> <span class='ocrx_word' id='word_1_1018' title='bbox 2526 5659 2596 5715; x_wconf 76' lang='lat'><strong>25‘</strong></span> <span class='ocrx_word' id='word_1_1019' title='bbox 2621 5660 2793 5715; x_wconf 78' lang='lat' dir='ltr'><strong>silba</strong></span> <span class='ocrx_word' id='word_1_1020' title='bbox 2815 5658 2870 5716; x_wconf 71' lang='lat' dir='ltr'><strong>il:</strong></span> <span class='ocrx_word' id='word_1_1021' title='bbox 2896 5661 3036 5734; x_wconf 85' lang='lat' dir='ltr'><strong>(ipse</strong></span> <span class='ocrx_word' id='word_1_1022' title='bbox 3057 5675 3176 5733; x_wconf 79' lang='lat' dir='ltr'><strong>ego,</strong></span> <span class='ocrx_word' id='word_1_1023' title='bbox 3208 5677 3308 5734; x_wconf 75' lang='lat' dir='ltr'><strong>ego</strong></span> <span class='ocrx_word' id='word_1_1024' title='bbox 3337 5679 3452 5720; x_wconf 85' lang='lat' dir='ltr'><strong>em-</strong></span> 
     </span>
    </p>
   </div>
   <div class='ocr_carea' id='block_1_120' title="bbox 1857 5751 3437 5825">
    <p class='ocr_par' dir='ltr' id='par_1_120' title="bbox 1857 5751 3437 5825">
     <span class='ocr_line' id='line_1_120' title="bbox 1857 5751 3437 5825; baseline 0.002 -17"><span class='ocrx_word' id='word_1_1025' title='bbox 1857 5753 2072 5825; x_wconf 87' lang='lat' dir='ltr'><strong>phatice</strong></span> <span class='ocrx_word' id='word_1_1026' title='bbox 2121 5751 2368 5822; x_wconf 81' lang='lat' dir='ltr'><strong>prolato)</strong></span> <span class='ocrx_word' id='word_1_1027' title='bbox 2411 5751 2641 5807; x_wconf 77' lang='lat' dir='ltr'><strong>sitalkino</strong></span> <span class='ocrx_word' id='word_1_1028' title='bbox 2682 5753 2856 5807; x_wconf 77' lang='lat' dir='ltr'><strong>vitoda</strong></span> <span class='ocrx_word' id='word_1_1029' title='bbox 2901 5753 3079 5824; x_wconf 67' lang='lat' dir='ltr'><strong>gulis;</strong></span> <span class='ocrx_word' id='word_1_1030' title='bbox 3114 5771 3168 5810; x_wconf 88' lang='lat' dir='ltr'><strong>ix</strong></span> <span class='ocrx_word' id='word_1_1031' title='bbox 3218 5755 3291 5822; x_wconf 76' lang='lat'><strong>3;</strong></span> <span class='ocrx_word' id='word_1_1032' title='bbox 3343 5757 3437 5811; x_wconf 87' lang='lat' dir='ltr'><strong>sed</strong></span> 
     </span>
    </p>
   </div>
   <div class='ocr_carea' id='block_1_121' title="bbox 1860 5845 3445 5922">
    <p class='ocr_par' dir='ltr' id='par_1_121' title="bbox 1860 5845 3445 5922">
     <span class='ocr_line' id='line_1_121' title="bbox 1860 5845 3445 5922; baseline -0.001 -19"><span class='ocrx_word' id='word_1_1033' title='bbox 1860 5846 2053 5904; x_wconf 86' lang='lat' dir='ltr'><strong>Thess.</strong></span> <span class='ocrx_word' id='word_1_1034' title='bbox 2080 5845 2123 5916; x_wconf 91' lang='lat' dir='ltr'><strong>I,</strong></span> <span class='ocrx_word' id='word_1_1035' title='bbox 2151 5861 2228 5916; x_wconf 83' lang='lat' dir='ltr'><strong>tv,</strong></span> <span class='ocrx_word' id='word_1_1036' title='bbox 2259 5845 2294 5904; x_wconf 88' lang='lat'><strong>9</strong></span> <span class='ocrx_word' id='word_1_1037' title='bbox 2321 5845 2580 5920; x_wconf 37' lang='lat' dir='ltr'><strong>,silb‘ans</strong></span> <span class='ocrx_word' id='word_1_1038' title='bbox 2601 5849 2714 5919; x_wconf 74' lang='lat' dir='ltr'><strong>jus</strong></span> <span class='ocrx_word' id='word_1_1039' title='bbox 2741 5854 2794 5902; x_wconf 86' lang='lat' dir='ltr'><strong>at</strong></span> <span class='ocrx_word' id='word_1_1040' title='bbox 2825 5846 2975 5919; x_wconf 66' lang='grc' dir='ltr'><strong>θειρα</strong></span> <span class='ocrx_word' id='word_1_1041' title='bbox 3004 5845 3274 5902; x_wconf 77' lang='lat' dir='ltr'><strong>uslaisidai</strong></span> <span class='ocrx_word' id='word_1_1042' title='bbox 3293 5845 3445 5922; x_wconf 70' lang='lat' dir='ltr'><strong>sijiip</strong></span> 
     </span>
    </p>
   </div>
  </div>
