1922 3372
47 235 129 262 1117

46 292 155 328 attigi};
168 291 234 325 mis;
249 291 298 319 Mc.
311 299 348 326 tv,
362 291 397 320 10
412 291 504 327 {rehun
519 290 577 327 ραἰ
592 290 624 317 bi
637 291 693 317 ina
706 299 715 323 ,'
730 290 795 317 Luc.
810 295 848 324 ιι,

47 338 87 364 1⁸1
104 338 220 372 usitafan
234 337 302 373 oar];
322 337 416 374 putei
438 337 615 373 aflifnoda
633 337 675 362 im
693 334 850 372 gabrukc.

92 383 107 419 §
124 384 188 411 208.
207 384 234 419 1)
250 383 417 419 Quandoque
428 384 518 411 deﬁcit
529 382 676 418 subjectum
692 383 777 410 tertiae
793 390 854 417 per-

47 436 135 457 sonae
145 429 276 464 pluralis;
293 430 341 457 sed
357 434 420 457 tunc
433 430 505 456 aliud
520 429 657 465 generale,
672 433 701 456 ut
716 428 850 461 homines,

46 476 239 511 supplendum
262 480 324 510 est,
346 476 388 504 vel
410 476 493 504 latine
519 476 627 511 passivo
640 474 852 503 convertendum

47 522 135 557 (gall.
150 530 194 555 on,
209 530 297 557 εει-ιιι.
313 520 386 557 man)
402 530 409 548 :
424 521 475 550 Mc.
492 530 512 555 ι,
527 521 562 549 15
576 523 644 548 iesus
663 529 714 548 una
732 520 853 556 aupjaim

47 570 152 597 stadim
166 578 211 598 uas
220 571 271 605 jalt
291 570 453 606 iddjcdun
473 571 508 597 du
520 572 599 597 imma
615 569 721 606 atlapro
736 570 852 603 iverunt,

47 616 81 643 id
97 621 163 649 est,
190 616 313 644 homines
337 617 458 652 (ventum
482 616 552 650 est);
577 624 603 649 v,
625 617 660 644 35
685 614 852 651 nauhbanuh

46 664 137 690 imma
152 663 292 699 rodjandin
306 670 417 698 qemun
430 663 498 698 [ram
511 663 620 699 pamma
638 661 852 698 synagogafada;

47 718 80 744 x,
99 710 136 737 15
150 710 288 737 alberun
304 710 339 736 du
353 711 433 737 imma
447 710 545 743 burna;
566 709 633 737 Luc.
647 717 712 742 xvu,
728 709 762 736 27
778 712 852 735 etun

42 755 100 791 jah
115 755 278 790 drugkun,
294 755 398 783 scilicet
414 755 538 782 homines
554 755 580 782 in
594 760 714 789 tempore
728 753 830 781 Noachi
843 761 852 787 ;

48 800 108 827 Mc.
124 807 157 833 ιι,
177 800 212 827 22
227 801 284 827 vein
294 800 402 836 iuggala
416 802 443 827 in
465 800 565 836 balgim
579 802 685 836 niujam
704 799 851 835 giutand,

48 847 182 874 homines
196 846 330 880 fundunt,
355 846 486 880 funditur,
502 854 545 881 gr.
567 847 670 882 βλητέον
685 846 776 873 vinum
790 845 852 873 fun-

49 892 177 920 dendum
190 897 242 921 est.
259 893 336 927 Quod
349 898 441 921 autem
463 893 521 920 hrec
533 892 635 927 ellipsis
651 900 667 920 e
681 892 776 920 Gl‘tBCO
791 899 852 919 mu-

49 944 133 967 tuata
148 947 220 975 saepe
235 940 323 968 activo
337 940 364 968 ln
377 940 512 975 passivum
534 944 699 967 commutato
713 939 851 971 reddatur,

48 986 111 1014 vid.
129 986 143 1022 ε
161 987 211 1014 177
226 991 320 1014 annot.
341 987 368 1014 5.
395 987 475 1015 Joan.
498 995 553 1020 xvi,
569 987 602 1014 17
621 987 711 1022 qepun
730 994 760 1013 us
778 985 853 1022 paim

47 1032 196 1067 siponjaim
210 1037 252 1060 est
266 1033 351 1059 sumai
364 1032 591 1060 subaudiendum.

88 1077 147 1104 Sed
164 1085 216 1104 non
230 1077 281 1105 nisi
296 1085 359 1105 raro
372 1078 524 1113 subjectum
541 1078 628 1106 tertiae
649 1086 773 1114 persona:
792 1079 849 1106 sin-

47 1123 161 1158 gularis
174 1124 390 1158 praetermittitur
406 1133 413 1150 :
428 1124 491 1152 Cor.
512 1124 535 1151 ll
546 1145 553 1158 ,
571 1132 616 1157 vt,
631 1126 648 1152 2
663 1126 728 1153 mela
751 1125 852 1162 ιιὶρἰ

47 1170 283 1205 andauemjamma
306 1170 471 1197 undhamida
495 1170 569 1206 pus,
594 1171 714 1206 loquitur
738 1171 853 1206 (scilicet

52 1216 132 1243 Deus
148 1223 195 1250 per
207 1215 380 1251 Prophetas),
391 1217 432 1243 vel
445 1216 563 1251 loquitur
574 1216 680 1251 (nempe
694 1224 769 1244 sacra
780 1217 852 1245 Scri-

49 1261 159 1295 ptura).
167 1260 283 1288 Econtra
295 1261 430 1296 1,101)“
442 1260 517 1288 bokas
529 1261 654 1298 qipand
668 1261 771 1297 kaurjas
782 1263 850 1295 simi,

49 1306 169 1341 pluralis
183 1327 192 1340 ,
209 1306 300 1334 dicunt
316 1306 440 1335 homines
453 1307 587 1343 (dicitur),
602 1316 690 1343 succo
711 1311 772 1345 φησί
795 1317 853 1337 res-

50 1353 158 1387 pondet
175 1357 203 1381 et
224 1353 375 1388 tequivalet.
386 1353 473 1381 Etiam
485 1361 601 1389 graecam
612 1356 850 1390 constructionem,

49 1398 101 1426 ubi
117 1398 223 1426 scilicet
237 1399 435 1427 substantivum
449 1399 571 1435 ejusdem
584 1400 683 1428 radicis
695 1408 727 1428 ac
741 1402 851 1429 verbum

49 1449 83 1472 ut
112 1444 263 1479 subjectum
293 1445 470 1479 supplendum
496 1450 538 1474 est
564 1447 717 1482 (Matthia,
746 1446 793 1474 Gr.
809 1457 850 1484 gr.

51 1489 68 1525 ς
83 1488 152 1524 295)
166 1510 174 1523 ,
202 1490 323 1518 imitatus
336 1495 378 1518 est
393 1490 497 1519 Gothus
516 1492 542 1519 in
564 1491 626 1519 Cor.
641 1492 663 1525 Ι,
678 1500 722 1526 xv,
739 1493 774 1520 52
787 1492 853 1528 put-

51 1535 189 1571 Ιιαιιηιεὶῥ
202 1536 346 1572 (σαλπίσει)
361 1537 559 1572 canit(scilicet
569 1537 736 1573 puthaurnja
765 1539 850 1574 tuba).

88 1581 122 1617 2)
135 1581 187 1609 Ubi
201 1582 453 1616 demonstrativum,
466 1583 689 1618 interrogativum
701 1584 743 1612 vel
758 1585 852 1613 relati-

46 1635 118 1656 vum
138 1627 288 1663 subjectum
314 1633 368 1663 est,
383 1629 417 1658 ad
433 1630 607 1665 praedicatum
624 1638 723 1665 genere
749 1639 852 1660 conve-

46 1675 114 1702 niat
139 1682 193 1701 non
218 1679 259 1702 est
276 1683 387 1703 necesse
398 1697 406 1710 ,
429 1676 476 1703 sed
492 1680 599 1711 potest,
615 1684 691 1705 more
706 1676 851 1706 Germanis

44 1724 198 1752 consueto,
216 1720 243 1747 in
258 1725 354 1749 neutro
376 1722 459 1756 poni,
474 1721 699 1756 quemadmodqu
724 1721 852 1751 Germani

44 1769 151 1797 dicunt
165 1774 172 1792 ε
188 1767 245 1795 dtu
258 1768 289 1795 ist
300 1768 368 1795 mein
385 1767 463 1796 ναίει
477 1773 503 1796 et
518 1768 588 1796 Galli
606 1769 686 1796 :c‘eu
700 1777 760 1796 mon
780 1770 849 1805 pere,

41 1817 71 1844 it]
94 1820 152 1847 est,
168 1815 218 1841 ccci
229 1820 266 1841 eu
277 1823 336 1842 mon
348 1815 407 1850 pira
419 1823 429 1842 :
445 1815 496 1843 Mc.
514 1822 551 1848 vt,
565 1815 584 1842 5
595 1817 640 1843 niti
655 1814 737 1850 pata
749 1815 850 1852 (αὖτος)

43 1868 80 1888 tu
98 1869 130 1887 sa
147 1860 277 1895 timrja?
290 1860 369 1888 Joan.
382 1868 418 1894 vt,
434 1861 469 1888 40
484 1860 641 1897 patuli-[mn
653 1863 687 1888 ist
707 1862 791 1898 vilja
805 1863 850 1899 ῥίς

43 1907 228 1942 sandjundins
253 1906 323 1939 mils;
343 1906 408 1934 Luc.
423 1914 461 1941 ιι,
480 1907 515 1934 12
532 1907 617 1943 [lata
632 1908 694 1936 iacis
718 1908 849 1942 taikns;

42 1960 112 1985 vin,
131 1952 163 1979 11
180 1951 260 1987 pata
274 1952 363 1986 (αὕτη)
377 1953 411 1979 iu
425 1952 563 1986 gajuko;
576 1952 643 1981 Joan
660 1961 704 1987 xv,
719 1953 752 1981 12
772 1954 850 1989 pata

42 1998 144 2036 (αὕτη)
165 1999 197 2025 ist
221 1999 388 2026 anabusns
410 1999 495 2025 meiua
508 2006 517 2030 ;
532 1998 597 2026 Cor.
614 1999 641 2032 l,
658 2007 686 2027 ιι
698 2019 707 2033 ,
722 2000 739 2027 5
765 2001 850 2027 meina

40 2045 234 2080 andahafts
254 2044 393 2080 [ml-ist;
416 2044 484 2079 Eph.
500 2053 520 2077 ι,
536 2045 570 2073 18
584 2053 628 2072 wa
643 2045 693 2081 (τίς
706 2045 750 2073 vel
763 2046 799 2081 τί)
814 2048 849 2074 ist

41 2100 128 2121 cens
143 2092 266 2127 [aporiais
278 2091 321 2118 is?
334 2099 377 2119 wa
392 2094 570 2126 ufnrassus
584 2092 709 2120 mikileins
723 2093 848 2125 mahlais;

40 2140 152 2168 Thess.
166 2138 185 2172 l,
201 2146 231 2170 ιι,
244 2138 277 2166 19
292 2146 338 2165 wa
354 2137 417 2174 (τίς)
430 2139 463 2165 ist
480 2146 574 2165 misera
587 2146 683 2171 oens;
698 2138 768 2166 Phil.
784 2147 802 2172 ι,
814 2140 848 2167 28

41 2187 92 2223 ῥα
106 2186 155 2212 tet'
170 2185 248 2220 (ἥτις)
267 2186 301 2212 ist
321 2186 358 2212 im
379 2184 587 2212 ustailtneins
612 2185 756 2220 fralustais.
773 2185 849 2213 Atta-

39 2240 114 2262 men
140 2231 238 2266 legitur
256 2231 327 2266 apud
347 2230 398 2258 Mc.
415 2237 442 2258 ιι
455 2250 462 2263 ,
479 2231 493 2257 7
508 2239 541 2257 sa
564 2231 598 2257 ist
622 2238 701 2258 simus
722 2232 801 2259 meins
820 2241 849 2260 sa

39 2279 136 2311 liuba,
152 2282 181 2305 et
196 2277 249 2304 Tit.
266 2285 285 2310 ι,
300 2277 335 2304 15
346 2284 381 2304 so
394 2277 427 2303 ist
441 2276 563 2303 veitvodei
576 2277 705 2312 sunjaina.

81 2325 116 2361 5)
132 2324 201 2352 Cum
220 2329 309 2352 autem
334 2324 495 2359 pronomina
517 2329 544 2352 et
570 2325 601 2352 tm
624 2325 738 2360 subjecti
763 2326 848 2354 vicem

39 2372 196 2410 gerentia,
219 2371 285 2399 duas
308 2378 439 2406 personas
461 2371 561 2398 diversi
581 2372 687 2406 generis
706 2372 847 2404 indicant.

40 2422 111 2449 haec
127 2420 155 2447 in
173 2423 269 2446 neutro
284 2423 420 2453 ponuntur
436 2418 510 2453 (coll.
529 2419 543 2453 δ
559 2419 620 2452 191,
633 2419 654 2452 l,
671 2419 697 2454 1)
712 2428 717 2445 ;
735 2419 800 2447 Luc.
817 2428 846 2453 ιι,

39 2469 58 2497 6
74 2467 127 2504 po
143 2465 198 2501 (gr.
215 2466 308 2498 αὐτοὶ,
330 2465 436 2492 scilicet
457 2464 591 2500 Josephus
611 2471 637 2493 et
658 2465 750 2501 Maria)
771 2474 849 2494 vesun

35 2515 160 2552 jainar,’
178 2519 206 2545 ιι,
223 2511 257 2539 50
271 2512 321 2547 ija
336 2511 431 2546 (αὐτοί)
447 2512 475 2538 ni
488 2510 587 2547 {rapuit
605 2510 712 2546 [)amma
731 2513 847 2546 vaurda;

38 2564 113 2591 Cor.
132 2560 153 2593 Ι,
170 2567 216 2592 νιι,
230 2560 265 2586 28
281 2559 358 2595 aglon
374 2558 446 2586 [ei/tis
466 2558 621 2595 gastaldand
636 2559 679 2594 [)0
701 2560 849 2587 sualeika

40 2611 79 2646 (οἱ
99 2609 237 2639 τοιοῦτοι,
262 2605 367 2633 scilicet
387 2605 429 2632 vir
450 2610 478 2632 et
492 2604 577 2640 virgo)
602 2605 638 2632 du
661 2605 727 2633 Ieika
747 2607 848 2639 samin;

38 2656 115 2685 coll.
136 2653 218 2689 §209
231 2653 260 2688 4)
283 2653 309 2688 b)
329 2657 356 2680 et
375 2652 440 2680 Luc.
457 2660 486 2685 ll,
501 2653 546 2685 41,
568 2652 612 2685 45,
633 2652 687 2686 18ς
712 2661 768 2686 νιιι,
789 2653 846 2687 20;

39 2704 101 2731 Mc.
129 2707 172 2734 ιιι,
193 2699 236 2726 51.
268 2699 318 2726 Ubi
334 2706 399 2726 vero
421 2699 620 2734 conjunguntur
643 2698 702 2726 duae
725 2707 848 2734 pet-sonte

38 2747 179 2785 ejusdem
200 2737 326 2781 generis,
347 2745 496 2780 subjectum
511 2745 564 2772 illis
580 2752 689 2781 genere,
707 2750 734 2772 ut
749 2745 825 2774 decet
839 2769 846 2782 ,

39 2792 205 2826 convenit:
218 2792 284 2820 Luc.
296 2800 333 2827 vt,
347 2792 383 2821 59
404 2792 457 2819 bat"
472 2792 581 2828 (nempe
604 2792 679 2827 caeci)
695 2793 723 2819 in
743 2792 787 2819 dat
800 2801 846 2827 gu-

39 2843 203 2875 driusand;
218 2842 296 2870 Joan.
312 2849 350 2875 χι,
372 2841 406 2869 19
422 2840 643 2877 gaprafstidedun
665 2842 732 2876 ἰάσι
758 2841 848 2877 (ιιἱωί-

40 2899 112 2922 rum
133 2888 236 2917 Martha
250 2892 277 2916 et
293 2887 397 2922 Maria).

83 2939 120 2973 4)
140 2934 288 2963 lnlluitivus
309 2941 382 2969 saepe
404 2937 447 2961 eet
469 2933 619 2968 subjectum
633 2954 642 2968 ,
660 2934 715 2962 vid.
739 2934 848 2970 insuper

41 2988 105 3017 Mc.
125 2992 154 3017 x,
169 2982 223 3016 2i;
246 2981 312 3010 Luc.
324 2988 363 3016 vr,
377 2980 413 3015 4;
438 2987 514 3014 xvut,
530 2979 587 3014 25;
607 2980 686 3009 Joan.
701 2989 774 3015 mu,
790 2981 844 3015 5t;

538 235 583 263 DE
603 232 785 267 SUBJECTO,
808 232 1019 261 PREDICATO
1039 233 1083 261 ET
1103 232 1249 262 COPULA.

1629 236 1698 263 1118

905 288 968 317 Cor.
982 289 1003 323 l,
1018 298 1045 324 τ,
1063 289 1111 324 12ς
1131 298 1176 324 vn,
1197 291 1224 324 9,
1237 292 1292 325 26;
1317 292 1377 320 Gal.
1395 299 1432 327 tv,
1448 291 1501 327 ts;
1526 292 1598 322 Phil.
1614 301 1634 327 ι,
1649 293 1697 328 21,

905 334 959 367 22;
972 334 1042 362 Tim.
1063 336 1084 371 l,
1102 344 1131 371 ιι,
1148 337 1189 364 10.
1207 337 1372 373 Quandoque
1394 338 1526 367 Inﬁnitive
1541 339 1701 375 adjungitur‘

904 379 985 407 etiam
998 381 1055 408 du:
1070 381 1118 409 Mc.
1136 389 1162 414 x,
1178 382 1213 409 40
1225 382 1292 418 pata
1303 383 1338 409 du
1353 383 1420 410 sitan
1434 385 1589 419 aflaihsvon
1604 386 1697 412 meittai

904 426 1009 462 aippau
1022 427 1053 462 af
1065 428 1220 455 hleidumein
1242 430 1293 456 nisi
1310 431 1375 457 mein
1392 431 1432 457 du
1446 431 1545 466 gibau
1568 431 1674 468 (δοῦναι)
1687 440 1694 465 ;

903 470 966 499 Cor.
988 472 1082 506 l,,xt,
1102 473 1119 500 6
1138 475 1180 509 agt
1197 476 1230 501 ist
1255 475 1331 510 qinon
1352 476 1392 502 du
1417 476 1567 511 kapillon
1590 477 1698 513 dippau

904 516 1022 545 skaban
1048 519 1087 553 (τὸ
1103 520 1232 559 κείρασθαι
1253 520 1268 550 ἦ
1288 521 1440 557 ξηρᾶσθαι);
1467 521 1536 550 Phil.
1554 529 1581 555 l,
1601 522 1638 549 ΞΑ
1657 523 1697 550 du

904 561 994 589 visan
1016 563 1055 599 (τὸ
1079 564 1214 601 ἐπιμένειν)
1235 567 1261 592 in
1289 566 1354 593 lcika
1376 566 1512 602 paurftizo
1538 569 1566 594 in
1586 569 1697 603 izvaru;

903 616 1008 636 necnon
1031 616 1057 637 et
1079 611 1207 639 articulus
1228 621 1234 639 :
1261 613 1311 640 Mc.
1329 620 1384 646 xu,
1406 613 1441 640 55
1460 614 1527 650 [iam
1554 614 1590 641 du
1614 616 1695 652 frijon

907 655 947 691 (τὸ
961 657 1074 694 ἀγαπᾶν)
1089 657 1144 694 gul)
1163 659 1295 695 numagizo
1309 661 1342 687 ist
1365 656 1455 688 allaim
1476 660 1553 697 paim
1575 662 1695 689 allbrtm-

904 703 973 730 slim.
993 703 1063 731 Inter
1080 704 1173 740 uultur
1195 706 1227 732 ist
1252 707 1346 733 aulico
1361 707 1492 742 qifmn....
1509 708 1587 742 (Mth.
1603 716 1640 741 ιχ,
1657 709 1672 736 5
1686 716 1693 741 ς

904 747 969 776 Luc.
987 758 1012 784 ν,
1026 750 1072 786 25)
1098 755 1124 778 et
1142 752 1234 787 tua/lar
1259 753 1292 779 ist
1315 752 1412 779 a'zetizo
1428 753 1463 780 du
1479 753 1618 789 qipan..."
1635 755 1697 789 (Mc.

904 803 932 828 ιι,
950 796 979 831 9)
994 797 1044 824 hoc
1064 797 1208 825 discrimen
1230 798 1325 826 adesse
1338 799 1444 827 videtur
1456 820 1463 833 ,
1486 800 1556 835 quod
1573 801 1647 836 prius
1660 800 1698 827 si-

904 842 1029 877 gniﬁcet:
1045 844 1107 878 quid
1119 849 1160 871 est
1172 844 1275 872 facilius
1284 845 1423 873 dicere...
1438 846 1574 881 posterius
1583 850 1672 874 autem
1688 855 1695 874 :

904 887 968 922 quid
984 894 1025 915 est
1038 888 1142 916 facilius
1157 889 1249 918 dicere

941 934 991 962 Ubi
1003 936 1136 963 sententia
1153 936 1286 964 inﬁnitive
1309 937 1460 973 subjectum
1476 942 1535 971 est,
1560 939 1698 974 proprium

903 979 962 1015 ejus
985 982 1136 1016 subjectum
1158 983 1184 1009 in
1200 983 1355 1010 accusativo
1373 984 1479 1019 ponitur
1493 994 1498 1011 :
1512 985 1574 1012 Cor.
1589 985 1610 1012 ll
1622 1006 1629 1018 ,
1644 992 1699 1019 vn,

904 1026 934 1054 11
953 1026 1033 1064 [tata
1048 1028 1076 1055 bi
1097 1027 1167 1065 guI)
1181 1038 1324 1065 saurgan
1337 1031 1421 1058 izvis
1447 1031 1564 1058 welauda
1578 1033 1698 1067 galavida

901 1075 964 1101 izvis
980 1075 1143 1109 usdaudet’n;
1160 1075 1226 1104 Luc.
1243 1083 1298 1108 xvt,
1316 1077 1349 1104 17
1362 1077 1459 1104 azetizo
1473 1078 1506 1104 ist
1523 1077 1623 1104 ltimiu
1635 1077 1697 1113 jah

902 1120 1001 1157 airpa
1023 1121 1276 1158 hindurleipan
1291 1122 1348 1158 ραιι
1368 1123 1461 1150 vitodis
1486 1123 1606 1150 uiuaua
1632 1124 1682 1150 vri

902 1167 1099 1201 gadriusan.

938 1212 951 1248 §
968 1213 1031 1241 209.
1048 1212 1081 1240 ll.
1095 1213 1163 1241 Cum
1178 1213 1361 1242 Panutcnuu
1384 1222 1482 1243 nomen
1498 1219 1540 1243 est
1553 1235 1561 1249 ,
1576 1214 1698 1251 subjecto

902 1266 951 1294 per
964 1259 1087 1293 copulam
1099 1260 1228 1295 conjungi
1244 1260 1334 1289 debet.
1348 1260 1429 1296 Atqui
1443 1268 1537 1289 omnes
1553 1262 1699 1289 vocabulo-

902 1314 962 1333 rum
984 1306 1088 1340 species
1100 1326 1107 1339 ,
1122 1314 1183 1341 qua:
1203 1306 1353 1341 subjectum
1373 1314 1434 1335 esse
1456 1312 1570 1343 possunt
1584 1307 1610 1344 (§
1629 1307 1694 1346 207)

902 1352 984 1379 etiam
1006 1356 1035 1378 ut
1051 1351 1226 1386 praedicatum
1249 1353 1372 1388 usurpari
1396 1357 1508 1388 queunt.
1532 1353 1586 1381 Sed
1609 1353 1697 1389 quod-

901 1405 1017 1433 cumque
1030 1397 1076 1431 sit,
1093 1396 1267 1432 pradicatum
1291 1407 1399 1433 semper
1410 1399 1533 1434 subjecto
1547 1400 1673 1428 convenit
1685 1420 1694 1434 ,

903 1443 932 1471 id
948 1448 999 1476 est,
1016 1443 1140 1471 eamdem
1152 1444 1225 1471 subit
1235 1444 1389 1471 ﬂcxionem.

938 1490 965 1524 1)
991 1489 1040 1517 Ubi
1065 1489 1262 1517 substantivum
1287 1491 1462 1525 praedicatum
1487 1495 1547 1526 est,
1574 1491 1697 1526 subjecto

902 1535 982 1563 debet
997 1536 1023 1562 in
1041 1543 1141 1571 genere
1156 1540 1183 1564 ct
1199 1544 1313 1571 numero
1325 1544 1486 1572 congruere,
1505 1537 1567 1565 licet
1587 1545 1635 1572 pro
1650 1545 1697 1572 ge-

901 1590 969 1610 nere
984 1583 1119 1609 nounulla:
1131 1604 1138 1617 ,
1156 1591 1204 1618 pro
1220 1591 1333 1611 numero
1355 1589 1446 1611 autem
1470 1583 1696 1619 frequentissime

902 1630 999 1657 dentur
1020 1630 1194 1664 exceptiones
1217 1639 1224 1657 :
1246 1629 1312 1658 Luc.
1330 1639 1364 1658 xx
1378 1652 1385 1665 ,
1401 1629 1436 1658 M
1455 1639 1484 1658 sa
1504 1631 1537 1658 ist
1561 1638 1590 1658 sa
1611 1630 1696 1658 arbi—

901 1676 1028 1711 numja;
1044 1684 1063 1709 ι,
1082 1675 1113 1703 19
1129 1675 1153 1702 iit
1168 1678 1202 1703 im
1218 1676 1422 1712 gabriel;tx,
1438 1675 1454 1704 9
1469 1684 1520 1703 was
1537 1677 1571 1703 ist
1593 1677 1652 1703 sa?
1667 1683 1694 1711 v,

902 1721 935 1749 10
948 1723 1015 1757 [ram
1028 1721 1125 1749 himma
1140 1730 1174 1748 nu
1188 1730 1280 1750 mumte
1290 1723 1350 1749 siud
1364 1722 1623 1750 nutans.——Joan.
1636 1730 1696 1756 xtv,

901 1769 918 1796 6
936 1768 962 1795 ik
979 1769 1015 1794 im
1031 1768 1098 1803 vigs
1112 1768 1158 1801 iah
1182 1769 1278 1804 sunja
1294 1768 1343 1804 jalt
1366 1768 1511 1803 libains;
1534 1768 1622 1797 Skeir.
1637 1768 1666 1802 1,
1680 1776 1696 1796 a

900 1815 1024 1851 natjands
1037 1814 1102 1841 silba
1118 1815 1288 1851 garailttei
1305 1823 1364 1848 vas;
1380 1814 1458 1843 Rom.
1474 1823 1512 1849 xt,
1529 1815 1563 1843 i5
1575 1822 1627 1842 was
1642 1824 1695 1842 tm-

900 1862 1015 1888 danum
1025 1866 1053 1888 ts
1067 1861 1137 1888 nibat'
1152 1861 1245 1888 libains
1261 1867 1290 1888 us
1304 1860 1434 1897 dauluzim
1449 1861 1505 1897 (ubi
1520 1861 1547 1889 in
1563 1861 1695 1897 interpre-

900 1907 1002 1934 tatione
1017 1911 1108 1934 nostra
1121 1907 1177 1942 quis
1194 1907 1254 1934 loco
1269 1914 1324 1942 qua
1340 1906 1482 1943 legendum
1505 1907 1577 1942 est)?
1591 1907 1658 1942 Eph.
1674 1916 1693 1941 ι,

898 1952 934 1980 25
957 1951 1078 1988 aikklesjo
1101 1954 1137 1980 ist
1159 1951 1225 1979 Ieik
1248 1953 1291 1985 is;
1317 1950 1395 1980 Rom.
1419 1960 1476 1987 vn,
1493 1953 1509 1980 7
1525 1952 1599 1989 υἰιοῤ
1626 1955 1694 1989 [ra-

898 2000 1037 2027 vaurltts
1061 2000 1117 2027 ist?
1141 1999 1207 2028 Joan
1223 2007 1268 2033 vt,
1294 2000 1329 2027 65
1351 1999 1390 2036 [)0
1403 2000 1503 2028 vaurda
1526 2001 1618 2027 altma
1642 2002 1695 2035 ist;

898 2046 978 2074 Rom.
993 2054 1050 2079 xm,
1067 2047 1083 2073 5
1096 2046 1146 2082 [mi
1158 2046 1223 2074 reiks
1244 2046 1270 2072 m'
1289 2044 1347 2073 simi
1369 2047 1438 2082 agis
1463 2046 1600 2083 godamma
1613 2056 1692 2075 νωιτ-

897 2097 972 2126 slva;
987 2093 1049 2121 Cor.
1066 2094 1086 2125 l,
1103 2101 1130 2127 ι,
1146 2092 1179 2121 19
1202 2092 1242 2129 1J0
1265 2094 1442 2130 galittgaguda
1463 2093 1521 2120 sind
1536 2094 1598 2120 wa?
1613 2094 1693 2122 Joau.

899 2147 964 2173 xvu,
983 2139 1012 2167 11
1028 2139 1078 2176 [uti
1093 2139 1188 2174 sijaina
1211 2140 1266 2166 ain
1281 2148 1321 2166 sue
1336 2140 1392 2173 vit;
1406 2139 1469 2168 Cor.
1484 2139 1504 2174 Ι,
1524 2148 1571 2175 xv,
1588 2140 1623 2168 28
1635 2140 1693 2177 gub

900 2187 934 2213 ist
956 2186 1023 2213 αιια
1045 2188 1072 2214 in
1097 2186 1208 2219 allaim;
1223 2185 1300 2214 Rom.
1317 2195 1354 2221 ιι,
1371 2187 1405 2220 7;
1420 2186 1484 2215 Cor.
1500 2186 1522 2221 i,
1538 2195 1565 2222 ιι,
1586 2187 1639 2218 17;
1657 2187 1690 2221 ll,

901 2240 932 2266 ιι,
950 2233 1000 2266 15ς
1018 2240 1074 2266 νιιι,
1087 2232 1143 2266 23;
1160 2231 1231 2260 Phil.
1248 2240 1287 2265 ιιι,
1303 2233 1331 2260 3.

934 2280 1109 2308 Pricdicatum
1139 2285 1228 2315 potest
1256 2281 1338 2308 etiam
1365 2280 1508 2308 articulum
1536 2279 1657 2315 recipere
1683 2290 1690 2308 :

898 2327 976 2355 Joan.
998 2334 1035 2360 νι,
1050 2327 1085 2355 48
1099 2326 1125 2353 ik
1136 2327 1171 2353 im
1185 2335 1223 2354 sa
1237 2326 1315 2361 Iilaifs
1339 2326 1459 2354 libainais
1472 2335 1482 2360 ;
1497 2334 1533 2354 vn
1545 2347 1553 2360 ,
1568 2326 1603 2354 40
1617 2335 1646 2354 sa
1658 2328 1692 2354 ἱιι

897 2381 932 2401 sa
947 2373 1098 2409 praufetus;
1112 2381 1139 2407 ι,
1153 2373 1169 2401 9
1184 2372 1210 2400 iis
1224 2373 1260 2400 im
1271 2372 1356 2409 pata
1371 2373 1436 2401 daur
1452 2377 1520 2407 etc.,
1533 2373 1589 2402 vid.
1605 2373 1689 2409 gloss.

898 2427 924 2446 v.
941 2419 1007 2455 pata
1022 2418 1053 2452 ll,
1071 2419 1098 2446 6.
1405 2452 1407 2455 ⁴

932 2467 961 2502 2)
982 2467 1031 2495 Ubi
1045 2466 1215 2502 adjectivum,
1231 2466 1400 2502 participium
1413 2466 1455 2495 vel
1470 2466 1607 2495 numerale
1621 2475 1691 2502 prae-

897 2514 1015 2542 dicatum
1028 2513 1234 2550 est,.subjecto,
1245 2513 1327 2541 debet
1349 2513 1377 2541 in
1403 2521 1512 2548 genere,
1526 2520 1640 2541 numero
1662 2518 1689 2541 et

898 2567 962 2588 casu
988 2566 1159 2594 congruere;
1171 2566 1255 2594 porro
1269 2559 1417 2587 inﬁnitivus
1431 2564 1459 2587 et
1478 2558 1611 2587 sententia
1624 2567 1690 2588 neu-

898 2606 966 2634 trius
979 2604 1086 2640 generis
1099 2609 1244 2633 censcntur
1255 2613 1262 2637 ;
1274 2612 1390 2639 quonam
1405 2609 1495 2632 autem
1518 2604 1600 2633 modo
1625 2613 1690 2633 con-

897 2652 1036 2680 sonantica
1051 2656 1078 2679 et
1092 2651 1211 2678 vocalica
1234 2651 1327 2679 l'ormtc
1347 2650 1472 2687 adjectivi
1484 2650 1618 2686 diﬂ'erant,
1632 2652 1689 2679 vid.

899 2699 913 2735 ς
931 2698 981 2726 196
999 2707 1004 2724 ;
1021 2697 1086 2726 Lttc.
1099 2706 1118 2730 ι,
1133 2697 1168 2724 23
1182 2688 1298 2724 zukarias
1314 2705 1355 2724 ras
1366 2697 1499 2730 dumbs;
1512 2697 1589 2725 Joan.
1602 2706 1640 2731 ιι,
1655 2699 1689 2726 59

893 2748 926 2783 ju
937 2746 1004 2782 [uls
1018 2748 1069 2780 ist,
1085 2745 1272 2781 fidurdogs
1293 2744 1342 2772 auk
1353 2746 1399 2777 ist;
1410 2744 1476 2772 Luc.
1492 2752 1512 2778 ι,
1527 2744 1542 2771 7
1557 2752 1600 2772 ttat
1614 2745 1688 2772 ailei-

897 2793 991 2828 sabai];
1013 2793 1144 2824 stairo;
1159 2791 1194 2818 29
1209 2791 1387 2819 weleikaist
1402 2790 1688 2827 sogaleins;Rom.vu,

898 2842 932 2869 14
947 2840 1020 2876 υἱιορ
1035 2839 1071 2866 ah
1082 2839 1163 2866 main
1177 2840 1227 2872 ist;
1239 2839 1308 2866 Tim.
1325 2838 1347 2871 1,
1360 2847 1379 2871 ι,
1394 2837 1410 2865 8
1424 2838 1528 2874 godist
1541 2838 1628 2875 vitali;
1642 2840 1690 2873 “,5

901 2886 1060 2924 patuli-pan
1070 2888 1104 2913 ist
1119 2886 1180 2922 god
1196 2886 1244 2921 jalt
1258 2885 1440 2918 audanem;
1454 2884 1520 2911 Luc.
1544 2891 1589 2919 xv,
1605 2884 1637 2912 51
1653 2885 1691 2911 all

899 2935 966 2970 pata
980 2933 1047 2960 mcin
1063 2933 1146 2968 pciu
1166 2934 1215 2965 ist;
1232 2932 1310 2959 Rom.
1327 2939 1365 2965 ιιι,
1380 2931 1414 2958 35
1429 2931 1691 2958 unbilaistidai

899 2981 957 3009 sind
972 2981 1041 3016 vigos
1055 2979 1142 3016 gups;
1155 2987 1213 3015 xut,
1231 2979 1243 3007 1
1259 2977 1298 3017 [ιο
1317 2977 1453 3014 valduinja
1466 2978 1533 3013 [ram
1547 2977 1622 3014 gupa
1637 2985 1690 3013 ga-

2 3230 1317 3372 ⁷⁷⁷
