1922 3360
58 210 147 239 1129

55 270 300 298 consonanticam
324 274 352 298 et
374 270 517 298 vocalicam
534 271 629 300 horum
658 273 869 306 attributorum;

55 316 201 344 secundo
212 316 329 351 ipsorum
341 316 428 345 sedes.
441 316 497 344 Sub
507 317 559 345 hoc
569 318 663 345 ultimo
678 323 800 354 respectu
812 319 870 346 ani-

55 363 235 391 madvertas
248 384 256 396 ,
275 364 346 399 quod
365 365 493 393 attributa
516 367 694 394 communiter
709 367 867 394 vocabulum

56 411 287 438 determinatum
312 416 459 447 sequantur
471 435 478 448 ,
495 413 648 448 praecedant
672 421 736 441 vero
749 435 756 445 .
783 414 825 441 ubi
841 414 868 442 iu

56 457 110 484 eis
123 457 204 492 jacet
223 457 367 492 emphasis.
389 458 428 485 De
444 464 555 494 utroque
570 460 583 495 §
602 459 653 487 196
668 460 797 496 legendus
816 463 867 488 est.

58 503 155 537 Quod
171 508 260 532 autem
276 505 456 539 superlativus
479 506 646 534 substantivo
660 514 713 534 non
727 511 867 541 congruat,

55 550 118 577 sed
149 550 223 578 hunc
246 551 400 586 partitivum
415 559 506 580 secum
531 552 647 587 habeat,
674 553 727 581 vid.
745 553 758 589 §
774 553 869 588 2161)

55 596 89 632 ι’)
114 596 183 631 bb);

101 642 138 679 ‘2)
157 642 311 677 Numerale,
324 643 377 670 vid.
396 643 409 679 §
423 644 485 671 198.

102 691 139 726 5)
156 690 316 724 Pronomen,
331 691 386 719 vid.
402 690 416 727 §
432 691 484 719 199
498 699 557 727 sqq.

106 747 119 765 σ
140 738 290 766 Annotatio
308 739 334 765 1.
348 753 384 759 ——
399 738 474 772 Quod
491 739 639 767 numeralia
659 747 732 775 sa2pe
745 744 773 768 et
792 741 867 768 iude-

56 785 149 813 ﬁnita
165 791 277 821 propter
291 793 385 813 eorum
401 785 593 814 substantivam
616 791 736 815 naturam
758 795 867 823 semper

55 839 77 859 a
94 831 196 867 regula
207 832 407 860 concordantiaa
421 832 575 867 deﬂectant,
596 834 698 862 scilicet
717 834 865 862 substanti-

55 887 132 907 vum
151 880 178 907 in
194 880 320 915 partitivo
331 879 501 914 attrahenda,
518 881 572 908 vid.
590 881 621 917 §§
636 882 698 915 198,
710 890 740 914 ιι,
754 881 782 917 5)
797 881 823 917 ὁ)
837 886 865 909 et

54 927 135 955 205.
151 927 211 960 Quo
225 927 305 955 etiam
320 927 400 955 modo
413 928 465 955 alls-
480 928 634 963 signiﬁcans
663 928 769 963 quisque
797 937 863 957 con-

57 979 195 1002 struatur
210 974 236 1010 (§
247 974 310 1008 205,
323 975 368 1011 ν),
381 975 429 1003 sed
443 975 598 1010 signiﬁcans
613 976 706 1009 omnis,
723 980 802 1008 totus,
814 976 863 1003 ad-

55 1020 170 1056 jective
182 1026 325 1057 usurpetur
339 1026 367 1050 et
381 1021 548 1050 substantivo
559 1022 796 1058 conveniat,vid.§
812 1023 863 1050 i96

54 1073 164 1097 annot.
180 1069 224 1096 12.

105 1126 115 1143 ι
137 1117 285 1145 Annotatio
303 1116 331 1144 2.
347 1132 382 1137 —
402 1117 479 1151 Quod
505 1124 653 1153 pronomen
682 1117 862 1152 possessivum

55 1163 269 1192 substantivum
285 1164 419 1199 prazcedat
429 1164 471 1191 vel
486 1169 624 1199 sequatur,
638 1164 693 1191 vid.
709 1164 722 1200 §
739 1163 800 1192 201.
814 1163 860 1191 Li-

58 1210 137 1238 bero
154 1215 182 1238 et
196 1211 354 1246 plerumque
367 1216 504 1247 praeeunte
519 1211 623 1244 Graeco,
637 1211 801 1239 construitur
817 1210 861 1238 ubi

55 1257 231 1292 adjectivum
244 1261 271 1285 et
291 1265 439 1292 pronomen
462 1258 641 1293 possessivum
658 1258 701 1285 vel
724 1257 861 1285 numerale

56 1303 100 1331 ad
119 1303 319 1331 substantivum
335 1304 449 1331 refertur
465 1312 471 1330 :
489 1303 552 1331 Luc.
570 1304 640 1338 1,-72
653 1312 782 1339 gamuuan
797 1305 860 1339 trig-

57 1360 127 1388 geos
152 1352 279 1380 veihuizos
301 1353 445 1385 seinaizos;
471 1352 533 1380 Cor.
551 1352 577 1386 Ι,
601 1361 654 1386 xv,
678 1352 712 1380 58
736 1352 860 1388 brofirjus

58 1398 299 1431 meinailiubam;
324 1398 355 1431 ll,
371 1406 408 1432 ιι,
425 1398 474 1432 28;
500 1398 570 1426 Tim.
588 1399 619 1431 ll,
634 1407 664 1432 ιι,
681 1400 713 1431 1;
731 1399 794 1426 Luc.
811 1406 858 1431 vn,

59 1445 103 1473 35
119 1446 225 1472 baruam
247 1445 355 1472 :einaim
379 1445 487 1477 allaim;
504 1453 557 1478 vn,
583 1445 596 1472 1
621 1444 676 1472 alla
700 1444 738 1480 [)0
762 1446 860 1471 vnurda

59 1491 163 1525 uina;
178 1499 236 1525 vui,
252 1491 303 1525 45;
331 1491 400 1526 Eph.
414 1499 423 1519 ι
436 1514 442 1525 ,
464 1491 480 1518 6
495 1493 521 1518 in
542 1491 651 1526 [iamma
674 1491 756 1518 liubin
777 1500 860 1519 suuau

61 1538 206 1566 seinamma
216 1546 226 1572 ;
238 1538 307 1565 Phil.
320 1545 354 1571 IV,
367 1538 384 1565 5
397 1537 535 1573 anparaim
550 1542 725 1573 gavnurstvam
736 1539 859 1571 reinaim;

62 1584 133 1613 Cor.
147 1585 169 1618 l,
183 1593 237 1618 xvi,
252 1584 284 1613 19
298 1584 354 1620 mi];
366 1585 507 1621 ingardjon
518 1585 598 1612 seinai
611 1584 773 1621 aikkleajon;
787 1585 857 1613 Tim.

62 1631 102 1665 ll,
117 1639 155 1665 tv,
168 1631 219 1665 16;
234 1631 325 1660 Skeir.
340 1631 394 1664 Vll,
408 1639 423 1658 a
440 1639 448 1647 ο
464 1639 477 1658 e
492 1640 498 1647 ·
516 1632 630 1659 hlaibans
644 1632 816 1660 barizeinans.

107 1688 118 1705 ι
138 1679 281 1706 Annotatio
295 1679 324 1706 5.
344 1692 379 1698 ——-
399 1678 449 1706 Ubi
473 1678 630 1706 attributum
645 1679 678 1706 ad
702 1679 777 1714 plura
797 1680 861 1707 sub-

62 1726 187 1755 stantiva
202 1725 322 1762 ejusdem
337 1726 444 1761 generis
457 1730 484 1754 et
503 1727 608 1754 numeri
630 1726 754 1761 refertur,
775 1727 859 1755 semel

63 1777 174 1800 tantum
196 1773 304 1807 punitur
317 1780 323 1798 :
336 1772 406 1801 Phil.
423 1780 443 1807 ι,
459 1772 496 1800 25
511 1773 545 1800 du
560 1774 692 1801 izvarai
704 1774 860 1810 [ramgaluai

66 1819 116 1856 jah
129 1818 233 1854 faltedai
245 1827 255 1851 ,'
269 1819 333 1847 Luc.
348 1827 368 1853 I,
384 1819 400 1846 6
415 1821 448 1846 in
460 1820 583 1847 allaim
593 1821 797 1858 anabusnimjalt
810 1831 859 1858 ga-

68 1866 187 1893 raihteim
200 1874 208 1899 ,'
225 1866 257 1893 ad
271 1866 324 1894 duo
339 1866 503 1894 substantisz
516 1868 641 1902 relatum,
656 1868 682 1895 in
697 1869 793 1903 plurali
809 1870 859 1897 ad-

69 1914 178 1942 hibetur
190 1922 198 1942 :
210 1914 280 1942 Phil.
294 1922 313 1947 ι,
328 1914 363 1943 20
374 1914 398 1941 bi
413 1915 540 1942 usbeisnai
550 1916 600 1951 jah
612 1916 684 1943 υθιςαὶ
698 1917 858 1946 meinaim.

70 1961 142 1989 Raro
155 1966 242 1989 autem
259 1962 423 1990 construitur
439 1967 468 1990 ut
481 1963 547 1990 Mth.
563 1972 600 1999 ιι,
616 1965 650 1992 55
665 1965 759 2001 buurgs
773 1968 859 1994 allo:

69 2008 116 2047 jah
131 2008 238 2037 (mimos.
248 2009 326 2043 Quod
337 2010 359 2036 si
372 2010 540 2037 substantiva
551 2011 650 2039 diversi
663 2018 724 2040 sunt
738 2014 857 2049 generis,

71 2056 114 2083 vel
124 2056 202 2083 etiam
215 2056 330 2090 numeri,
346 2057 502 2085 attributum
518 2066 595 2086 suum
610 2060 706 2095 cuique
721 2062 857 2096 proprium

71 2102 215 2129 concordat
239 2106 266 2130 et
293 2103 445 2137 reperitur:
463 2103 557 2139 Skeir,
574 2113 609 2138 v,
635 2106 652 2134 b
675 2115 858 2136 sveaamma

71 2149 143 2185 viljin
161 2149 210 2186 jah
224 2150 330 2177 svesai
344 2149 463 2183 mahtai;
489 2151 553 2179 Mth.
567 2160 619 2187 vn,
636 2153 670 2181 l0
683 2156 765 2182 sverai
787 2161 858 2189 altar;

71 2195 211 2232 peinana
233 2197 283 2232 jah
308 2195 398 2232 aijm‘n
419 2196 541 2233 [)eina;
565 2199 630 2226 Luc.
651 2208 707 2234 vm,
725 2202 759 2230 10
786 2203 858 2239 αἱρεἱ

70 2241 226 2278 meiuajalt
242 2241 366 2278 broprjus
381 2244 528 2277 meinai;
552 2244 601 2273 Mc.
616 2253 656 2280 tu,
670 2246 716 2281 52,
734 2248 789 2282 55;
810 2257 854 2286 vr,

70 2290 108 2323 4,-
129 2298 153 2321 ι,
174 2291 204 2323 7;
222 2296 338 2318 attamen
367 2291 393 2318 in
417 2291 458 2319 his
472 2292 578 2321 casibus
592 2295 751 2331 quandoque
774 2298 858 2326 semel

70 2336 177 2372 ponitur
188 2337 343 2365 attributum
356 2359 364 2371 ,
386 2338 431 2366 ubi
447 2339 551 2368 scilicet
570 2341 736 2371 substantiva
761 2345 855 2373 eodem

72 2390 181 2410 numero
206 2384 388 2417 concordant;
414 2389 477 2412 tunc
500 2393 565 2414 vero
588 2389 746 2417 attributum
770 2392 857 2425 primo

71 2428 237 2463 coniungitur
252 2440 258 2458 :
280 2431 331 2459 Mc.
347 2439 395 2465 ιιι,
411 2432 428 2460 5
443 2432 542 2469 bropar
567 2436 670 2464 melus
690 2437 739 2473 jult
764 2439 857 2467 suislar

71 2474 116 2509 iah
133 2474 222 2510 uipei;
243 2474 337 2502 Thess.
355 2478 382 2509 l,
399 2486 416 2506 ιι
430 2501 437 2511 ,
464 2480 497 2506 12
520 2481 629 2509 scinai
651 2482 858 2523 [liudaugurdjai

68 2522 118 2561 jah
130 2520 241 2556 uulpau;
267 2521 353 2550 Skeir.
369 2522 397 2556 l,
413 2530 427 2550 c
443 2525 538 2551 malum
558 2529 711 2561 gudilkai
730 2520 778 2564 jdl.
799 2520 856 2560 υξιι-

70 2569 173 2606 dufnja.

63 2624 65 2626 ·
111 2625 121 2642 ι
140 2616 184 2644 Ubi
204 2617 279 2652 plura
303 2618 430 2646 attributa
446 2621 596 2655 copulative
619 2628 665 2651 aut
685 2625 856 2655 udversative

67 2657 188 2691 connexa
202 2666 235 2692 ad
251 2665 449 2694 substantivum
465 2668 629 2704 referuntur,
645 2671 695 2700 hoc
710 2673 857 2703 substanti-

69 2716 133 2738 Vum
148 2711 299 2745 praecedunt
317 2720 323 2738 ε
345 2712 433 2741 Skeir.
447 2707 478 2747 11,
496 2715 513 2742 b
527 2715 565 2751 βο
579 2717 731 2753 vei/zonjah
746 2720 857 2750 Izimina-

71 2756 170 2785 kundon
183 2758 303 2794 gubaur];
316 2767 326 2792 ;
339 2759 372 2792 V,
387 2767 403 2788 c
418 2761 445 2787 m'
465 2761 543 2789 ibnon
563 2764 594 2790 alt
615 2766 714 2800 galeika
730 2769 856 2804 sueripa;

71 2803 119 2831 sed
134 2804 208 2832 etiam
223 2805 288 2834 ibid.
304 2806 330 2834 ni
344 2806 471 2835 ibnaleika
486 2809 592 2845 [riaIJva
605 2812 638 2839 αις
650 2814 761 2849 galeika,
779 2803 855 2844 altri-

71 2849 142 2877 butis
152 2853 289 2885 separatis.

123 2940 144 2990 ει
155 2940 297 2990 genitivus
311 2945 476 2990 subjectivus
490 2957 537 2977 seu
553 2953 655 2990 activus
671 2955 778 2990 dicitur,
796 2965 856 2986 cum

72 2976 225 3005 vocabulum
245 2980 271 3006 in
286 2976 404 3016 genitivo
417 2976 535 3018 positum

209 3039 346 3074 ΡΑτιιοι.
371 3044 486 3079 χνιιι.

543 212 588 240 DE
606 212 791 248 SUBJECTO,
808 212 1015 244 PRZEDICATO
1036 212 1079 243 ET
1098 214 1243 244 COPULA.

1643 221 1711 252 1150

963 281 972 297 ‹
991 272 1134 299 Annotatio
1150 272 1176 300 ι.
1191 288 1225 295 ρ-
1239 272 1325 300 Etiam
1347 272 1472 302 adverbia
1488 274 1547 303 loco
1561 275 1710 312 adjective-

923 325 981 344 rum
996 318 1021 345 in
1042 319 1149 346 modum
1173 318 1293 347 attributi
1317 325 1451 354 ponuntur
1463 342 1471 354 ,
1487 322 1621 357 praecipue
1640 323 1687 357 ﬁlu
1701 331 1712 351 :

921 362 986 391 Luc.
1008 372 1034 398 v,
1059 364 1075 389 6
1095 364 1208 400 galukun
1242 366 1415 401 managein
1439 366 1509 401 ﬁske.
1525 368 1609 403 filu,
1639 369 1711 404 quod

922 411 1003 438 etiam
1020 412 1188 441 substantive
1203 413 1279 441 adest
1293 423 1298 441 :
1316 414 1379 442 Luc.
1395 423 1432 447 Ix,
1446 415 1479 443 57
1493 417 1622 452 gamotida
1631 419 1712 445 immo

921 459 1111 493 manageins
1137 460 1219 495 μιν,
1243 460 1313 487 sicut
1332 465 1358 487 et
1379 460 1546 489 leitil:Titn.
1567 463 1595 495 l,
1623 471 1658 497 v,
1673 463 1710 491 25

921 503 998 530 acinis
1021 504 1085 530 lein"!
1106 504 1175 541 (οἴνῳ
1191 505 1276 542 ὀλίγῳ)
1292 506 1405 543 brukjais
1416 527 1425 540 ,
1450 508 1514 535 coll.
1531 507 1545 544 §
1559 509 1612 536 216
1628 510 1654 544 1)
1671 509 1710 545 ὑ).

921 548 949 577 Si
960 549 1047 578 Skeir.
1065 550 1106 583 lIl,
1123 553 1139 579 b
1153 553 1261 580 sinteino
1276 553 1424 589 duupeinim
1436 553 1546 590 brukjan
1557 561 1709 583 correctum

920 601 972 630 est,
989 597 1041 624 huc
1055 597 1135 625 etiam
1152 599 1323 627 referendum
1337 605 1390 634 est,
1402 601 1503 636 quippe
1513 608 1572 628 cum
1586 609 1621 630 ex
1641 609 1708 630 con-

920 647 993 670 textu
1008 644 1119 672 siuleiuo
1131 645 1165 672 ad
1181 645 1291 682 brukjan
1304 646 1399 674 referri
1414 655 1466 675 non
1483 652 1579 682 potest.

954 699 963 716 ι
977 690 1122 719 Annotatio
1136 693 1344 729 5.—Adjectiva
1354 694 1416 728 loci,
1429 697 1567 731 temporis,
1578 697 1708 732 magnitu-

919 737 1005 770 dinis,
1021 739 1211 777 multitudinis,
1227 745 1253 767 et
1264 740 1316 767 alia
1328 741 1436 775 similia,
1450 750 1526 769 more
1540 743 1662 776 classico,
1679 749 1709 772 ut

917 783 1045 811 attributa
1060 785 1235 813 substantivis
1253 786 1461 822 conjunguutur,
1479 788 1522 816 ubi
1541 789 1667 817 Germani
1681 796 1709 818 et

917 828 988 856 Galli
1007 830 1162 858 adverbium
1175 837 1336 867 usurparent
1353 833 1427 861 :Luc
1440 842 1469 867 ιι,
1484 834 1519 861 46
1533 840 1572 862 sal
1587 837 1613 862 in
1625 836 1708 863 mid-

916 875 993 909 iaim
1009 876 1089 903 laisa
1098 878 1179 912 rjum
1190 878 1228 913 (in
1243 878 1339 906 mediis
1350 879 1514 915 doctoribus,
1525 888 1707 916 germ.autem

916 921 1005 947 millen
1021 928 1106 957 unler,
1120 923 1183 958 gall.
1199 932 1232 950 au
1246 924 1332 951 milieu
1344 926 1387 953 des
1399 926 1546 962 docleurs);
1563 928 1641 955 Joan.
1659 937 1706 967 vn,

916 966 949 994 14
963 975 1012 993 ana
1028 969 1149 1002 midiai
1163 969 1247 1006 ilqu
1263 972 1361 1007 usslaig
1375 973 1442 1000 iem
1456 974 1483 1000 in
1502 973 1564 1007 alh;
1579 975 1627 1002 Mc.
1646 983 1676 1008 ιι,
1691 975 1707 1003 7

914 1019 966 1039 was
981 1021 1040 1049 mag
1054 1014 1149 1048 a/Ielan
1163 1016 1337 1050 fruimur/ilius
1356 1018 1415 1044 uilia
1427 1019 1499 1046 ains
1511 1029 1526 1055 g
1535 1020 1646 1056 αρσιἰεὶ
1660 1029 1706 1049 so-

914 1058 957 1086 lus
976 1059 1056 1093 Deus,
1070 1067 1156 1094 germ.
1174 1061 1233 1088 Gott
1247 1062 1337 1098 alleiu)
1347 1071 1356 1096 ,'
1368 1063 1434 1091 Luc.
1448 1073 1485 1099 IV,
1500 1066 1516 1092 1
1532 1067 1558 1093 m‘
1573 1067 1597 1094 bi
1613 1066 1628 1092 Ιι
1638 1068 1706 1095 luib

912 1104 1027 1132 ainaua
1042 1106 1121 1134 libaid
1142 1116 1257 1142 manna;
1274 1110 1344 1137 Tim.
1360 1110 1381 1144 l,
1396 1119 1414 1143 ι,
1431 1112 1463 1139 16
1477 1114 1504 1139 in
1524 1114 1705 1149 mis/rumi-

912 1160 924 1179 ε
933 1157 1047 1180 ιιγηιιια
1059 1154 1180 1189 alaugida
1190 1156 1257 1182 iesus
1272 1157 1327 1183 alla
1347 1157 1488 1185 usbeisneiu
1499 1167 1509 1192 ;
1522 1167 1552 1192 ιι,
1567 1160 1601 1187 15
1613 1161 1705 1188 udam

912 1198 966 1234 [ru
974 1208 997 1225 m
1006 1208 1021 1226 α
1032 1200 1158 1236 gadigmu
1170 1202 1248 1238 varp;
1255 1203 1367 1231 Philem.
1377 1204 1410 1232 15
1418 1205 1536 1241 afgafsik
1543 1207 1576 1234 (lu
1583 1208 1675 1242 we/lai,
1682 1209 1706 1236 ei

911 1247 1086 1274 aiveinana
1101 1249 1155 1275 ina
1166 1249 1320 1282 andnimais,
1332 1257 1384 1278 etc.
1397 1252 1523 1280 Attamen
1531 1254 1626 1289 legitur
1633 1257 1705 1291 apud

910 1291 976 1320 Luc.
994 1301 1052 1328 vui,
1067 1295 1082 1321 7
1102 1303 1159 1322 sum
1179 1296 1291 1331 gadraus
1305 1298 1334 1324 in
1350 1299 1512 1327 ntidamai
1535 1301 1704 1336 paurniue

912 1339 951 1375 (in
967 1341 1085 1368 medium
1100 1342 1261 1379 spinarum).
1286 1361 1292 1365 ο

949 1397 960 1413 ι
979 1388 1125 1417 Aunotatio
1138 1389 1165 1418 6.
1179 1406 1214 1411 —
1228 1392 1393 1428 Quandoque
1408 1395 1488 1422 etiam
1508 1396 1703 1426 substantivum

910 1434 1023 1463 alterius
1036 1437 1193 1465 attributum
1207 1443 1259 1472 est,
1270 1439 1340 1473 quod
1357 1445 1445 1468 tamen
1458 1444 1566 1478 proprie
1577 1444 1610 1471 ad
1622 1453 1703 1480 appo-

914 1480 1041 1509 sitionem
1055 1483 1180 1516 pertinet,
1197 1489 1225 1511 ut
1237 1484 1303 1512 Luc.
1320 1494 1356 1520 IV,
1368 1487 1404 1514 26
1418 1488 1477 1523 qino
1490 1490 1581 1518 viduvo
1595 1492 1704 1526 (mulier

915 1527 1025 1563 vidua);
1037 1528 1123 1556 Skeir.
1136 1530 1167 1564 V,
1178 1530 1195 1557 d
1206 1531 1331 1559 aiuabaur
1340 1542 1419 1561 simus
1430 1533 1511 1570 (lilius
1522 1537 1702 1574 unigenitus);

914 1574 965 1603 Me.
983 1583 1001 1609 ι,
1018 1576 1035 1604 5
1046 1577 1136 1604 iudaia
1149 1578 1229 1611 land;
1241 1578 1305 1607 Luc.
1319 1588 1360 1614 ιιι,
1377 1582 1390 1609 1
1407 1582 1623 1613 trakauneitidam
1646 1587 1703 1614 lan-

914 1622 954 1650 dis
966 1631 976 1656 ;
990 1623 1068 1652 Joan.
1087 1632 1141 1660 xu,
1162 1626 1178 1653 5
1192 1626 1282 1655 balsan
1308 1629 1422 1662 "ardua;
1437 1630 1503 1659 Luc.
1515 1639 1533 1659 ιι
1546 1653 1554 1667 ,
1569 1633 1619 1667 41,
1635 1633 1703 1670 τιυιρ

910 1670 1008 1704 pallia;

950 1726 958 1742 ι
976 1718 1121 1746 Annolatio
1136 1719 1162 1746 7.
1176 1734 1211 1740 —-
1223 1720 1271 1748 Ubi
1286 1722 1426 1758 participia
1440 1724 1561 1753 attributi
1575 1726 1647 1754 vices
1658 1734 1702 1763 ge-

911 1767 990 1796 runt,
1016 1771 1087 1799 saepe
1109 1772 1158 1799 per
1180 1766 1323 1800 particulas
1346 1769 1492 1805 relatives,
1515 1772 1703 1809 copulativas,

913 1811 1047 1844 causales,
1066 1811 1253 1847 hypotheticas
1268 1815 1309 1842 vel
1323 1818 1494 1852 temporales,
1511 1826 1538 1847 et
1552 1821 1575 1847 si
1588 1821 1642 1849 sint
1656 1830 1703 1851 nes

910 1857 998 1892 gativa
1011 1877 1019 1890 ,
1035 1865 1083 1892 per
1099 1859 1245 1893 particulas
1271 1864 1426 1898 negationes
1449 1866 1616 1896 iucludentes
1638 1876 1704 1897 con-

910 1904 979 1931 verti
991 1911 1102 1939 possunt
1112 1911 1139 1933 et
1151 1907 1176 1933 in
1190 1909 1325 1942 propriam
1339 1912 1499 1939 sententiam
1514 1913 1599 1949 redigi
1612 1924 1619 1941 :
1636 1915 1702 1945 Mth.

910 1957 974 1983 νιιι,
997 1950 1013 1977 9
1033 1951 1058 1977 ik
1081 1960 1177 1979 manna
1199 1955 1235 1980 im
1259 1954 1402 1984 Izabands
1418 1958 1473 1992 (qui
1496 1959 1588 1994 habet)
1604 1962 1637 1996 uf
1647 1963 1702 1989 val-

910 1996 1005 2031 dufnja
1024 1997 1178 2025 meinamma
1197 1999 1390 2035 gadrauhtins;
1414 2003 1479 2032 Luc.
1492 2013 1538 2039 xx,
1552 2005 1586 2034 29
1605 2015 1633 2034 σα
1646 2008 1703 2042 fru-

909 2042 984 2069 misla
999 2044 1150 2071 nimantls
1173 2053 1221 2080 qen
1244 2046 1301 2081 (qui
1313 2047 1390 2075 duxit
1411 2051 1564 2087 mulierem)
1577 2054 1702 2089 gudaup-

908 2089 979 2115 uada
995 2088 1144 2117 unbarnalu
1158 2100 1167 2123 ,-
1183 2091 1247 2118 Mtb.
1264 2100 1321 2125 vm,
1342 2094 1375 2120 10
1387 2095 1622 2132 gahausjands
1634 2088 1702 2128 iesus

908 2136 980 2171 (cum
996 2137 1073 2165 .lcsus
1087 2138 1138 2166 hoc
1152 2139 1294 2174 audiisset)
1306 2141 1490 2177 :ildaleikida;
1505 2145 1600 2174 Thess.
1615 2147 1642 2180 l,
1660 2156 1699 2182 ιιι,

908 2183 926 2211 5
940 2183 1035 2219 duppe
1047 2184 1097 2219 jah
1110 2184 1177 2220 ikju
1190 2186 1216 2212 ni
1241 2185 1433 2221 uapulaua‘s
1458 2189 1529 2225 (quia
1550 2199 1604 2219 non
1620 2194 1701 2221 susti-

908 2230 971 2263 neo)
985 2230 1124 2256 insundida
1150 2231 1185 2257 du
1199 2231 1331 2266 uﬂmnnmt
1346 2232 1484 2267 galaubein
1498 2237 1605 2271 izvara;
1620 2239 1699 2267 Rom.

907 2282 956 2309 vu,
972 2275 989 2302 5
999 2275 1073 2311 jnbai
1088 2276 1213 2312 gasvilli];
1227 2279 1281 2304 vair
1294 2299 1301 2310 ,
1325 2287 1384 2313 qens
1400 2281 1462 2316 [νῆα
1474 2283 1506 2308 ist
1519 2282 1564 2318 ῥίς
1585 2285 1678 2312 vitellis
1692 2307 1699 2318 ,

909 2322 932 2349 ei
947 2323 975 2348 m'
988 2322 1050 2357 sijai
1061 2322 1213 2350 horinoudei
1228 2324 1391 2361 vaurpana
1406 2327 1440 2361 (si
1452 2327 1521 2356 facta
1534 2330 1626 2365 fuerit)
1639 2332 1699 2359 abin

910 2367 1103 2403 anparamma;
1128 2369 1193 2397 Luc.
1215 2378 1280 2398 xvnt
1293 2392 1301 2404 ,
1324 2372 1339 2398 7
1357 2373 1414 2409 gul)
1429 2375 1474 2402 niu
1493 2377 1607 2411 gnvrikai
1630 2377 1700 2413 [mus

910 2415 1063 2450 gavalidans
1076 2414 1178 2442 acinanx
1188 2416 1258 2452 Imus
1277 2425 1312 2445 vo
1320 2419 1357 2454 pf
1367 2427 1381 2445 ιι
1389 2428 1403 2446 ιι
1411 2421 1448 2448 da
1456 2430 1490 2448 ηε
1502 2423 1633 2457 (quamvis
1647 2426 1701 2451 cla-

912 2464 998 2493 ment,
1012 2461 1053 2487 vel
1065 2462 1110 2495 qui
1122 2462 1249 2498 clamant)
1265 2465 1300 2491 du
1310 2465 1346 2492 sis
1361 2465 1453 2501 dagam
1460 2468 1510 2503 jah
1523 2470 1627 2496 nuhlam
1638 2478 1649 2503 ;
1662 2479 1700 2505 iv,

909 2505 945 2534 55
957 2515 985 2533 sa
998 2507 1119 2543 unhulpa
1141 2517 1239 2537 urrmm
1253 2512 1285 2546 af
1303 2512 1381 2539 imma
1396 2514 1423 2540 m'
1437 2514 1534 2542 vui/ttat"
1552 2517 1632 2551 gask
1640 2517 1700 2552 a1)-

904 2551 1004 2585 jands
1020 2552 1082 2586 (nec
1103 2553 1140 2581 illi
1161 2555 1270 2588 nocuit,
1291 2556 1354 2590 gall.
1371 2566 1430 2584 suns
1443 2559 1483 2586 lui
1501 2560 1567 2595 faire
1581 2562 1613 2590 de
1633 2551 1699 2601 mal)

907 2602 995 2623 tmma.
1016 2605 1026 2622 D

947 2642 961 2678 §
977 2642 1040 2670 216.
1058 2643 1087 2671 ll.
1105 2643 1259 2680 GENITIVUS,
1273 2652 1300 2675 et
1313 2650 1436 2684 equidem

946 2688 973 2723 1)
986 2688 1115 2718 Geniliuus
1126 2692 1278 2727 subjectivus
1295 2695 1302 2710 ¹

946 2735 973 2770 a)
988 2736 1038 2770 Qui
1053 2737 1194 2773 originem,
1209 2747 1328 2775 causam,
1344 2744 1491 2777 proximam
1504 2747 1529 2774 in
1541 2755 1638 2783 genere
1652 2751 1699 2780 de-

911 2784 1128 2813 terminationem
1142 2806 1149 2820 ,
1165 2795 1361 2825 possessorem,
1386 2797 1521 2823 auctorem
1534 2816 1542 2829 ,
1557 2801 1609 2825 etc.
1623 2799 1699 2827 exhi-

896 2830 966 2877 ‘bet,
983 2836 1012 2858 ut
1023 2832 1087 2860 Luc.
1108 2840 1146 2867 tv,
1162 2834 1177 2861 1
1194 2836 1275 2862 vaurd
1296 2838 1385 2874 gups;
1401 2847 1439 2874 ιιι,
1457 2842 1472 2869 6
1489 2845 1592 2872 naseius
1606 2846 1699 2882 gulu;

911 2886 965 2911 xiv,
981 2880 1012 2907 17
1032 2881 1108 2909 ὺοΙςοι
1122 2882 1249 2917 csaeiius;
1265 2892 1308 2912 xix
1322 2906 1330 2919 ,
1345 2886 1380 2914 50
1398 2888 1455 2921 [uia
1476 2890 1593 2925 miluus;
1608 2880 1651 2925 tu,
1664 2894 1697 2921 21

912 2955 1138 3010 Ῥιιξξᾼνριξξιὺιιιιο
1163 2972 1283 3010 regente
1304 2976 1447 3010 expressas,
1466 2980 1512 3010 ex.
1523 2981 1563 3007 gr.
1587 2983 1593 3001 ε
1610 2977 1698 3010 provi-

912 2999 1003 3027 dentia
1019 3000 1075 3035 Dei,
1091 3001 1115 3029 id
1130 3007 1181 3037 est,
1198 2999 1247 3038 qua
1267 2999 1479 3035 υειιέυιογὶαὲιξ
1492 2999 1607 3045 nilei-pl.

1412 3068 1449 3099 36

23 3231 1253 3360 '—
