3844 6498
78 368 234 424 1141
1525 352 1612 410 DE
1650 349 1724 407 οι

1822 349 1972 408 CTO.
2869 393 2874 404 ι
3225 355 3362 414 1142

79 493 151 541 ut
190 484 527 554 interrogare
553 477 782 548 aliquem
807 471 874 529 de
896 471 1075 543 aliquo
1107 470 1322 542 (genit.)
1349 468 1453 526 Mc.
1476 483 1548 535 tv,
1584 468 1680 534 10;
1797 481 1896 533 na;
1923 474 2177 524 caeterum
2215 466 2266 523 in
2291 465 2505 539 gothica
2531 465 2709 538 lingua
2738 482 2848 534 non
2890 485 3060 542 pauca
3080 485 3372 548 supersunt

82 577 340 648 aliquem
367 585 660 629 memorem
682 568 858 624 facere
877 565 944 621 de
961 565 1142 636 aliquo
1165 563 1381 637 (genit.)
1401 562 1555 619 Joan.
1574 576 1687 626 stv,
1792 558 2037 627 vestigia,
2063 574 2128 612 ex
2154 557 2603 628 quibus'dstivum
2645 567 2700 618 et
2729 563 3092 646 accusativum
3127 573 3187 622 ut
3215 579 3374 628 casus

81 669 202 734 26;
229 665 486 724 obtestari
510 664 740 732 aliquem
769 660 840 716 ob
863 660 940 732 (in
963 673 1086 715 cum
1109 657 1218 714 dat.
1242 658 1327 712 vel
1348 657 1397 712 bi
1414 671 1534 713 cum
1551 653 1689 723 dat.)
1793 651 2000 708 directa
2031 651 2116 710 vel
2153 651 2414 710 indireeta
2453 653 2682 710 actionis
2729 654 2936 725 objecta
2972 657 3371 728 signiﬁcantes,

84 762 304 818 Thess.
335 758 373 826 1,
406 774 458 823 v,
485 757 577 821 27,
601 765 704 812 etc.
1796 754 2039 814 spectare
2065 745 2210 813 licet,
2242 761 2436 817 nempe
2458 747 2651 817 partim
2681 747 2784 806 sob
2804 761 3050 820 respectu
3072 751 3275 820 tog-mag,
3306 767 3376 816 οι

179 856 243 910 In
282 855 398 909 loco
424 852 527 908 Mc.
558 866 653 916 xu,
678 849 713 906 4
743 848 898 904 houbi
899 846 943 920 1)
974 845 1181 902 uundan
1221 843 1501 900 brahtedun
1537 855 1694 898 cons-

91 947 313 1004 tructio
339 954 393 999 ut
417 945 682 1014 objeetum
709 951 927 1014 propter
962 939 1166 996 vundan
1205 937 1460 994 sumenda
1488 949 1540 991 et
1568 936 1696 992 hau-

92 1039 206 1112 bip
229 1039 408 1109 capite
434 1037 580 1108 (gall.
603 1036 634 1090 si
655 1034 709 1089 la
731 1034 850 1104 téte)
879 1032 1153 1098 vertenda,
1177 1030 1300 1086 licet
1318 1029 1696 1086 eonsonantica

93 1133 290 1192 forma
316 1131 462 1188 verbi
487 1131 694 1185 vuudan
721 1128 806 1184 hic
835 1127 1054 1183 difﬁcile
1079 1125 1331 1194 explicari
1371 1124 1541 1196 possit
1572 1122 1699 1196 (lle-

94 1225 261 1282 liand
310 1223 444 1288 H9,
490 1223 518 1278 1
561 1221 726 1284 dixit.
765 1234 915 1277 more
943 1216 1261 1273 Germanico
1294 1232 1307 1270 :
1347 1215 1410 1270 Ite
1438 1215 1576 1268 ward
1619 1230 1700 1268 an

98 1327 124 1374 s
142 1319 258 1370 Itat
299 1313 498 1370 ltobid
537 1312 725 1382 vund);
758 1319 1012 1367 caeterum
1047 1309 1384 1366 accusativus
1410 1307 1606 1379 haubip
1632 1323 1700 1366 ex

96 1411 274 1476 locis,
295 1408 382 1464 ubi
408 1407 741 1463 accusativus
761 1404 1089 1462 construitur
1113 1418 1233 1459 cum
1252 1401 1628 1473 passivis,qute
1648 1400 1702 1458 in

97 1506 296 1565 activo
319 1501 677 1559 accusativum
699 1506 910 1570 regunt,
935 1497 1284 1554 illustrandus
1307 1505 1424 1553 est:
1450 1495 1604 1551 Joan.
1623 1510 1698 1563 ιι,

99 1599 185 1654 44
212 1615 406 1654 nrratm
427 1614 486 1652 stt
506 1594 688 1669 daupa
707 1595 1004 1668 gsbundans
1032 1593 1327 1650 [tandum
1346 1591 1445 1665 jalt
1475 1592 1704 1662 fatuus

101 1692 376 1764 faskjam;
403 1689 539 1760 Eph.
572 1705 643 1754 vt,
677 1687 742 1744 14
778 1684 1028 1757 standaip
1060 1683 1409 1758 ufgaurdanai
1468 1681 1706 1752 hupitts

100 1786 356 1839 mare»:
391 1782 592 1853 sunjai,
635 1779 1088 1850 quemadmodum
1126 1777 1431 1847 germanice
1469 1774 1701 1832 dicitur:

101 1880 205 1934 die
235 1878 418 1937 "(inde
456 1877 562 1931 and
611 1875 773 1930 Frisse
799 1876 1090 1944 gebundcn,
1119 1874 1204 1928 die
1235 1871 1428 1942 Ηᾶμοιι
1458 1874 1704 1942 gegtirtet,

101 1984 177 2030 et
198 1973 428 2042 gallice:
459 1971 600 2042 pieds
629 1979 676 2025 et
712 1971 880 2024 strains
917 1969 1041 2035 liés,
1083 1967 1154 2022 les
1181 1967 1315 2022 reias
1341 1965 1526 2030 ceinls,
1577 1963 1706 2020 coll.

109 2066 259 2121 Luc.
285 2080 356 2130 tv,
383 2065 446 2119 18
470 2063 612 2117 blind
633 2067 816 2128 sistit;
839 2060 976 2116 Phil.
996 2075 1072 2126 ιιι,
1091 2059 1124 2116 5
1152 2059 1373 2116 biotait
1399 2057 1704 2128 ahtaudogs.

107 2159 318 2214 Grateo
359 2167 534 2212 autem
577 2155 796 2211 omnino
831 2153 1077 2222 congruit
1131 2151 1257 2208 Cor.
1288 2150 1363 2218 ll,
1403 2166 1482 2217 ttt,
1527 2150 1590 2206 18
1617 2148 1708 2220 ῥυ

107 2268 139 2306 s
157 2266 259 2304 arts
275 2265 305 2304 ο
320 2267 352 2304 n
391 2247 626 2318 {risaltt
667 2246 1046 2317 iugaleiltouda.

199 2361 222 2395 ι
241 2341 528 2400 Aunotatio
548 2340 602 2394 4.
623 2370 693 2380 -
717 2338 821 2395 Sed
862 2338 948 2394 bic
966 2336 1127 2415 etiam
1153 2335 1379 2392 modalis
1410 2345 1519 2392 tum
1553 2349 1712 2392 usur-

111 2445 306 2510 pstor,
324 2435 430 2491 vid.
458 2434 632 2507 §945,
652 2444 762 2490 tum
793 2431 1121 2490 constructio
1151 2439 1383 2486 mutatur
1416 2449 1428 2484 :
1460 2429 1576 2486 Gal.
1597 2445 1653 2494 tt,
1678 2429 1711 2483 Ἰ

123 2535 486 2600 πεπίστευμαι
513 2527 573 2583 τὸ
598 2527 881 2600 εὐαγγέλιον
909 2525 1121 2595 gothice
1157 2524 1460 2594 gatrauaida
1486 2539 1570 2578 uas
1619 2522 1714 2581 mis

114 2624 418 2697 aisaggeljo
448 2623 732 2695 (creditum
759 2623 858 2678 fuit
884 2621 1016 2678 mihi
1040 2622 1418 2692 evangelium),
1454 2621 1579 2676 item
1604 2618 1709 2676 Tit.

115 2733 165 2784 1,
199 2719 232 2772 3
256 2733 273 2783 ;
305 2716 387 2772 vel
415 2716 554 2771 Tim.
578 2715 620 2784 I,
649 2730 722 2782 Iv,
747 2717 782 2770 2
805 2717 1251 2792 κικαυτηρισμίνοι
1278 2720 1368 2776 τήν
1395 2712 1524 2770 ἰδίαν
1551 2717 1716 2774 συνεί·

117 2810 279 2870 δησιν
311 2809 519 2878 gotltice
549 2809 830 2880 galamlt'da
859 2808 1158 2863 habundans
1183 2823 1326 2862 svesa
1351 2805 1708 2878 mipvisseina

203 2905 232 2976 §
261 2904 388 2959 ‘22].
421 2904 728 2959 Accusativi
767 2903 1015 2958 absoluto
1042 2903 1202 2958 modo
1235 2901 1544 2972 frequenter
1572 2900 1720 2970 equi-

120 2997 256 3053 dem
286 3004 694 3061 construuntur,
727 2996 822 3052 sed
861 2995 976 3051 sola
1004 2992 1397 3066 pronominalia
1441 3000 1630 3050 neultra
1661 2996 1718 3046 ut

124 3091 270 3146 tales
307 3089 601 3146 accusativi
646 3096 976 3144 occurrunt:
1009 3088 1135 3143 Cor.
1162 3086 1182 3142 Ι
1202 3127 1218 3154 ,
1267 3102 1322 3153 x,
1353 3085 1420 3140 55
1448 3084 1501 3140 il;
1537 3083 1717 3142 allaim

125 3184 224 3239 all
250 3183 443 3256 (πάντα
470 3162 522 3238 ui
549 3178 821 3250 omnibus)
847 3178 1014 3244 leilta;
1047 3178 1185 3248 Eph.
1231 3194 1304 3243 tv,
1337 3178 1401 3233 ts
1430 3177 1719 3249 voltsjaima

125 3279 191 3331 in
228 3279 322 3330 ina
371 3273 458 3346 [to
503 3274 649 3329 alla
693 3273 801 3344 (τά
824 3273 1062 3340 alma);
1107 3272 1228 3330 Cor.
1276 3270 1342 3337 ll,
1383 3285 1476 3336 ιιι,
1524 3269 1720 3324 18ῑὺαὶ

127 3387 226 3424 rea
274 3369 367 3436 (τι
415 3365 660 3438 aliquid)
701 3364 966 3433 bifailtoda
1023 3364 1143 3417 izvis
1194 3362 1384 3418 (citus?
1428 3361 1567 3416 Titn.
1605 3360 1644 3426 Ι,
1678 3375 1717 3425 ι,

133 3462 238 3526 10;
264 3458 380 3515 Gal.
413 3474 488 3525 tv,
509 3459 576 3514 12
605 3458 656 3512 m'
686 3457 863 3512 vaiht
890 3457 984 3510 mis
1010 3452 1314 3526 gaskopup.
1345 3453 1456 3510 lluc
1490 3452 1722 3521 pertinet

133 3551 579 3622 interrogativum
637 3567 714 3605 uta
762 3548 903 3620 (τί)
948 3547 1116 3615 quid?
1164 3547 1294 3602 Μιιι.
1343 3561 1412 3613 vt,
1445 3544 1553 3610 28;
1604 3559 1717 3613 vttt,

133 3647 233 3713 26,
265 3654 407 3710 etc.;
441 3644 658 3713 insuper
687 3642 822 3714 pata
855 3641 1030 3712 auImr
1060 3641 1078 3710 (
1103 3641 1158 3694 τὸ
1185 3640 1355 3705 λοιπόν
1385 3637 1403 3709 )
1431 3647 1682 3692 cmterum
1703 3676 1718 3701 ,

136 3741 211 3795 de
240 3749 437 3794 caetero
465 3737 590 3794 Cor.
622 3738 670 3802 l,
703 3753 756 3802 ι,
783 3735 883 3800 16;
916 3735 989 3803 ιι,
1020 3750 1112 3790 xm
1135 3776 1148 3800 ,
1187 3733 1273 3800 11,
1307 3742 1434 3797 etc.;
1468 3731 1601 3804 [mla
1629 3748 1726 3785 au-

134 3831 374 3904 domipo
397 3829 814 3902 (tadum-riovjin
845 3828 1072 3884 adverso
1101 3826 1224 3882 Cor.
1257 3827 1321 3893 ll,
1365 3842 1422 3894 tt,
1455 3825 1506 3880 7.
1540 3825 1721 3892 Quan-

135 3927 320 3998 doque
363 3925 522 3979 ctiaut
569 3923 690 3979 loco
731 3920 1022 3976 accusativi
1066 3919 1296 3974 absoluti
1344 3916 1628 3972 adhibetur
1668 3918 1726 3971 "in

135 4034 266 4075 cum
319 4017 497 4072 dativo
543 4033 556 4071 :
600 4014 736 4084 Eph.
794 4029 868 4083 v1,
933 4013 1000 4068 15
1049 4011 1248 4084 maguI)
1301 4011 1366 4064 in
1415 4009 1726 4068 allautnta

137 4115 160 4183 (
180 4111 390 4179 πάντα)
421 4106 864 4179 usvaurkjandans
888 4105 1142 4169 standan;
1167 4104 1248 4158 vel
1279 4103 1485 4156 dativus
1503 4100 1682 4170 simpl.
1708 4116 1722 4154 :

141 4202 277 4258 Luc.
308 4216 384 4268 tv,
409 4199 480 4254 25
515 4200 570 4254 ni
613 4197 876 4252 vaihtai
914 4195 1269 4269 gaskapjands
1296 4197 1472 4250 imma.

219 4292 402 4366 §922.
455 4292 532 4348 De
585 4291 888 4348 accusativo
953 4288 1039 4345 tad
1091 4287 1498 4348 determinanda
1538 4287 1724 4355 locum,

141 4399 343 4455 tempus
368 4393 424 4441 et
450 4383 676 4454 modum,
709 4382 816 4438 vid.
851 4380 911 4453 ἐξ
938 4381 1064 4446 246,
1093 4380 1218 4448 249,
1247 4379 1372 4441 250.

723 4496 790 4556 B.
838 4496 1141 4561 DATIVUS.

147 4623 376 4700 {Silbcr,
419 4621 642 4680 γεγευοή
675 4621 1279 4766 ϋὸενῶἒηωᾳῖὲιιῖεειιεη
1321 4621 1492 4678 Dativ.
1532 4621 1731 4676 Namn-

819 4710 911 4764 urg
937 4710 1091 4749 toto.

221 4787 405 4862 5225.
451 4787 503 4844 In
529 4788 770 4859 ‘quonam
817 4795 1068 4855 respectu
1113 4785 1222 4842 duo
1251 4787 1460 4857 objecta
1493 4787 1730 4844 exterius

150 4891 208 4940 et
255 4880 472 4938 fortuito
537 4889 966 4948 connectantur,
1034 4895 1244 4936 necnon
1296 4889 1353 4937 et
1398 4882 1450 4936 In
1499 4895 1730 4951 quanam

151 4977 430 5050 proximite
459 4975 720 5032 relatione
767 4975 1066 5046 subjectum
1113 4975 1414 5030 inveniatur
1462 4976 1544 5032 vel
1575 4977 1727 5033 iuve-

154 5070 258 5126 niri
285 5067 497 5124 studeat
523 5111 536 5134 ,
579 5079 740 5140 atque
767 5069 928 5124 etiam
961 5067 1230 5140 quodnam
1261 5069 1594 5126 efﬁcacitatis
1619 5087 1732 5128 suae

151 5163 423 5232 objectum
467 5160 728 5216 indirecte
774 5160 965 5216 habeat
1003 5161 1088 5216 vel
1125 5159 1324 5217 habere
1364 5163 1576 5234 cupiat,
1625 5165 1732 5220 imo

153 5269 387 5328 quonam
411 5252 624 5325 objecto
650 5252 851 5308 directe
872 5253 1100 5323 gaudeat
1124 5252 1209 5308 vel
1235 5252 1468 5324 gaudere
1495 5255 1727 5324 studeat,

157 5347 277 5405 hrcc
303 5350 479 5405 omnia
504 5349 738 5404 DATIVUS
764 5346 1052 5418 signiﬁcat;
1079 5345 1240 5418 igitur
1264 5355 1318 5402 et
1345 5349 1526 5418 paucis
1553 5349 1733 5406 verbis

155 5445 388 5502 duorum
439 5441 776 5515 objectorum
828 5439 1138 5510 proximitas
1189 5446 1350 5509 atque
1408 5440 1733 5508 pertinentia

152 5537 503 5608 simultauea,
535 5545 589 5593 et
619 5533 834 5589 fortuita
861 5575 876 5594 ,
911 5531 1052 5587 unde
1101 5531 1391 5586 relationes
1441 5533 1631 5602 partim
1661 5533 1736 5590 si-

157 5631 475 5690 militudinis
499 5637 555 5686 et
582 5625 980 5684 communitatis
1002 5670 1015 5696 ,
1047 5624 1238 5696 partim
1261 5625 1650 5696 superioritatis
1679 5637 1738 5686 et

157 5722 530 5784 iuierioritatis
581 5723 866 5791 oriuntur,
911 5719 1140 5791 denique
1191 5718 1380 5776 relatio
1418 5720 1613 5791 objecti
1667 5723 1735 5781 ad

162 5816 386 5876 eﬂ‘ectus
415 5813 619 5885 agentis
649 5813 827 5869 dativo
855 5827 982 5868 casu
1022 5813 1410 5884 exprimuntur.
1444 5813 1614 5872 Porro
1643 5815 1740 5874 0b-

162 5913 364 5995 jectutn
395 5907 537 5980 quod
565 5907 778 5964 dativus
801 5904 1077 5980 exprimit,
1105 5906 1420 5980 plerumque
1440 5917 1523 5965 est
1549 5925 1737 5983 perso-

1799 836 2032 906 eoquod
2079 851 2165 892 ex.
2215 852 2296 907 gr.
2331 837 2607 909 utriusque
2645 853 2802 896 casus
2851 839 3039 900 format
3083 842 3137 898 in
3183 844 3376 913 plurali

1801 928 2136 998 pronominis
2177 930 2494 986 substantivi
2526 931 2714 1003 (izvis,
2747 949 2859 1000 ams,
2892 934 3077 1003 uusis)
3122 944 3279 1004 atque
3325 937 3379 990 in

1798 1021 2057 1091 singulari
2080 1022 2461 1078 anomalcrum
2489 1025 2739 1081 vocalicae
2779 1025 2870 1096 (ἓξ
2898 1024 2986 1092 86,
3019 1027 3085 1080 87
3108 1026 3126 1095 )
3148 1035 3201 1082 et
3230 1025 3382 1081 femi:

1803 1113 2052 1170 uiuorum
2106 1117 2500 1173 consonantiae
2549 1116 2919 1178 declinationis
2973 1117 3078 1192 (ἐξ
3127 1117 3216 1185 91,
3265 1117 3383 1188 9'2)

1801 1205 2005 1261 eaedem
2039 1206 2148 1260 sint
2172 1215 2225 1260 et
2256 1207 2307 1260 in
2342 1207 2495 1262 tertia
2539 1210 2773 1264 vocaliea
2816 1209 3172 1264 declinatione
3219 1209 3274 1263 in
3313 1225 3381 1270 an

1803 1307 1858 1356 et
1884 1315 1918 1354 ιι
1948 1299 2255 1372 promiscue
2288 1299 2547 1369 incipiant
2570 1300 2719 1372 (coll.
2754 1301 2782 1372 ἓ
2809 1301 2899 1365 29,
2934 1301 3016 1371 5);
3066 1299 3255 1371 partim
3285 1299 3385 1355 sub

1805 1404 2054 1465 respectu
2085 1394 2521 1466 signiﬁcationis,
2563 1411 2629 1450 ex
2658 1411 2724 1450 eo
2771 1396 2913 1466 quod
2957 1396 3185 1466 plurima
3216 1395 3386 1450 verba

1803 1484 2121 1544 alterutrum
2153 1501 2335 1542 casum
2377 1500 2499 1546 cum
2529 1485 2715 1542 eadem
2758 1488 3146 1562 signiﬁcatione
3194 1501 3386 1558 regere

1806 1579 2031 1652 possint.

1881 1692 2148 1765 5224.1)
2189 1693 2306 1760 Quo
2342 1695 2675 1766 corporalior
2717 1703 2802 1752 est
2850 1698 3083 1767 relatio,
3129 1713 3194 1754 eo
3223 1700 3391 1770 magis

1807 1787 2029 1843 verbum
2069 1787 2310 1844 dativum
2344 1803 2534 1858 regens
2578 1788 2780 1859 aliquid
2824 1799 3108 1846 externum
3143 1791 3390 1859 indicat:

1807 1881 1983 1952 primo
2036 1897 2145 1936 sves
2190 1882 2639 1952 visanpertinere
2665 1922 2681 1948 ,
2729 1883 3001 1951 proprium
3033 1899 3151 1940 esse
3189 1884 3392 1956 (Skeir.

1809 1977 1874 2044 ll,
1902 1976 1958 2050 d)
1980 1977 2102 2033 dein
2129 1978 2248 2034 ibna
2273 1979 2418 2031 visau
2438 1961 2667 2032 siinilem
2685 1990 2805 2032 esse
2833 1977 3095 2047 (Luc.xx,
3116 1978 3184 2034 56
3211 1981 3394 2036 ibnans

1810 2072 2106 2144 uggilum
2150 2071 2268 2125 sind
2291 2071 2332 2140 ),
2365 2071 2606 2142 guibnjan
2632 2071 2932 2126 assimilare
2975 2071 3147 2142 (Luc.
3180 2070 3288 2138 ittx,
3325 2073 3395 2134 44

1809 2163 2040 2235 αἱνραί
2083 2163 2197 2235 ιηιᾶ
2246 2163 2528 2235 gaibnjand
2550 2164 2601 2232 )‘;
2634 2161 2824 2235 galcilts
2852 2164 2993 2218 visan
3024 2164 3252 2220 similem
3275 2177 3396 2227 esse

1812 2258 1830 2320 ί
1856 2257 2030 2314 Skeir.
2059 2257 2100 2323 Ι,
2129 2273 2159 2312 a
2190 2258 2242 2311 ni
2271 2256 2413 2312 ibm‘lt
2446 2256 2632 2327 galeiks
2663 2257 2873 2312 unsorai
2903 2260 3096 2330 garai
3115 2257 3298 2316 htein
3333 2258 3396 2312 αι

1809 2353 1940 2407 silba
1994 2351 2244 2420 garailttei
2272 2351 2404 2420 vas),
2454 2350 2683 2421 galeikon
2723 2350 3061 2407 conl‘ormare
3093 2351 3271 2422 (Rom.
3300 2367 3395 2418 stt,

1811 2446 1847 2500 2
1872 2447 1926 2499 ui
1967 2443 2209 2518 galeikop
2253 2445 2377 2497 izvis
2406 2443 2622 2515 pamma
2655 2443 2862 2516 aiva),
2889 2458 3202 2513 comparare
3233 2443 3392 2514 (Mth.

1813 2555 1910 2607 vn,
1933 2540 2004 2595 94
2030 2541 2228 2613 galeiko
2252 2544 2342 2596 ina
2379 2559 2408 2597 υ
2427 2543 2487 2597 ai
2505 2560 2576 2597 ra
2615 2543 2903 2613 frodamma
2932 2542 2974 2612 ),
3004 2542 3199 2597 imitari
3227 2541 3394 2612 (Mth.

1813 2647 1896 2697 v1,
1938 2633 1970 2687 8
1999 2633 2050 2686 ni
2093 2633 2334 2705 galeikop
2373 2632 2624 2705 paim);
2658 2635 2970 2688 ibnaskauns
3003 2636 3396 2692 conformatum

1817 2723 1835 2794 (
1865 2722 2002 2778 Phil.
2036 2738 2114 2789 ιιι,
2142 2723 2208 2777 91
2241 2726 2533 2797 innraideip
2567 2725 2696 2780 leika
2741 2726 3044 2780 hauncinais
3098 2726 3396 2786 unsaraisos

1814 2817 1887 2870 du
1919 2815 2395 2889 ibuaskauujamma
2423 2818 2592 2872 leilm
2621 2817 2845 2890 ισιιιραιη
2873 2817 3023 2872 seinis
3045 2819 3100 2887 );
3133 2817 3236 2872 huc
3277 2831 3396 2886 pera

1817 2912 1948 2968 tinet
1994 2910 2152 2964 etiam
2186 2926 2243 2964 sa
2274 2926 2418 2964 sama
2463 2910 2634 2978 sicut,
2684 2909 3130 2981 quemadmodum
3162 2907 3318 2977 (Cor.
3349 2907 3392 2973 Ι,

1819 3023 1891 3072 tu,
1921 3007 1954 3061 5
1978 3007 2063 3060 ain
2085 3003 2260 3076 ἰαί]αὴ
2291 3003 2418 3076 pata
2439 3020 2579 3058 samo
2615 3002 2806 3075 ρειαί
2845 3002 3251 3057 biskabanon
3281 3000 3326 3072 ),'

1889 3098 2133 3154 Gamains
2173 3096 2398 3168 vairpau
2445 3096 2759 3167 participem
2800 3096 2913 3152 ﬁeri
2949 3098 2968 3165 (
2991 3095 3148 3151 Rom.
3194 3110 3284 3160 st,
3329 3093 3396 3148 17

1817 3194 2051 3266 gamains
2108 3191 2256 3263 pizai
2309 3192 2613 3246 vanrtsai
2675 3191 2775 3262 jah
2831 3191 3166 3262 smairpra
3226 3189 3396 3245 alwa-

1818 3287 2010 3358 bagmis
2040 3287 2234 3353 varst),
2278 3285 2575 3356 gamainjan
2607 3284 2925 3354 participare
2954 3283 3112 3355 (Cor.
3152 3282 3192 3350 Ι,
3228 3298 3294 3350 x,
3327 3282 3395 3338 18

1819 3386 1907 3438 niu
1939 3384 2034 3456 [)ai
2061 3380 2392 3454 matjaudans
2418 3380 2604 3434 huusla
2642 3379 3073 3450 gamainjandans
3103 3377 3396 3434 Iturtslas-

1820 3479 1964 3534 tada
1986 3479 2101 3533 sind
2125 3477 2177 3548 );
2207 3477 2466 3548 gamotjan
2493 3489 2774 3530 occurrere
2796 3473 2947 3544 (Mtb.
2976 3481 3090 3540 vt‘tt,
3119 3473 3210 3538 ‘28,
3240 3470 3396 3542 etc.),

1819 3572 2146 3643 afarluistjan
2185 3570 2334 3639 sequi
2362 3568 2527 3634 (Luc.
2572 3583 2664 3631 vn,
2695 3567 2763 3633 9;
2794 3583 2845 3635 ι,
2874 3569 2935 3631 5;
2966 3567 3104 3623 Tim.
3135 3567 3171 3632 1,
3207 3581 3260 3632 v,
3295 3566 3397 3630 10,

1821 3666 1946 3720 dum
1978 3664 2186 3733 laistjan
2213 3671 2268 3718 et
2296 3663 2573 3734 galaistjan
2621 3662 2982 3716 accusativum
3034 3669 3245 3730 regunt,
3285 3659 3397 3716 vitl.

1824 3757 1852 3828 §
1883 3757 2008 3821 919,
2046 3756 2098 3826 1)
2131 3763 2177 3825 c)
2211 3755 2293 3826 bb)
2323 3756 2414 3828 ﬂ);
2453 3755 2658 3826 Itaftjan
2682 3754 2958 3808 aditmrere
2991 3752 3187 3822 (Rom.
3213 3767 3285 3806 xtl
3306 3793 3318 3814 ,
3343 3752 3400 3816 9,

1825 3850 1932 3915 {2;
1985 3848 2123 3903 Tim.
2169 3845 2206 3911 Ι,
2240 3861 2320 3911 ιιι,
2345 3844 2441 3915 8),
2469 3846 2738 3916 galtaftjan
2759 3845 2835 3898 sik
2864 3844 2992 3899 dare
3032 3859 3090 3899 se
3125 3843 3276 3913 (Luc.
3310 3858 3398 3910 xv,

1825 3942 1892 3996 15
1930 3938 2198 4013 galtaftida
2238 3937 2314 3991 sik
2367 3938 2428 3990 ai
2443 3953 2686 3992 namma
2732 3937 3010 4007 baurgjane
3039 3934 3079 4005 ),
3117 3935 3400 4007 gahaftnau

1827 4032 2102 4087 adluerere
2135 4030 2298 4100 (Luc.
2328 4045 2381 4096 ι,
2413 4030 2526 4101 11),
2556 4030 2790 4086 audtilon
2814 4029 3090 4084 adhaerere
3116 4027 3266 4099 (Luc.
3293 4042 3402 4094 xvt,

1827 4130 1957 4198 15),
2003 4143 2078 4188 se
2110 4126 2517 4185 accommodare
2562 4128 2580 4200 (
2605 4127 2778 4184 Skeir.
2805 4126 2914 4195 VII,
2946 4142 2976 4182 a
3004 4126 3060 4198 );
3102 4125 3403 4196 gabundans

1826 4221 1972 4274 cisan
1993 4221 2244 4291 conjungi
2276 4220 2424 4289 (Cor.
2456 4220 2499 4288 l,
2529 4234 2622 4286 vn,
2649 4221 2754 4285 27;
2803 4219 2960 4275 Rom.
2987 4234 3080 4285 vtt,
3113 4218 3194 4289 2),
3217 4217 3407 4288 gavad-

1818 4315 1917 4386 jon
1958 4312 2297 4384 despondere
2339 4311 2507 4387 (Cor.
2547 4313 2614 4381 ll,
2649 4330 2720 4378 χι,
2756 4313 2856 4386 2),
2907 4314 3081 4385 liugan
3120 4312 3173 4367 in
3206 4311 3411 4379 medio,

1827 4405 2053 4472 nubere,
2084 4404 2152 4460 de
2185 4404 2409 4461 muliere
2438 4404 2563 4476 (Mc.
2597 4420 2654 4468 ι,
2685 4403 2774 4469 12,
2807 4413 2934 4468 etc.,
2962 4403 2990 4475 δ
3021 4402 3233 4473 178,1),
3264 4403 3407 4458 blatt-

1829 4495 1934 4552 dan
1972 4497 2322 4552 commiscere
2351 4493 2512 4566 (Cor.
2545 4495 2588 4563 l,
2616 4509 2672 4562 ν,
2714 4495 2748 4556 9
2774 4496 2826 4550 ni
2858 4493 3109 4566 blandaip
3137 4495 3260 4549 izvis
3307 4494 3410 4564 Ιιςο-

1828 4605 1955 4644 ram
1982 4589 2033 4660 ),
2084 4589 2368 4660 galtorinon
2405 4588 2814 4646 mmebari-cum
2848 4589 3012 4656 (Mth.
3047 4603 3100 4653 v,
3130 4585 3201 4642 ιε
3235 4583 3409 4641 waznlt

1829 4685 1933 4738 saei
1962 4683 2148 4755 saluti};
2169 4685 2323 4754 qinon
2352 4684 2420 4739 du
2442 4682 2610 4739 luston
2635 4684 2740 4738 isos
2783 4684 2846 4754 ja
2865 4679 3186 4752 galtort'noda
3217 4681 3280 4735 iz
3299 4678 3408 4751 ai).

1831 4778 1961 4833 item
1991 4776 2043 4831 iu
2073 4793 2233 4833 sensu
2273 4777 2544 4833 contrario
2577 4794 2589 4830 :
2617 4775 2902 4848 'galausips
2950 4777 3091 4830 uisan
3131 4775 3410 4845 separari,

1829 4871 1960 4926 solvi
1990 4871 2134 4942 (Cor.
2170 4870 2213 4937 l,
2242 4885 2333 4936 vn,
2359 4870 2427 4924 27
2458 4866 2724 4942 ραιαιιδὲῥι
2750 4869 2798 4922 is
2826 4870 2971 4937 qenai
2998 4867 3041 4938 ),
3086 4867 3298 4921 skaidan
3326 4880 3410 4922 se-

1830 4980 2040 5036 parare,
2068 4965 2314 5020 dividere
2345 4964 2470 5035 (Mc.
2497 4981 2549 5030 ι,
2579 4961 2658 5032 9);
2693 4962 2977 5032 usuandjan
3004 4957 3081 5014 sil:
3107 4958 3408 5026 discedere,

1831 5060 2000 5114 averti
2029 5059 2187 5129 (Mtlt.
2216 5075 2272 5126 v,
2296 5057 2414 5130 42),
2445 5056 2714 5128 afskiuban
2744 5053 3010 5123 depellere
3051 5053 3230 5123 (Rom.
3273 5067 3350 5121 ιι,
3379 5051 3409 5109 1
3505 5045 3522 5065 ⁸

1829 5153 1932 5207 ibai
1977 5150 2191 5222 qfskauf
2236 5151 2350 5222 gn];
2397 5148 2741 5220 managein
2787 5146 3102 5208 seinamma;
3131 5144 3270 5200 Tim.
3299 5144 3341 5211 Ι,
3369 5160 3408 5212 t,

1835 5246 1958 5315 19)),
1990 5243 2268 5315 afstandan
2310 5243 2552 5306 abstare,
2591 5240 2820 5294 deﬁcere
2853 5237 3012 5310 (Cor.
3045 5237 3121 5304 11,
3155 5252 3243 5302 tv,
3267 5236 3304 5290 2
3330 5241 3412 5308 αῖ·-

1831 5336 2045 5408 slolmm
2092 5332 2269 5406 pains
2319 5333 2794 5404 analaugnjam
2861 5329 3122 5402 aiuiakjis;
3171 5328 3309 5384 Titn.
3357 5329 3408 5399 l,

1835 5443 1906 5495 tv,
1941 5428 1965 5482 1
2009 5424 2321 5496 αῙεεαιιάαηά
2345 5425 2509 5478 sumai
2547 5424 2974 5496 galaubcinai
2996 5425 3052 5492 );
3096 5421 3413 5477 tuisstandan

1833 5534 2084 5590 separare
2108 5533 2189 5584 se,
2221 5516 2523 5573 valedicere
2564 5515 2730 5588 (Cor.
2766 5516 2834 5588 ll,
2877 5531 2937 5584 tt,
2963 5515 3030 5572 l5
3057 5514 3410 5572 (vistattdands

1834 5612 2026 5684 inﬁma
2073 5609 2255 5683 θαλαἱρ
2284 5611 2340 5665 in
2385 5609 2683 5682 makidonja
2714 5607 2767 5680 );

1914 5745 1933 5779 ι
1963 5725 2252 5782 Annotatio
2275 5724 2327 5780 1.
2355 5755 2424 5766 -—
2451 5723 2652 5781 Horum
2704 5724 2988 5780 verborum
3051 5725 3202 5796 plura
3250 5723 3412 5780 etiam

1838 5821 1994 5876 aliter
2019 5818 2632 5877 construunturﬂbess.
2663 5817 2739 5891 ll,
2769 5835 2843 5887 ιιι,
2889 5821 2957 5876 14
2987 5820 3040 5874 ni
3076 5816 3412 5891 blandaip

1840 5915 1966 5969 izuis
2015 5912 2148 5986 mip
2191 5914 2381 5982 immo;
2416 5913 2517 5970 Mc.
2563 5929 2593 5969 ιι
2617 5953 2633 5983 ,
2673 5912 2734 5971 11
2776 5915 2885 5971 suci
2915 5912 3100 5988 aﬂetip
3131 5917 3232 5986 ’qett
3269 5909 3416 5978 scim
