3844 6636
225 408 368 466 1149

221 539 420 580 sath
443 519 605 578 etiam
632 517 965 577 intrausitiva
992 516 1412 590 signiﬁcatione,
1450 514 1502 572 id
1524 522 1609 572 est
1635 529 1798 585 appa-

222 632 370 684 rere,
403 615 592 682 videri,
624 615 872 686 gaudeat,
902 622 960 670 ut
988 614 1110 670 Cor.
1145 614 1186 682 l,
1220 629 1308 680 xv,
1347 611 1382 668 6
1421 613 1703 682 gasaiwaus
1731 611 1799 663 ist

223 713 552 783 managizam
572 709 684 782 [mu
705 707 996 780 ﬁfhundam
1010 723 1029 773 ;
1050 714 1105 764 et
1128 709 1204 764 sic
1229 705 1389 762 etiam
1411 720 1494 760 vs.
1523 705 1556 760 5
1577 711 1631 758 et
1655 702 1796 758 'l‘im.

223 804 367 874 1,1",
409 804 476 859 16
505 803 742 874 ataugids
767 804 833 857 ist
871 800 1045 872 quoad
1075 800 1517 870 signiﬁcationem
1548 810 1794 852 necessar

223 898 312 954 rio
363 896 677 953 vertendum
717 904 820 964 est,
838 904 1155 966 conspectus
1197 905 1309 962 est,
1339 893 1586 964 apparuit
1628 890 1793 962 (gall.

223 994 270 1049 il
295 994 408 1048 s'est
437 992 686 1064 montré),
721 991 808 1046 ubi
841 992 1015 1062 reipsa
1041 991 1173 1060 keﬁn
1197 996 1253 1044 et
1280 989 1504 1061 aggitum
1534 986 1588 1041 in
1621 985 1800 1040 dativo

221 1095 631 1144 construuntur.
680 1084 1000 1140 Difﬁcillime
1039 1099 1215 1140 autem
1255 1082 1320 1137 ad
1362 1080 1632 1153 passivum
1677 1093 1802 1134 sen-

220 1197 345 1239 sum
375 1181 581 1238 accedit
607 1179 934 1249 Joan.vt,-15
960 1186 1013 1234 et
1039 1178 1168 1234 Luc.
1200 1178 1355 1243 rx,”
1377 1176 1524 1248 pulei
1547 1172 1800 1243 aﬂifnoda

222 1275 408 1348 paim
450 1272 1020 1346 matjandam,qttod
1046 1271 1305 1340 reliquum
1331 1263 1431 1332 est.
1448 1267 1590 1340 quod
1618 1280 1803 1336 super-

219 1368 326 1425 fuit
351 1369 414 1424 iis
441 1368 740 1424 edentibus.
777 1367 954 1440 Qiban
979 1368 1046 1421 ist
1076 1366 1255 1438 [)aim
1285 1365 1554 1418 airizam
1586 1362 1715 1418 Mth.
1743 1375 1797 1426 v,

220 1463 293 1518 2i
327 1463 605 1518 manifeste
632 1461 906 1518 vertitur:
949 1462 1150 1517 dictum
1190 1470 1268 1515 est
1314 1457 1621 1530 majoribus.
1669 1456 1800 1511 Pro-
1863 1522 1865 1524 η

220 1565 344 1627 pter
365 1556 522 1612 Rom.
542 1571 636 1623 vn,
664 1555 730 1611 10
752 1555 835 1609 ubi
864 1554 1090 1626 bigitana
1113 1551 1245 1624 var-[J
1267 1552 1387 1606 mis
1412 1551 1669 1604 anabusns
1695 1563 1802 1604 non

221 1649 494 1722 signiﬁcat
522 1666 537 1704 :
570 1650 846 1706 inventum
875 1647 972 1703 fuit
1001 1662 1028 1700 a
1064 1661 1167 1709 me,
1195 1645 1288 1702 sed
1337 1662 1349 1697 :
1381 1643 1610 1699 innotuit
1639 1641 1800 1711 mihi,

222 1750 410 1814 posset
436 1742 597 1800 etiam
626 1742 679 1798 in
717 1742 841 1798 Cor.
882 1739 942 1807 ll,
972 1755 1066 1804 xn,
1096 1739 1167 1793 20
1197 1755 1260 1809 og
1287 1739 1392 1792 ibai
1419 1736 1562 1806 aufto
1603 1735 1804 1808 bigitai-

221 1837 330 1892 dau
372 1837 538 1892 izvis
566 1834 781 1892 svateiks
809 1851 892 1891 ave
928 1835 982 1888 m’
1019 1833 1177 1904 vileip
1199 1831 1299 1886 mik
1327 1831 1534 1885 dativus
1565 1831 1688 1883 izvis
1709 1843 1804 1899 pro

219 1928 402 1993 vobis,
435 1935 652 1998 propter
695 1941 813 1993 vos,
847 1926 1052 1992 haberi,
1094 1924 1197 1980 nisi
1240 1923 1520 1995 bigitaidaa
1563 1922 1686 1977 izvis
1737 1920 1803 1976 ad

227 2017 424 2091 bigitau
446 2020 570 2073 iacis
595 2018 898 2089 oppositum
929 2016 1422 2087 interpretationem
1456 2031 1470 2069 :
1503 2015 1743 2070 inveniar
1773 2028 1804 2069 a

221 2116 398 2177 vobis,
443 2116 852 2186 probabiliorem
880 2114 1147 2171 redderet.
1180 2112 1286 2170 Sed
1325 2113 1428 2168 Mc.
1461 2128 1534 2178 xr,
1579 2111 1644 2167 17
1681 2127 1803 2166 razn

225 2212 364 2268 main
403 2227 524 2266 rasit
557 2211 674 2266 bide
700 2209 914 2266 haitada
953 2209 1180 2265 altaim
1229 2208 1494 2280 [Jiudom
1532 2206 1755 2262 vertitur
1786 2223 1801 2264 :

221 2302 421 2358 domus
440 2316 655 2373 precum
679 2302 922 2358 omnibus
943 2301 1192 2371 gentibus
1217 2309 1439 2356 vocatur
1465 2298 1637 2372 (Coll.
1668 2297 1801 2354 Tob.

221 2412 309 2468 ιιι,
343 2397 403 2451 11
437 2406 491 2452 et
514 2395 751 2453 Maccab.
787 2394 829 2465 l,
854 2409 947 2462 vn,
978 2395 1110 2466 '57).
1145 2411 1166 2447 ι

306 2489 333 2563 ς
371 2489 496 2546 252.
527 2489 680 2557 Quod
713 2497 890 2545 autem
914 2487 1126 2544 dativus
1153 2486 1313 2542 etiam
1345 2483 1414 2541 ad
1443 2482 1806 2541 determinan-

227 2583 356 2641 dum
388 2584 804 2653 locum,tempus
830 2588 882 2637 et
912 2595 1240 2650 mensuram,
1253 2580 1318 2634 ad
1345 2593 1501 2650 quem
1529 2579 1688 2635 etiam
1714 2579 1807 2632 da-

226 2678 375 2733 tivus
407 2685 527 2746 post
561 2675 953 2745 comparativos
997 2673 1244 2740 refertur,
1289 2686 1496 2728 necnon
1522 2680 1578 2728 et
1603 2672 1804 2726 instru-

225 2777 491 2837 mentum,
526 2768 740 2825 modum
786 2775 842 2824 et
885 2766 1461 2857 causamgusttrpetur,
1507 2762 1620 2820 vid.
1669 2762 1808 2820 intra

227 2864 260 2937 1
298 2864 404 2921 259
433 2879 550 2935 sqq.

774 3082 859 3146 C.’
893 3081 1265 3146 GENIrtvus.

317 3237 493 3312 5233.
533 3234 809 3293 Gcnrtivus
863 3233 1100 3289 intimam
1155 3240 1210 3288 ct
1263 3231 1618 3287 necessariam
1674 3247 1810 3288 con-

230 3332 522 3390 nexionem
555 3329 780 3384 duorum
823 3326 1178 3397 obiectorum,
1219 3338 1423 3380 necnon
1472 3326 1809 3381 existentiam

230 3425 377 3480 alios
420 3424 496 3488 in,
537 3420 634 3476 sub
661 3419 744 3474 vel
789 3433 852 3473 ex
893 3417 999 3472 alio
1049 3416 1269 3481 indicat,
1311 3415 1454 3471 unde
1482 3416 1696 3488 pr0prie
1730 3425 1814 3472 est

233 3516 468 3574 cau~alis
494 3513 628 3586 (vid.
658 3513 684 3584 ς
717 3512 842 3567 259.
875 3509 949 3581 1).
994 3510 1069 3565 De
1104 3509 1340 3580 genitivo
1379 3523 1408 3565 a
1430 3509 1809 3579 :substantivis,

232 3607 628 3673 numeralibus,
669 3603 944 3674 adjectivis
975 3601 1177 3657 neutris
1206 3610 1260 3656 et
1296 3603 1703 3671 pronominibus
1731 3611 1812 3658 at-

232 3716 347 3774 que
376 3701 536 3756 etiam
583 3713 612 3752 a
657 3694 998 3766 superlativis
1043 3691 1378 3764 dependente
1416 3693 1525 3762 iam
1557 3693 1810 3761 diximus,

231 3792 334 3850 ubi
363 3792 431 3846 de
465 3796 712 3860 respectu
751 3785 1060 3842 attributivo
1107 3785 1387 3840 sententia:
1436 3784 1596 3841 locuti
1630 3801 1814 3844 sumus

233 3885 305 3960 (ᾗ
354 3880 524 3954 216);
571 3883 786 3953 itaque,
840 3885 1088 3948 respectu
1137 3877 1336 3932 causali
1401 3877 1533 3933 alias
1588 3879 1814 3935 remisso

234 3977 298 4050 (ᾗ
334 3974 481 4045 529),
509 3972 676 4044 ξηοῢίε
721 3983 864 4026 nunc
903 3967 1234 4024 tractandum
1278 3977 1447 4025 restat
1485 3968 1552 4025 de
1581 3969 1816 4039 genitivo

233 4067 482 4139 partitivo
509 4073 564 4121 et
593 4061 893 4138 possessivo,
937 4059 991 4114 in
1023 4068 1275 4130 quantum
1320 4075 1350 4114 a
1384 4060 1557 4116 verbis
1585 4071 1639 4117 et
1667 4061 1817 4133 adje-

234 4160 401 4219 ctivis
430 4159 651 4230 regitur.

320 4252 350 4325 ς
380 4253 508 4308 2’54.
548 4250 841 4320 Respectus
889 4247 1238 4320 possessionis,
1269 4259 1374 4316 quo
1401 4246 1609 4304 scilicet
1635 4256 1818 4306 osten-

235 4349 392 4406 ditur
418 4343 734 4418 pertinentia
784 4340 1033 4411 alicujus,
1082 4339 1168 4395 vel
1207 4339 1488 4395 existentia
1525 4357 1591 4396 ex
1635 4341 1816 4413 aliquo

234 4441 564 4513 exprimitur
1755 4423 1757 4426 ⁴

316 4538 376 4606 1)
413 4533 738 4604 Simpliciter
777 4549 872 4605 per
899 4535 1041 4590 visan
1069 4551 1086 4590 :
1117 4533 1241 4590 Cor.
1269 4549 1310 4599 ι,
1343 4548 1397 4598 x,
1418 4531 1818 4601 26,]‘rauiins

235 4632 311 4688 ist
342 4629 614 4700 (pertinet)
640 4628 834 4701 airpa;
863 4629 1008 4700 .Luc.
1049 4645 1143 4697 xx,
1180 4627 1248 4684 55
1276 4643 1360 4682 wa
1377 4628 1432 4695 ri
1445 4627 1496 4680 is
1517 4624 1640 4698 [)ize
1679 4626 1818 4680 vafr-

241 4721 356 4796 pip
390 4722 470 4792 (ut
509 4721 739 4776 futurum
778 4730 866 4780 τοῦ
893 4722 1056 4790 visan,
1104 4720 1277 4789 ἔσται)
1319 4719 1480 4788 qens?
1512 4717 1611 4773 Mc.
1642 4732 1722 4784 ιχ,
1751 4716 1815 4772 ll

241 4818 550 4873 xristaus
581 4815 762 4887 siiup;
795 4816 951 4870 Rom.
984 4830 1092 4880 vm,
1125 4815 1191 4880 9;
1221 4813 1347 4869 Cor.
1387 4811 1427 4879 Ι,
1460 4827 1501 4878 ι,
1533 4812 1634 4876 l2;
1665 4805 1731 4876 ll,
1764 4827 1818 4875 x,

245 4912 318 4976 7;
349 4907 537 4963 Thess.
568 4907 609 4973 l,
638 4923 692 4975 v,
724 4909 755 4963 5
793 4908 846 4960 m’
873 4907 998 4978 sia];
1024 4905 1218 4964 nahts
1253 4905 1307 4958 ni
1335 4903 1610 4973 riqisis;
1637 4902 1738 4958 Mc.
1765 4917 1819 4968 x,

247 5005 318 5062 14
349 5003 468 5075 [iize
507 5006 573 5058 is!
604 4999 954 5074 [)iudangardt
1001 4998 1176 5072 gups;
1224 4998 1352 5052 Luc.
1394 5013 1544 5063 xvm,
1580 4996 1676 5061 l6;
1710 5013 1761 5065 v,
1789 4994 1824 5050 3

245 5095 363 5164 skip
391 5111 477 5148 ras
507 5094 842 5157 seimonis;
875 5107 950 5156 Ix,
983 5091 1051 5146 55
1080 5090 1168 5143 m'u
1191 5088 1348 5160 υἱιυρ
1378 5089 1485 5143 wis
1515 5087 1731 5142 altmane
1755 5089 1826 5142 si-

244 5185 398 5266 jul)’
435 5185 590 5240 Joan.
633 5199 720 5250 xv,
758 5183 821 5238 19
861 5182 1008 5256 jabai
1051 5181 1140 5255 bis
1185 5183 1487 5253 fairwaus
1537 5179 1731 5251 υεεεὶῥ,
1781 5182 1826 5237 si

253 5276 443 5334 mundi
481 5278 690 5343 essetis,
739 5290 806 5330 ex
843 5273 1040 5330 mundo
1078 5275 1152 5343 (ἐκ
1191 5279 1280 5332 τοῦ
1312 5271 1554 5346 adaperi);
1584 5289 1732 5339 XVIII,
1757 5273 1826 5331 57

252 5369 432 5425 wazuh
460 5368 565 5422 sati
603 5369 672 5422 ist
707 5367 933 5437 sanos
961 5367 1037 5437 (ἐκ
1073 5372 1165 5428 τῆς
1204 5364 1454 5436 ἀληθείας)
1482 5364 1703 5438 Ιιααεεὶῥ
1732 5369 1829 5422 sli-

256 5471 383 5525 bnos
409 5467 715 5530 meinaizos;
743 5479 799 5531 x,
831 5463 897 5518 16
927 5461 1093 5516 (amba
1122 5463 1174 5516 ni
1197 5462 1312 5516 siml
1340 5461 1430 5534 [)is
1459 5462 1731 5517 avistris
1757 5465 1833 5536 (ἐκ

253 5571 348 5622 τῇς
377 5558 594 5628 mil-5;);
644 5557 800 5611 Rom.
850 5569 925 5620 Ix,
959 5553 1026 5609 16
1067 5569 1312 5625 gaarman
1347 5554 1402 5609 ni
1441 5553 1741 5625 viljandim,
1779 5556 1832 5610 ni

253 5633 561 5708 rinnandins
607 5648 669 5703 ait
703 5647 999 5702 armandins
1043 5645 1216 5718 gups
1244 5645 1375 5718 (ist),
1424 5645 1472 5702 id
1524 5654 1606 5703 est
1636 5647 1832 5717 pendet

258 5761 456 5810 3.»;

341 5855 360 5890 ε
392 5833 675 5891 Annotatio
701 5833 751 5888 1.
780 5837 852 5874 -’—
877 5828 1011 5884 Hinc
1033 5828 1155 5886 Cor.
1179 5830 1221 5898 l,
1258 5846 1343 5896 xv,
1384 5830 1456 5886 25
1475 5829 1574 5904 [mi
1603 5832 1833 5887 xristnus

261 5931 318 5993 bi
345 5927 546 5993 Christi
567 5926 655 5999 (ad
680 5923 950 5982 Christum
979 5923 1352 5996 pertinentes),
1375 5933 1430 5982 et
1460 5925 1538 5982 sic
1559 5925 1826 5997 praecipue

1609 397 1698 456 DE
1737 396 2056 456 OBJECTO.

3331 392 3476 455 1150

1894 527 2015 568 cum
2044 519 2233 568 neutro
2261 529 2273 566 :
2297 512 2398 568 Mc.
2441 525 2534 582 xtl,
2561 513 2626 569 17
2658 511 2735 584 ῥα
2780 512 3022 582 ιοὲωνίες
3050 528 3162 579 vui,
3188 513 3299 581 33;
3332 515 3468 572 Luc.

1895 617 1955 672 ιι,
1986 605 2084 672 49ς
2112 607 2237 662 Cor.
2268 605 2330 672 ll,
2360 621 2436 676 xr,
2468 605 2538 662 50
2563 605 2698 680 (vid.
2729 621 2890 677 supra
2921 607 2948 678 5
2978 608 3102 674 l95,
3134 607 3224 676 Π,
3253 607 3336 678 5).

1974 738 1994 772 ι
2023 724 2309 778 Annotatio
2333 723 2388 777 2.
2413 753 2483 764 --
2509 723 2682 779 Paulo
2711 724 2960 781 audacius
2982 725 3140 780 Rom.
3172 742 3280 797 xiv,
3316 726 3382 782 19
3404 725 3470 784 τὰ

1896 821 1988 875 τῆς
2009 817 2204 890 εἰρήνης
2231 845 2302 856 —
2322 818 2388 872 τὰ
2414 825 2506 878 τῆς
2537 813 2802 888 οἰκοδομῆς
2827 814 3038 886 gothice
3073 816 3470 873 circumscribi-

1899 912 1986 960 tur
2011 906 2136 978 poei
2160 907 2448 980 gavairpjis
2473 908 2588 962 εἱηά
2610 909 2893 979 taistjaima
2913 909 3009 982 jalt
3034 908 3162 981 paci
3191 909 3471 966 timreinais

1895 999 2015 1053 σξιιά
2042 1001 2096 1054 in
2126 1007 2222 1056 u'ns
2246 1001 2420 1068 misso,
2449 1015 2570 1057 cum
2612 1016 2718 1056 non
2760 1001 3025 1072 signiﬁcet
3053 1019 3067 1056 :
3095 1002 3236 1072 quod
3276 1002 3342 1058 ad
3378 1017 3474 1073 pa-

1899 1107 2015 1148 cem
2053 1103 2104 1148 et
2132 1093 2539 1151 aediﬁcationem
2573 1095 2823 1166 pertinet,
2864 1094 2960 1150 sed
2990 1093 3057 1149 ad
3087 1109 3270 1164 pacem
3315 1102 3370 1151 et
3400 1109 3474 1150 a3-

1897 1181 2254 1240 dilicationem
2281 1185 2523 1241 inservit.

1975 1314 1994 1348 (
2024 1295 2311 1353 Annotatio
2355 1299 2409 1354 '5.
2440 1326 2510 1340 -—
2551 1297 2652 1353 Pro
2696 1296 2787 1372 pit
2842 1298 3082 1368 [airwaus
3131 1297 3272 1352 visat:
3320 1296 3473 1356 adest

1898 1385 2050 1443 Joan.
2087 1404 2175 1456 xv,
2202 1388 2267 1443 l9
2289 1405 2356 1443 us
2381 1388 2632 1462 patnma
2660 1389 2937 1460 fairwau
2975 1391 3135 1444 visan.
3169 1408 3187 1443 ι

1967 1479 2028 1549 2)
2069 1479 2169 1535 Per
2204 1497 2315 1536 sves
2345 1484 2488 1535 visan
2532 1481 2800 1551 proprium
2840 1495 2983 1547 esse,
3026 1481 3314 1551 pertinere,
3340 1480 3475 1536 vei/ts

1899 1573 2038 1626 visan
2084 1581 2324 1628 sanctum
2363 1573 2697 1630 esse:Joan.
2745 1590 2798 1640 κ,
2829 1574 2894 1629 12
2934 1573 3157 1628 hairdeis
3198 1574 3384 1646 [)izei
3423 1576 3475 1630 ni

1900 1663 2015 1717 sind
2053 1663 2231 1725 (amba
2262 1681 2422 1732 svcsa,
2473 1665 2700 1738 bileipip
2729 1664 2977 1734 lumbam;
3023 1665 3151 1722 Luc.
3180 1682 3238 1734 ll,
3282 1668 3351 1722 25
3375 1685 3472 1722 wa-

1899 1757 2000 1809 zuh
2049 1756 2448 1828 gnmakundaize
2503 1758 2780 1813 uslukands
2831 1757 2959 1832 qilia
3017 1758 3151 1814 vei/ts
3191 1760 3476 1834 fraujins

1902 1848 2106 1926 (κυρίῳ)
2135 1851 2363 1905 Ιιαὶιαιία.

1975 1947 2029 2013 5)
2061 1943 2171 1998 lluc
2191 1935 2489 1999 referuntur
2505 1943 2662 2000 etiam
2688 1944 2833 2000 skula
2855 1947 2996 2001 visan
3016 1944 3310 2000 debitorem
3334 1958 3476 2012 esse,

1903 2037 2082 2110 vairﬁs
2110 2038 2250 2092 t'isan
2278 2037 2493 2110 dignum
2533 2053 2650 2094 esse
2682 2057 2694 2088 ι
2721 2039 2830 2094 Mth
2884 2056 3027 2104 xxvr,
3053 2039 3123 2094 66
3157 2037 3301 2093 skula
3331 2039 3406 2092 da
3421 2055 3477 2091 ιι-
3583 2028 3594 2034 ’

1904 2129 2071 2202 ῥαιιδ
2100 2133 2199 2195 ist;
2225 2131 2328 2187 Mc.
2357 2147 2432 2195 Ill,
2455 2130 2525 2186 ‘29
2547 2130 2695 2185 skula
2716 2134 2783 2187 ist
2810 2133 3112 2187 aiveinaizos
3143 2132 3318 2202 [rava
3337 2131 3479 2185 ιιτή-

1903 2223 2066 2288 tais;
2107 2221 2238 2278 Mth.
2284 2239 2347 2288 x,
2388 2221 2453 2276 57
2501 2223 2606 2277 saei
2645 2223 2815 2295 [τί]Ορ
2862 2233 3002 2278 altan
3052 2223 3173 2290 μίαν
3214 2221 3335 2288 mik,
3378 2221 3480 2276 nisi

1903 2315 2021 2369 mei
2034 2331 2112 2390 n'a
2151 2313 2364 2386 scirpe;
2410 2314 2539 2370 Luc.
2571 2331 2623 2380 x,
2659 2314 2883 2388 ῗυαὶνρε
2919 2317 2988 2370 ist
3030 2317 3288 2386 vaurstvja
3326 2313 3477 2367 miz-

1904 2405 2099 2473 dons;
2133 2405 2270 2460 Phil.
2302 2423 2340 2472 ι,
2372 2407 2496 2474 .‘27;
2528 2407 2664 2462 Tim.
2702 2407 2755 2477 l,
2788 2424 2834 2476 ι,
2866 2409 2959 2474 l5;
2989 2423 3064 2476 tv,
3093 2409 3148 2464 9.
3180 2408 3316 2463 l'linc
3340 2407 3481 2461 vair—

1902 2497 2051 2570 [mna
2091 2497 2301 2571 briggau
2330 2498 2548 2566 dignum
2588 2497 2816 2556 reddere
2846 2518 2858 2552 :
2883 2499 3072 2556 Thess.
3100 2498 3165 2567 ll,
3196 2515 3234 2568 ι,
3267 2499 3324 2556 11
3355 2486 3478 2556 izvis

1902 2589 2152 2663 vairlmns
2174 2592 2369 2662 briggai
2393 2590 2543 2664 pizos
2559 2591 2578 2647 ι
2593 2590 2719 2664 alio
2734 2609 2766 2646 η
2784 2609 2814 2646 a
2829 2593 2880 2647 is
2906 2590 3044 2664 θαι).

1973 2680 2030 2754 4)
2078 2682 2380 2739 Genitivum
2438 2685 2594 2739 etiam
2669 2694 2859 2755 regunt
2905 2684 3069 2740 verba
3115 2699 3234 2756 quae
3277 2692 3483 2740 contras

1904 2775 2042 2830 rium
2101 2775 2458 2844 possessionis
2515 2774 2852 2847 signiﬁcant:
2889 2777 3005 2832 laus
3056 2776 3199 2830 visan
3251 2776 3483 2830 solutum

1907 2880 2046 2931 esse,
2071 2865 2196 2936 {reis
2218 2868 2359 2921 visan
2381 2868 2604 2922 liberum
2627 2883 2766 2935 esse,
2796 2867 3081 2940 framapeis
3106 2867 3247 2922 visan
3276 2867 3485 2938 longin-

1908 2972 2068 3029 quum
2102 2971 2252 3025 esse;
2285 2957 2409 3013 hinc
2435 2959 2594 3013 etiam
2623 2959 2818 3031 frijana
2855 2959 3069 3030 briggan
3109 2957 3356 3027 liberare,
3388 2972 3485 3028 ga-

1906 3053 2146 3125 hrainjan
2170 3052 2472 3122 puriﬁcare,
2496 3051 2717 3107 leikinon
2738 3062 2792 3108 et
2817 3052 3082 3124 gahailjan
3108 3065 3320 3120 sanare,
3347 3049 3484 3131 [mil-

1899 3145 1995 3217 jan
2014 3144 2089 3198 sil:
2115 3144 2310 3198 sanari.
2336 3143 2447 3198 Huc
2474 3143 2810 3200 referendum
2834 3152 2917 3200 est
2940 3145 3098 3200 etiam
3121 3141 3334 3216 afholou
3358 3158 3481 3200 cum

1909 3235 2143 3305 genitivo
2195 3250 2434 3304 personae
2475 3236 2725 3292 fraudatus
2771 3245 2826 3292 et
2864 3235 3163 3292 accusativo
3209 3236 3308 3303 rei,
3349 3252 3469 3307 qua;

1911 3323 2436 3392 lraudatur:Cor.l,
2487 3343 2567 3394 rx,
2605 3327 2668 3384 ‘21
2718 3328 2770 3382 ni
2822 3328 3028 3382 visands
3074 3327 3329 3382 vitodis
3370 3327 3485 3383 latis

1909 3419 2082 3492 gups;
2107 3419 2260 3475 Rom.
2293 3436 2386 3488 vn,
2419 3420 2606 3494 5,,‘rija
2627 3425 2693 3476 ist
2721 3421 2810 3494 [iis
2847 3421 3113 3488 vitodis;
3159 3421 3291 3492 Eph.
3323 3437 3394 3492 tv,
3421 3420 3488 3477 18

1909 3511 2105 3583 In'udos
2131 3512 2366 3584 gaggand
2394 3512 2676 3585 fmntaﬁjai
2700 3511 3014 3568 libainais
3042 3513 3394 3586 (visandans);
3424 3528 3484 3585 lt,

1916 3603 2010 3670 1‘2;
2045 3603 2201 3658 Rom.
2233 3619 2344 3666 vm,
2369 3606 2402 3658 2
2433 3603 2577 3676 vitop
2618 3592 2816 3659 alirnins
2845 3606 3040 3678 frijana
3068 3606 3247 3660 brahia
3278 3604 3379 3659 mils
3405 3605 3488 3660 vi-

1912 3697 2024 3750 tod
2037 3697 2087 3750 is
2120 3697 2495 3768 fravaurﬁtais;
2523 3696 2660 3752 Tim.
2696 3696 2759 3766 ll,
2785 3713 2842 3765 ll,
2872 3698 2935 3752 ‘21
2954 3698 3100 3770 jubai
3128 3714 3227 3752 was
3247 3697 3492 3770 gahrain-
3584 3705 3586 3707 ’

1907 3793 1987 3862 jai
2034 3790 2109 3845 sik
2134 3790 2308 3862 [)ize,
2345 3790 2562 3864 υαῑνρὶῘ)
2600 3790 2689 3846 kas
2718 3791 3025 3864 gaveihaif);
3062 3789 3190 3846 Luc.
3218 3807 3270 3858 ν,
3305 3792 3372 3848 15
3400 3807 3493 3863 ga-

1912 3900 2114 3939 rumzun
2126 3884 2178 3938 hi
2184 3887 2396 3939 ulmtans
2413 3885 2650 3954 managai
2667 3882 2882 3938 leikinou
2910 3885 3039 3953 [ram
3052 3887 3207 3938 imma
3223 3900 3246 3938 ε
3259 3901 3290 3937 a
3304 3900 3338 3937 u
3350 3882 3382 3936 It
3397 3893 3413 3936 ι
3430 3898 3489 3950 ο;

1917 3992 2031 4045 vin,
2060 3977 2128 4046 2;
2170 3993 2241 4045 vr,
2272 3975 2336 4030 18
2364 3991 2548 4047 qemun
2579 3975 2774 4045 hailjan
2811 3974 2888 4029 sik
2929 3973 3186 4040 sauhte;
3220 3973 3350 4030 Luc.
3379 3988 3488 4042 xix,

1915 4070 1950 4126 8
1971 4071 2118 4142 jabai
2157 4069 2265 4124 wis
2294 4086 2368 4124 wa
2400 4067 2574 4141 (cujus
2603 4066 2751 4140 quid)
2789 4067 3056 4139 afholoda,
3085 4065 3348 4140 ﬁdurfalp
3373 4069 3490 4139 [ra-

1916 4161 2082 4234 gilda.

1997 4273 2015 4307 ι
2051 4253 2338 4309 Annotatio
2366 4254 2420 4309 1.
2451 4283 2522 4296 --
2543 4253 2623 4308 Eo
2652 4247 3007 4336 etimodo
3032 4251 3085 4308 in
3115 4247 3496 4322 fragtueutario

1917 4346 2038 4402 loco
2068 4345 2194 4402 Cor.
2231 4345 2273 4414 l,
2306 4362 2398 4409 vir,
2437 4345 2470 4404 5
2498 4345 2718 4402 verbum
2757 4345 3026 4417 gotbicum
3067 4357 3244 4416 graeco
3273 4345 3496 4400 ἀποστι-

1917 4447 2028 4516 ρεῖν
2084 4437 2414 4508 respondens
2467 4444 2828 4493 constructum
2899 4444 3014 4505 est,
3065 4451 3182 4490 cum
3228 4433 3495 4504 objectum

1917 4533 2094 4585 izvara
2125 4530 2274 4584 misso
2305 4531 2394 4598 sit,
2433 4529 2555 4584 licet
2577 4528 2794 4583 verbum
2825 4527 2999 4598 ipsum
3029 4527 3117 4583 hic
3155 4525 3496 4599 anamahtjan

1921 4623 2100 4689 fuerit,
2131 4623 2268 4696 quod
2298 4623 2398 4679 Mc.
2433 4640 2484 4690 x,
2535 4621 2600 4677 19
2623 4621 2734 4693 {pro
2777 4623 3076 4700 ἀποστερεῖν
3120 4621 3351 4692 ponitur,
3385 4621 3500 4677 sine

1923 4718 2567 4788 discrimineusurpelur,
2600 4717 2681 4772 vel
2715 4715 2874 4773 etiam
2909 4715 3036 4772 Luc.
3079 4731 3158 4783 ιιι,
3192 4717 3260 4771 14
3283 4729 3500 4772 accusa-

1924 4814 2090 4870 tivum
2136 4821 2318 4886 regat;
2362 4812 2502 4867 Tim.
2533 4811 2576 4878 l,
2605 4827 2678 4880 vl,
2724 4809 2757 4866 5
2783 4809 2990 4868 Gothus
3015 4810 3310 4868 illustrandi
3340 4826 3501 4868 causa

1925 4905 2330 4978 ἀποστερημένος
2372 4903 2609 4965 ἀληθείας
2653 4918 2746 4974 per
2777 4906 2840 4974 af
2859 4903 3086 4976 Immmei
3123 4903 3394 4977 gataruida
3433 4905 3502 4958 iu

1926 4998 2079 5065 simia
2105 4996 2516 5052 circumscribit.

2003 5108 2022 5142 ‹
2053 5089 2343 5146 Annotatio
2373 5091 2426 5146 5.
2453 5086 2718 5144 -—Verba
2759 5102 2916 5158 supra
2949 5085 3156 5142 laudata
3185 5086 3346 5144 etiam
3379 5102 3500 5160 cum

1929 5187 1992 5254 af
2014 5191 2068 5240 et
2095 5183 2273 5238 dativo
2312 5165 2690 5238 construuniur
2716 5197 2730 5234 :
2760 5178 2877 5235 Gal.
2908 5195 2960 5247 v,
2988 5180 3022 5236 4
3050 5179 3218 5235 lausai
3251 5181 3399 5254 sijup
3433 5181 3505 5252 af

1930 5276 2213 5342 xristau;
2239 5274 2364 5330 Cor.
2399 5272 2461 5340 ll,
2491 5289 2586 5342 vn,
2616 5274 2639 5327 l
2674 5272 2931 5345 hrainjam
2958 5271 3504 5342 unsisafaltamma

1932 5369 2234 5425 bisauleiuo.
2269 5369 2420 5439 Apud
2463 5367 2592 5423 Luc.
2619 5382 2710 5434 vn,
2739 5367 2798 5421 2t
2841 5366 3105 5438 genitivus
3143 5374 3197 5421 et
3224 5369 3288 5438 af
3308 5367 3519 5437 promi-

1934 5476 2066 5518 scue
2095 5469 2417 5531 usurpentur
2443 5477 2456 5515 :
2479 5457 2745 5532 gahailida
2775 5474 3055 5530 managans
3110 5458 3185 5531 af
3203 5459 3503 5528 sou/uim,

1933 5553 2003 5624 af
2021 5552 2117 5608 sla
2131 5555 2252 5608 him
2271 5555 2369 5628 jalt
2410 5551 2676 5608 ahmane
2702 5551 2938 5606 ubilaize.
2977 5549 3261 5625 Galausjan
3294 5567 3508 5625 semper

1934 5661 2054 5702 cum
2082 5663 2140 5701 us
2165 5646 2297 5719 (vid.
2343 5645 2506 5717 gloss.
2545 5643 2646 5716 (h.
2674 5659 2724 5696 v.
2753 5641 2794 5714 ),
2821 5643 3024 5714 lausjan
3063 5652 3242 5698 autem
3294 5659 3413 5700 cum
3453 5647 3511 5714 af

1937 5741 2092 5814 (Mtb.
2118 5734 3022 5812 vr,l5)construuntur;galausips
3062 5735 3134 5790 im
3177 5736 3337 5798 etiam
3385 5750 3508 5793 cum

1934 5834 2114 5892 dativo
2135 5833 2160 5905 §
2179 5831 2307 5899 224,
2336 5833 2386 5886 1.
2418 5850 2436 5884 ι
3511 5817 3518 5830 ⁸

2015 5925 2042 6000 5
2071 5925 2198 5984 235.
2240 5923 2532 5997 Respectus
2563 5921 2827 6012 partitivus
2851 5920 3024 5993 adest,
3051 5921 3142 5981 ubi
3166 5927 3306 5981 actio
3330 5919 3518 5996 subjec.
