  <div class='ocr_page' id='page_1' title='image "/cluster/home/n/w/nwhite01/storage/ocr_20150623/18/hvd.32044015471337/590.png"; bbox 0 0 3844 6634; ppageno 0'>
   <div class='ocr_carea' id='block_1_1' title="bbox 53 360 208 417">
    <p class='ocr_par' dir='ltr' id='par_1_1' title="bbox 53 360 208 417">
     <span class='ocr_line' id='line_1_1' title="bbox 53 360 208 417; baseline -0.013 0"><span class='ocrx_word' id='word_1_1' title='bbox 53 360 208 417; x_wconf 74' lang='grc'><strong>1165</strong></span> 
     </span>
    </p>
   </div>
   <div class='ocr_carea' id='block_1_2' title="bbox 139 475 1647 546">
    <p class='ocr_par' dir='ltr' id='par_1_2' title="bbox 139 475 1647 546">
     <span class='ocr_line' id='line_1_2' title="bbox 139 475 1647 546; baseline -0.003 -13"><span class='ocrx_word' id='word_1_2' title='bbox 139 499 160 533; x_wconf 77' lang='grc' dir='ltr'>σ</span> <span class='ocrx_word' id='word_1_3' title='bbox 181 478 475 538; x_wconf 82' lang='lat' dir='ltr'><strong>Annotatio</strong></span> <span class='ocrx_word' id='word_1_4' title='bbox 488 476 755 534; x_wconf 75' lang='lat' dir='ltr'><strong>2.—Cum</strong></span> <span class='ocrx_word' id='word_1_5' title='bbox 770 475 935 533; x_wconf 89' lang='lat' dir='ltr'><strong>verbo</strong></span> <span class='ocrx_word' id='word_1_6' title='bbox 951 475 1193 546; x_wconf 83' lang='lat' dir='ltr'><strong>pulsandi</strong></span> <span class='ocrx_word' id='word_1_7' title='bbox 1213 482 1500 546; x_wconf 77' lang='lat' dir='ltr'><strong>usurpatur</strong></span> <span class='ocrx_word' id='word_1_8' title='bbox 1525 475 1574 529; x_wconf 84' lang='lat' dir='ltr'><strong>bi</strong></span> <span class='ocrx_word' id='word_1_9' title='bbox 1591 482 1647 530; x_wconf 89' lang='lat' dir='ltr'><strong>et</strong></span> 
     </span>
    </p>
   </div>
   <div class='ocr_carea' id='block_1_3' title="bbox 53 569 1651 642">
    <p class='ocr_par' dir='ltr' id='par_1_3' title="bbox 53 569 1651 642">
     <span class='ocr_line' id='line_1_3' title="bbox 53 569 1651 642; baseline -0.004 -13"><span class='ocrx_word' id='word_1_10' title='bbox 53 575 278 629; x_wconf 76' lang='lat' dir='ltr'><strong>dativus</strong></span> <span class='ocrx_word' id='word_1_11' title='bbox 308 589 325 629; x_wconf 86' lang='lat'><strong>:</strong></span> <span class='ocrx_word' id='word_1_12' title='bbox 355 571 487 629; x_wconf 84' lang='lat' dir='ltr'><strong>Luc.</strong></span> <span class='ocrx_word' id='word_1_13' title='bbox 519 587 591 642; x_wconf 85' lang='lat' dir='ltr'><strong>tv,</strong></span> <span class='ocrx_word' id='word_1_14' title='bbox 641 573 736 640; x_wconf 80' lang='lat' dir='ltr'><strong>ii;</strong></span> <span class='ocrx_word' id='word_1_15' title='bbox 771 587 841 638; x_wconf 73' lang='lat' dir='ltr'><strong>vn,</strong></span> <span class='ocrx_word' id='word_1_16' title='bbox 888 572 990 635; x_wconf 64' lang='lat'><strong>48;</strong></span> <span class='ocrx_word' id='word_1_17' title='bbox 1024 569 1183 626; x_wconf 88' lang='lat' dir='ltr'><strong>etiam</strong></span> <span class='ocrx_word' id='word_1_18' title='bbox 1212 571 1285 624; x_wconf 83' lang='lat' dir='ltr'><strong>du</strong></span> <span class='ocrx_word' id='word_1_19' title='bbox 1319 588 1330 623; x_wconf 93' lang='lat'>:</span> <span class='ocrx_word' id='word_1_20' title='bbox 1372 570 1528 626; x_wconf 83' lang='lat' dir='ltr'><strong>Rom.</strong></span> <span class='ocrx_word' id='word_1_21' title='bbox 1571 586 1651 636; x_wconf 81' lang='lat' dir='ltr'><strong>rx,</strong></span> 
     </span>
    </p>
   </div>
   <div class='ocr_carea' id='block_1_4' title="bbox 53 667 216 723">
    <p class='ocr_par' dir='ltr' id='par_1_4' title="bbox 53 667 216 723">
     <span class='ocr_line' id='line_1_4' title="bbox 53 667 216 723; baseline -0.018 0"><span class='ocrx_word' id='word_1_22' title='bbox 53 667 150 723; x_wconf 69' lang='lat'><strong>52.</strong></span> <span class='ocrx_word' id='word_1_23' title='bbox 195 687 216 720; x_wconf 71' lang='grc' dir='ltr'><strong>ι</strong></span> 
     </span>
    </p>
   </div>
   <div class='ocr_carea' id='block_1_5' title="bbox 135 755 1653 830">
    <p class='ocr_par' dir='ltr' id='par_1_5' title="bbox 135 755 1653 830">
     <span class='ocr_line' id='line_1_5' title="bbox 135 755 1653 830; baseline -0.004 -16"><span class='ocrx_word' id='word_1_24' title='bbox 135 761 192 830; x_wconf 88' lang='lat' dir='ltr'><strong>b)</strong></span> <span class='ocrx_word' id='word_1_25' title='bbox 226 759 326 826; x_wconf 83' lang='lat' dir='ltr'><strong>Ad,</strong></span> <span class='ocrx_word' id='word_1_26' title='bbox 365 759 436 812; x_wconf 84' lang='lat' dir='ltr'><strong>du</strong></span> <span class='ocrx_word' id='word_1_27' title='bbox 462 771 584 814; x_wconf 89' lang='lat' dir='ltr'><strong>eum</strong></span> <span class='ocrx_word' id='word_1_28' title='bbox 612 755 794 813; x_wconf 89' lang='lat' dir='ltr'><strong>dativo</strong></span> <span class='ocrx_word' id='word_1_29' title='bbox 822 776 836 811; x_wconf 85' lang='lat'><strong><em>:</em></strong></span> <span class='ocrx_word' id='word_1_30' title='bbox 869 756 1005 827; x_wconf 84' lang='lat' dir='ltr'><strong>Eph.</strong></span> <span class='ocrx_word' id='word_1_31' title='bbox 1036 773 1106 824; x_wconf 91' lang='lat' dir='ltr'><strong>Iv,</strong></span> <span class='ocrx_word' id='word_1_32' title='bbox 1133 757 1199 812; x_wconf 83' lang='grc'><strong>15</strong></span> <span class='ocrx_word' id='word_1_33' title='bbox 1222 757 1542 830; x_wconf 81' lang='lat' dir='ltr'><strong>garinnaima</strong></span> <span class='ocrx_word' id='word_1_34' title='bbox 1570 756 1653 809; x_wconf 84' lang='lat' dir='ltr'><strong>du</strong></span> 
     </span>
    </p>
   </div>
   <div class='ocr_carea' id='block_1_6' title="bbox 56 847 1654 924">
    <p class='ocr_par' dir='ltr' id='par_1_6' title="bbox 56 847 1654 924">
     <span class='ocr_line' id='line_1_6' title="bbox 56 847 1654 924; baseline -0.002 -18"><span class='ocrx_word' id='word_1_35' title='bbox 56 865 131 906; x_wconf 79' lang='lat' dir='ltr'><strong>va</strong></span> <span class='ocrx_word' id='word_1_36' title='bbox 147 854 247 906; x_wconf 87' lang='lat' dir='ltr'><strong>ira</strong></span> <span class='ocrx_word' id='word_1_37' title='bbox 277 851 549 924; x_wconf 77' lang='lat' dir='ltr'><strong>fultamma</strong></span> <span class='ocrx_word' id='word_1_38' title='bbox 578 852 610 903; x_wconf 75' lang='grc' dir='ltr'><em>ἁ</em></span> <span class='ocrx_word' id='word_1_39' title='bbox 627 867 660 904; x_wconf 85' lang='lat' dir='ltr'><strong>u</strong></span> <span class='ocrx_word' id='word_1_40' title='bbox 687 847 889 922; x_wconf 72' lang='lat' dir='ltr'><strong>mitap</strong></span> <span class='ocrx_word' id='word_1_41' title='bbox 917 849 1158 906; x_wconf 79' lang='lat' dir='ltr'><strong>vahstaus</strong></span> <span class='ocrx_word' id='word_1_42' title='bbox 1179 850 1372 920; x_wconf 77' lang='lat' dir='ltr'><strong>[uitans</strong></span> <span class='ocrx_word' id='word_1_43' title='bbox 1391 851 1654 916; x_wconf 68' lang='lat' dir='ltr'><strong>aristam;</strong></span> 
     </span>
    </p>
   </div>
   <div class='ocr_carea' id='block_1_7' title="bbox 55 943 1654 1018">
    <p class='ocr_par' dir='ltr' id='par_1_7' title="bbox 55 943 1654 1018">
     <span class='ocr_line' id='line_1_7' title="bbox 55 943 1654 1018; baseline -0.004 -13"><span class='ocrx_word' id='word_1_44' title='bbox 55 945 204 1005; x_wconf 89' lang='lat' dir='ltr'><strong>Luc.</strong></span> <span class='ocrx_word' id='word_1_45' title='bbox 235 965 290 1014; x_wconf 91' lang='grc' dir='ltr'><strong>ιι,</strong></span> <span class='ocrx_word' id='word_1_46' title='bbox 319 946 376 1001; x_wconf 85' lang='grc'><strong>11</strong></span> <span class='ocrx_word' id='word_1_47' title='bbox 411 963 539 1018; x_wconf 87' lang='lat' dir='ltr'><strong>gagg</strong></span> <span class='ocrx_word' id='word_1_48' title='bbox 569 947 652 1000; x_wconf 87' lang='lat' dir='ltr'><strong>du</strong></span> <span class='ocrx_word' id='word_1_49' title='bbox 676 945 892 1016; x_wconf 83' lang='lat' dir='ltr'><strong>garda</strong></span> <span class='ocrx_word' id='word_1_50' title='bbox 920 945 1256 1016; x_wconf 68' lang='lat' dir='ltr'><strong>peiizamma;</strong></span> <span class='ocrx_word' id='word_1_51' title='bbox 1287 943 1477 998; x_wconf 88' lang='lat' dir='ltr'><strong>Thess.</strong></span> <span class='ocrx_word' id='word_1_52' title='bbox 1512 943 1552 1009; x_wconf 92' lang='lat' dir='ltr'><strong>l,</strong></span> <span class='ocrx_word' id='word_1_53' title='bbox 1576 959 1654 1008; x_wconf 89' lang='lat' dir='ltr'><strong>ut,</strong></span> 
     </span>
    </p>
   </div>
   <div class='ocr_carea' id='block_1_8' title="bbox 57 1035 1653 1113">
    <p class='ocr_par' dir='ltr' id='par_1_8' title="bbox 57 1035 1653 1113">
     <span class='ocr_line' id='line_1_8' title="bbox 57 1035 1653 1113; baseline -0.006 -15"><span class='ocrx_word' id='word_1_54' title='bbox 57 1043 132 1098; x_wconf 80' lang='grc'><strong>11</strong></span> <span class='ocrx_word' id='word_1_55' title='bbox 162 1041 337 1113; x_wconf 79' lang='lat' dir='ltr'><strong>[rauja</strong></span> <span class='ocrx_word' id='word_1_56' title='bbox 357 1055 513 1093; x_wconf 76' lang='lat' dir='ltr'><strong>umor</strong></span> <span class='ocrx_word' id='word_1_57' title='bbox 532 1037 807 1109; x_wconf 84' lang='lat' dir='ltr'><strong>garaihtjai</strong></span> <span class='ocrx_word' id='word_1_58' title='bbox 828 1037 906 1109; x_wconf 83' lang='lat' dir='ltr'><strong>uig</strong></span> <span class='ocrx_word' id='word_1_59' title='bbox 927 1052 1186 1091; x_wconf 63' lang='lat' dir='ltr'><strong>amat-ana</strong></span> <span class='ocrx_word' id='word_1_60' title='bbox 1217 1035 1295 1089; x_wconf 81' lang='lat' dir='ltr'><strong>du</strong></span> <span class='ocrx_word' id='word_1_61' title='bbox 1322 1036 1506 1099; x_wconf 76' lang='lat' dir='ltr'><strong>izvis;</strong></span> <span class='ocrx_word' id='word_1_62' title='bbox 1525 1035 1653 1108; x_wconf 82' lang='lat' dir='ltr'><strong>Luc.</strong></span> 
     </span>
    </p>
   </div>
   <div class='ocr_carea' id='block_1_9' title="bbox 56 1127 1652 1206">
    <p class='ocr_par' dir='ltr' id='par_1_9' title="bbox 56 1127 1652 1206">
     <span class='ocr_line' id='line_1_9' title="bbox 56 1127 1652 1206; baseline -0.007 -15"><span class='ocrx_word' id='word_1_63' title='bbox 56 1146 105 1203; x_wconf 83' lang='grc'>1,</span> <span class='ocrx_word' id='word_1_64' title='bbox 136 1135 204 1190; x_wconf 89' lang='grc'><strong>16</strong></span> <span class='ocrx_word' id='word_1_65' title='bbox 226 1149 504 1206; x_wconf 79' lang='lat' dir='ltr'><strong>managans</strong></span> <span class='ocrx_word' id='word_1_66' title='bbox 525 1132 699 1186; x_wconf 79' lang='lat' dir='ltr'><strong>suniue</strong></span> <span class='ocrx_word' id='word_1_67' title='bbox 719 1127 922 1185; x_wconf 79' lang='lat' dir='ltr'><strong>israelis</strong></span> <span class='ocrx_word' id='word_1_68' title='bbox 942 1127 1236 1201; x_wconf 67' lang='lat' dir='ltr'><strong>gavandeip</strong></span> <span class='ocrx_word' id='word_1_69' title='bbox 1265 1129 1341 1182; x_wconf 83' lang='lat' dir='ltr'><strong>du</strong></span> <span class='ocrx_word' id='word_1_70' title='bbox 1371 1128 1652 1199; x_wconf 79' lang='lat' dir='ltr'><strong>fraugin;</strong></span> 
     </span>
    </p>
   </div>
   <div class='ocr_carea' id='block_1_10' title="bbox 58 1219 1654 1296">
    <p class='ocr_par' dir='ltr' id='par_1_10' title="bbox 58 1219 1654 1296">
     <span class='ocr_line' id='line_1_10' title="bbox 58 1219 1654 1296; baseline -0.006 -15"><span class='ocrx_word' id='word_1_71' title='bbox 58 1227 180 1282; x_wconf 80' lang='lat' dir='ltr'><strong>vid.</strong></span> <span class='ocrx_word' id='word_1_72' title='bbox 218 1226 382 1296; x_wconf 91' lang='lat' dir='ltr'><strong>gloss.</strong></span> <span class='ocrx_word' id='word_1_73' title='bbox 426 1240 478 1279; x_wconf 92' lang='lat' dir='ltr'><strong>v.</strong></span> <span class='ocrx_word' id='word_1_74' title='bbox 511 1222 617 1278; x_wconf 86' lang='lat' dir='ltr'><strong>Du.</strong></span> <span class='ocrx_word' id='word_1_75' title='bbox 661 1221 808 1289; x_wconf 82' lang='lat' dir='ltr'><strong>Hinc</strong></span> <span class='ocrx_word' id='word_1_76' title='bbox 860 1221 1018 1277; x_wconf 87' lang='lat' dir='ltr'><strong>etiam</strong></span> <span class='ocrx_word' id='word_1_77' title='bbox 1071 1219 1143 1275; x_wconf 82' lang='lat' dir='ltr'><strong>du</strong></span> <span class='ocrx_word' id='word_1_78' title='bbox 1169 1235 1386 1291; x_wconf 92' lang='lat' dir='ltr'><strong>scopum</strong></span> <span class='ocrx_word' id='word_1_79' title='bbox 1437 1219 1654 1285; x_wconf 78' lang='lat' dir='ltr'><strong>indicat;</strong></span> 
     </span>
    </p>
   </div>
   <div class='ocr_carea' id='block_1_11' title="bbox 59 1311 1654 1386">
    <p class='ocr_par' dir='ltr' id='par_1_11' title="bbox 59 1311 1654 1386">
     <span class='ocr_line' id='line_1_11' title="bbox 59 1311 1654 1386; baseline -0.006 -13"><span class='ocrx_word' id='word_1_80' title='bbox 59 1317 358 1373; x_wconf 83' lang='lat' dir='ltr'><strong>adhibetur</strong></span> <span class='ocrx_word' id='word_1_81' title='bbox 384 1317 599 1386; x_wconf 89' lang='lat' dir='ltr'><strong>insuper</strong></span> <span class='ocrx_word' id='word_1_82' title='bbox 627 1314 714 1370; x_wconf 90' lang='lat' dir='ltr'><strong>ubi</strong></span> <span class='ocrx_word' id='word_1_83' title='bbox 741 1315 934 1381; x_wconf 83' lang='lat' dir='ltr'><strong>aliquis</strong></span> <span class='ocrx_word' id='word_1_84' title='bbox 968 1313 1034 1367; x_wconf 91' lang='lat' dir='ltr'><strong>ad</strong></span> <span class='ocrx_word' id='word_1_85' title='bbox 1061 1314 1220 1368; x_wconf 89' lang='lat' dir='ltr'><strong>alium</strong></span> <span class='ocrx_word' id='word_1_86' title='bbox 1249 1311 1504 1382; x_wconf 83' lang='lat' dir='ltr'><strong>loquitur,</strong></span> <span class='ocrx_word' id='word_1_87' title='bbox 1533 1312 1654 1381; x_wconf 87' lang='lat' dir='ltr'><strong>quia</strong></span> 
     </span>
    </p>
   </div>
   <div class='ocr_carea' id='block_1_12' title="bbox 59 1400 1657 1477">
    <p class='ocr_par' dir='ltr' id='par_1_12' title="bbox 59 1400 1657 1477">
     <span class='ocr_line' id='line_1_12' title="bbox 59 1400 1657 1477; baseline -0.001 -17"><span class='ocrx_word' id='word_1_88' title='bbox 59 1410 134 1460; x_wconf 84' lang='lat' dir='ltr'><strong>ad</strong></span> <span class='ocrx_word' id='word_1_89' title='bbox 159 1425 281 1463; x_wconf 89' lang='lat' dir='ltr'><strong>eum</strong></span> <span class='ocrx_word' id='word_1_90' title='bbox 311 1422 470 1477; x_wconf 87' lang='lat' dir='ltr'><strong>quem</strong></span> <span class='ocrx_word' id='word_1_91' title='bbox 512 1400 834 1474; x_wconf 77' lang='lat' dir='ltr'><strong>interpellat,</strong></span> <span class='ocrx_word' id='word_1_92' title='bbox 870 1404 1005 1460; x_wconf 82' lang='lat' dir='ltr'><strong>verti</strong></span> <span class='ocrx_word' id='word_1_93' title='bbox 1031 1413 1280 1460; x_wconf 80' lang='lat' dir='ltr'><strong>censetur</strong></span> <span class='ocrx_word' id='word_1_94' title='bbox 1302 1404 1428 1475; x_wconf 87' lang='lat' dir='ltr'><strong>(quo</strong></span> <span class='ocrx_word' id='word_1_95' title='bbox 1459 1402 1510 1456; x_wconf 91' lang='lat' dir='ltr'><strong>in</strong></span> <span class='ocrx_word' id='word_1_96' title='bbox 1533 1417 1657 1458; x_wconf 82' lang='lat' dir='ltr'><strong>casu</strong></span> 
     </span>
    </p>
   </div>
   <div class='ocr_carea' id='block_1_13' title="bbox 60 1493 1653 1572">
    <p class='ocr_par' dir='ltr' id='par_1_13' title="bbox 60 1493 1653 1572">
     <span class='ocr_line' id='line_1_13' title="bbox 60 1493 1653 1572; baseline -0.007 -16"><span class='ocrx_word' id='word_1_97' title='bbox 60 1517 216 1572; x_wconf 69' lang='lat' dir='ltr'><strong>saepe</strong></span> <span class='ocrx_word' id='word_1_98' title='bbox 237 1500 398 1556; x_wconf 89' lang='lat' dir='ltr'><strong>etiam</strong></span> <span class='ocrx_word' id='word_1_99' title='bbox 411 1499 618 1554; x_wconf 85' lang='lat' dir='ltr'><strong>dativus</strong></span> <span class='ocrx_word' id='word_1_100' title='bbox 634 1497 947 1568; x_wconf 84' lang='lat' dir='ltr'><strong>simpliciter</strong></span> <span class='ocrx_word' id='word_1_101' title='bbox 964 1498 1208 1566; x_wconf 87' lang='lat' dir='ltr'><strong>usurpari</strong></span> <span class='ocrx_word' id='word_1_102' title='bbox 1223 1495 1462 1551; x_wconf 86' lang='lat' dir='ltr'><strong>videmus</strong></span> <span class='ocrx_word' id='word_1_103' title='bbox 1481 1494 1507 1565; x_wconf 86' lang='lat'>§</span> <span class='ocrx_word' id='word_1_104' title='bbox 1527 1493 1653 1562; x_wconf 71' lang='lat'><strong>2:24,</strong></span> 
     </span>
    </p>
   </div>
   <div class='ocr_carea' id='block_1_14' title="bbox 59 1585 1654 1662">
    <p class='ocr_par' dir='ltr' id='par_1_14' title="bbox 59 1585 1654 1662">
     <span class='ocr_line' id='line_1_14' title="bbox 59 1585 1654 1662; baseline -0.006 -16"><span class='ocrx_word' id='word_1_105' title='bbox 59 1593 100 1646; x_wconf 76' lang='grc'>2</span> <span class='ocrx_word' id='word_1_106' title='bbox 127 1595 145 1662; x_wconf 90' lang='grc'><strong>)</strong></span> <span class='ocrx_word' id='word_1_107' title='bbox 172 1633 189 1659; x_wconf 91' lang='grc'><strong>,</strong></span> <span class='ocrx_word' id='word_1_108' title='bbox 219 1591 484 1662; x_wconf 90' lang='lat' dir='ltr'><strong>signiﬁcat</strong></span> <span class='ocrx_word' id='word_1_109' title='bbox 515 1591 695 1660; x_wconf 88' lang='lat' dir='ltr'><strong>itaque</strong></span> <span class='ocrx_word' id='word_1_110' title='bbox 732 1589 946 1645; x_wconf 81' lang='lat' dir='ltr'><strong>obviam</strong></span> <span class='ocrx_word' id='word_1_111' title='bbox 968 1630 983 1656; x_wconf 91' lang='lat'><strong>,</strong></span> <span class='ocrx_word' id='word_1_112' title='bbox 1012 1591 1123 1642; x_wconf 88' lang='lat' dir='ltr'><strong>sive</strong></span> <span class='ocrx_word' id='word_1_113' title='bbox 1154 1587 1204 1643; x_wconf 91' lang='lat' dir='ltr'><strong>in</strong></span> <span class='ocrx_word' id='word_1_114' title='bbox 1242 1602 1402 1642; x_wconf 85' lang='lat' dir='ltr'><strong>sensu</strong></span> <span class='ocrx_word' id='word_1_115' title='bbox 1442 1585 1617 1640; x_wconf 85' lang='lat' dir='ltr'><strong>hostili</strong></span> <span class='ocrx_word' id='word_1_116' title='bbox 1637 1624 1654 1650; x_wconf 94' lang='lat'><strong>,</strong></span> 
     </span>
    </p>
   </div>
   <div class='ocr_carea' id='block_1_15' title="bbox 61 1677 1658 1756">
    <p class='ocr_par' dir='ltr' id='par_1_15' title="bbox 61 1677 1658 1756">
     <span class='ocr_line' id='line_1_15' title="bbox 61 1677 1658 1756; baseline -0.009 -10"><span class='ocrx_word' id='word_1_117' title='bbox 61 1700 282 1756; x_wconf 86' lang='lat' dir='ltr'><strong>contra,</strong></span> <span class='ocrx_word' id='word_1_118' title='bbox 310 1689 422 1743; x_wconf 86' lang='lat' dir='ltr'><strong>sive</strong></span> <span class='ocrx_word' id='word_1_119' title='bbox 443 1687 495 1742; x_wconf 92' lang='lat' dir='ltr'><strong>in</strong></span> <span class='ocrx_word' id='word_1_120' title='bbox 518 1699 678 1742; x_wconf 88' lang='lat' dir='ltr'><strong>sensu</strong></span> <span class='ocrx_word' id='word_1_121' title='bbox 706 1683 897 1749; x_wconf 89' lang='lat' dir='ltr'><strong>amico,</strong></span> <span class='ocrx_word' id='word_1_122' title='bbox 930 1685 1020 1750; x_wconf 89' lang='lat' dir='ltr'><strong>ad,</strong></span> <span class='ocrx_word' id='word_1_123' title='bbox 1045 1681 1151 1738; x_wconf 89' lang='lat' dir='ltr'><strong>vid.</strong></span> <span class='ocrx_word' id='word_1_124' title='bbox 1175 1682 1362 1752; x_wconf 84' lang='lat' dir='ltr'><strong>gloss.,</strong></span> <span class='ocrx_word' id='word_1_125' title='bbox 1398 1681 1451 1736; x_wconf 93' lang='lat' dir='ltr'><strong>h.</strong></span> <span class='ocrx_word' id='word_1_126' title='bbox 1485 1695 1537 1734; x_wconf 90' lang='lat' dir='ltr'><strong>v.</strong></span> <span class='ocrx_word' id='word_1_127' title='bbox 1561 1677 1658 1734; x_wconf 85' lang='lat' dir='ltr'><strong>Se-</strong></span> 
     </span>
    </p>
   </div>
   <div class='ocr_carea' id='block_1_16' title="bbox 64 1771 1659 1856">
    <p class='ocr_par' dir='ltr' id='par_1_16' title="bbox 64 1771 1659 1856">
     <span class='ocr_line' id='line_1_16' title="bbox 64 1771 1659 1856; baseline -0.008 -18"><span class='ocrx_word' id='word_1_128' title='bbox 64 1786 256 1856; x_wconf 86' lang='lat' dir='ltr'><strong>quitur</strong></span> <span class='ocrx_word' id='word_1_129' title='bbox 274 1781 437 1837; x_wconf 87' lang='lat' dir='ltr'><strong>verba</strong></span> <span class='ocrx_word' id='word_1_130' title='bbox 455 1782 648 1852; x_wconf 83' lang='lat' dir='ltr'><strong>qiman,</strong></span> <span class='ocrx_word' id='word_1_131' title='bbox 673 1779 886 1852; x_wconf 82' lang='lat' dir='ltr'><strong>briggan</strong></span> <span class='ocrx_word' id='word_1_132' title='bbox 912 1786 965 1833; x_wconf 89' lang='lat' dir='ltr'><strong>et</strong></span> <span class='ocrx_word' id='word_1_133' title='bbox 983 1777 1106 1842; x_wconf 91' lang='lat' dir='ltr'><strong>alia,</strong></span> <span class='ocrx_word' id='word_1_134' title='bbox 1129 1790 1248 1846; x_wconf 68' lang='lat' dir='ltr'><strong>qua:</strong></span> <span class='ocrx_word' id='word_1_135' title='bbox 1266 1777 1320 1828; x_wconf 82' lang='lat' dir='ltr'><strong>iu</strong></span> <span class='ocrx_word' id='word_1_136' title='bbox 1340 1789 1458 1826; x_wconf 89' lang='lat' dir='ltr'><strong>cum</strong></span> <span class='ocrx_word' id='word_1_137' title='bbox 1481 1771 1659 1827; x_wconf 79' lang='lat' dir='ltr'><strong>dativo</strong></span> 
     </span>
    </p>
   </div>
   <div class='ocr_carea' id='block_1_17' title="bbox 62 1863 1661 1948">
    <p class='ocr_par' dir='ltr' id='par_1_17' title="bbox 62 1863 1661 1948">
     <span class='ocr_line' id='line_1_17' title="bbox 62 1863 1661 1948; baseline -0.011 -14"><span class='ocrx_word' id='word_1_138' title='bbox 62 1886 267 1948; x_wconf 81' lang='lat' dir='ltr'><strong>regunt</strong></span> <span class='ocrx_word' id='word_1_139' title='bbox 289 1875 425 1948; x_wconf 84' lang='lat' dir='ltr'><strong>(vid.</strong></span> <span class='ocrx_word' id='word_1_140' title='bbox 464 1881 647 1929; x_wconf 92' lang='lat' dir='ltr'><strong>annot.</strong></span> <span class='ocrx_word' id='word_1_141' title='bbox 675 1873 763 1944; x_wconf 82' lang='lat' dir='ltr'><strong>i);</strong></span> <span class='ocrx_word' id='word_1_142' title='bbox 791 1880 1026 1926; x_wconf 87' lang='lat' dir='ltr'><strong>attamen</strong></span> <span class='ocrx_word' id='word_1_143' title='bbox 1059 1868 1145 1926; x_wconf 88' lang='lat' dir='ltr'><strong>hic</strong></span> <span class='ocrx_word' id='word_1_144' title='bbox 1170 1869 1329 1925; x_wconf 89' lang='lat' dir='ltr'><strong>etiam</strong></span> <span class='ocrx_word' id='word_1_145' title='bbox 1352 1875 1402 1919; x_wconf 87' lang='lat' dir='ltr'><strong>at</strong></span> <span class='ocrx_word' id='word_1_146' title='bbox 1431 1881 1550 1920; x_wconf 91' lang='lat' dir='ltr'><strong>cum</strong></span> <span class='ocrx_word' id='word_1_147' title='bbox 1575 1863 1661 1918; x_wconf 88' lang='lat' dir='ltr'><strong>da-</strong></span> 
     </span>
    </p>
   </div>
   <div class='ocr_carea' id='block_1_18' title="bbox 65 1960 1657 2042">
    <p class='ocr_par' dir='ltr' id='par_1_18' title="bbox 65 1960 1657 2042">
     <span class='ocr_line' id='line_1_18' title="bbox 65 1960 1657 2042; baseline -0.008 -16"><span class='ocrx_word' id='word_1_148' title='bbox 65 1971 186 2027; x_wconf 83' lang='lat' dir='ltr'><strong>tivo</strong></span> <span class='ocrx_word' id='word_1_149' title='bbox 206 1969 368 2041; x_wconf 89' lang='lat' dir='ltr'><strong>(apud</strong></span> <span class='ocrx_word' id='word_1_150' title='bbox 396 1966 508 2042; x_wconf 80' lang='lat' dir='ltr'><strong>[ad]</strong></span> <span class='ocrx_word' id='word_1_151' title='bbox 531 1967 758 2037; x_wconf 88' lang='lat' dir='ltr'><strong>aliquem</strong></span> <span class='ocrx_word' id='word_1_152' title='bbox 783 1963 989 2037; x_wconf 89' lang='lat' dir='ltr'><strong>venire)</strong></span> <span class='ocrx_word' id='word_1_153' title='bbox 1015 1963 1136 2033; x_wconf 91' lang='lat' dir='ltr'><strong>poni</strong></span> <span class='ocrx_word' id='word_1_154' title='bbox 1167 1971 1376 2033; x_wconf 85' lang='lat' dir='ltr'><strong>potest:</strong></span> <span class='ocrx_word' id='word_1_155' title='bbox 1409 1960 1537 2016; x_wconf 85' lang='lat' dir='ltr'><strong>Mth.</strong></span> <span class='ocrx_word' id='word_1_156' title='bbox 1566 1975 1657 2027; x_wconf 88' lang='lat' dir='ltr'><strong>vu,</strong></span> 
     </span>
    </p>
   </div>
   <div class='ocr_carea' id='block_1_19' title="bbox 67 2052 1658 2131">
    <p class='ocr_par' dir='ltr' id='par_1_19' title="bbox 67 2052 1658 2131">
     <span class='ocr_line' id='line_1_19' title="bbox 67 2052 1658 2131; baseline -0.008 -15"><span class='ocrx_word' id='word_1_157' title='bbox 67 2063 146 2116; x_wconf 79' lang='grc'><strong>15</strong></span> <span class='ocrx_word' id='word_1_158' title='bbox 167 2057 625 2131; x_wconf 74' lang='lat' dir='ltr'><strong>liugnapraufeteis</strong></span> <span class='ocrx_word' id='word_1_159' title='bbox 646 2057 856 2128; x_wconf 86' lang='lat' dir='ltr'><strong>qimaud</strong></span> <span class='ocrx_word' id='word_1_160' title='bbox 884 2063 945 2108; x_wconf 83' lang='lat' dir='ltr'><strong>at</strong></span> <span class='ocrx_word' id='word_1_161' title='bbox 971 2054 1126 2109; x_wconf 80' lang='lat' dir='ltr'><strong>izvis</strong></span> <span class='ocrx_word' id='word_1_162' title='bbox 1154 2056 1209 2109; x_wconf 79' lang='lat' dir='ltr'><strong>in</strong></span> <span class='ocrx_word' id='word_1_163' title='bbox 1231 2054 1446 2122; x_wconf 78' lang='lat' dir='ltr'><strong>vastjom</strong></span> <span class='ocrx_word' id='word_1_164' title='bbox 1475 2052 1658 2116; x_wconf 85' lang='lat' dir='ltr'><strong>lambe;</strong></span> 
     </span>
    </p>
   </div>
   <div class='ocr_carea' id='block_1_20' title="bbox 64 2137 1663 2221">
    <p class='ocr_par' dir='ltr' id='par_1_20' title="bbox 64 2137 1663 2221">
     <span class='ocr_line' id='line_1_20' title="bbox 64 2137 1663 2221; baseline -0.008 -13"><span class='ocrx_word' id='word_1_165' title='bbox 64 2153 178 2208; x_wconf 80' lang='lat' dir='ltr'><strong>Mc.</strong></span> <span class='ocrx_word' id='word_1_166' title='bbox 211 2167 288 2217; x_wconf 86' lang='lat' dir='ltr'><strong>Ix,</strong></span> <span class='ocrx_word' id='word_1_167' title='bbox 321 2149 386 2206; x_wconf 87' lang='grc'><strong>19</strong></span> <span class='ocrx_word' id='word_1_168' title='bbox 427 2147 601 2221; x_wconf 76' lang='grc' dir='ltr'><strong>ὁαὶνίῥ</strong></span> <span class='ocrx_word' id='word_1_169' title='bbox 645 2149 735 2202; x_wconf 82' lang='lat' dir='ltr'><strong>ina</strong></span> <span class='ocrx_word' id='word_1_170' title='bbox 764 2147 833 2201; x_wconf 86' lang='lat' dir='ltr'><strong>du</strong></span> <span class='ocrx_word' id='word_1_171' title='bbox 859 2145 978 2200; x_wconf 90' lang='lat' dir='ltr'><strong>mis.</strong></span> <span class='ocrx_word' id='word_1_172' title='bbox 1018 2143 1114 2218; x_wconf 76' lang='lat' dir='ltr'><strong>jah</strong></span> <span class='ocrx_word' id='word_1_173' title='bbox 1145 2145 1426 2198; x_wconf 78' lang='lat' dir='ltr'><strong>bra/ttedun</strong></span> <span class='ocrx_word' id='word_1_174' title='bbox 1471 2144 1561 2197; x_wconf 81' lang='lat' dir='ltr'><strong>ina</strong></span> <span class='ocrx_word' id='word_1_175' title='bbox 1594 2137 1663 2196; x_wconf 72' lang='lat' dir='ltr'><strong>at</strong></span> 
     </span>
    </p>
   </div>
   <div class='ocr_carea' id='block_1_21' title="bbox 65 2236 1664 2314">
    <p class='ocr_par' dir='ltr' id='par_1_21' title="bbox 65 2236 1664 2314">
     <span class='ocr_line' id='line_1_21' title="bbox 65 2236 1664 2314; baseline -0.008 -14"><span class='ocrx_word' id='word_1_176' title='bbox 65 2245 276 2301; x_wconf 81' lang='lat' dir='ltr'><strong>imma</strong></span> <span class='ocrx_word' id='word_1_177' title='bbox 303 2242 415 2314; x_wconf 91' lang='lat' dir='ltr'><strong>(ubi</strong></span> <span class='ocrx_word' id='word_1_178' title='bbox 444 2247 563 2312; x_wconf 90' lang='lat' dir='ltr'><strong>post</strong></span> <span class='ocrx_word' id='word_1_179' title='bbox 587 2241 762 2295; x_wconf 83' lang='lat' dir='ltr'><strong>bairan</strong></span> <span class='ocrx_word' id='word_1_180' title='bbox 801 2254 1015 2309; x_wconf 87' lang='lat' dir='ltr'><strong>semper</strong></span> <span class='ocrx_word' id='word_1_181' title='bbox 1042 2239 1132 2303; x_wconf 84' lang='lat' dir='ltr'><strong>du,</strong></span> <span class='ocrx_word' id='word_1_182' title='bbox 1163 2245 1285 2308; x_wconf 84' lang='lat' dir='ltr'><strong>post</strong></span> <span class='ocrx_word' id='word_1_183' title='bbox 1323 2246 1498 2292; x_wconf 90' lang='lat' dir='ltr'><strong>autem</strong></span> <span class='ocrx_word' id='word_1_184' title='bbox 1528 2236 1664 2306; x_wconf 80' lang='lat' dir='ltr'><strong>brig-</strong></span> 
     </span>
    </p>
   </div>
   <div class='ocr_carea' id='block_1_22' title="bbox 65 2325 1659 2409">
    <p class='ocr_par' dir='ltr' id='par_1_22' title="bbox 65 2325 1659 2409">
     <span class='ocr_line' id='line_1_22' title="bbox 65 2325 1659 2409; baseline -0.01 -12"><span class='ocrx_word' id='word_1_185' title='bbox 65 2356 176 2409; x_wconf 85' lang='lat' dir='ltr'><strong>gan</strong></span> <span class='ocrx_word' id='word_1_186' title='bbox 199 2376 215 2402; x_wconf 93' lang='lat'><strong>,</strong></span> <span class='ocrx_word' id='word_1_187' title='bbox 264 2344 315 2389; x_wconf 86' lang='lat' dir='ltr'><strong>at</strong></span> <span class='ocrx_word' id='word_1_188' title='bbox 346 2334 470 2405; x_wconf 90' lang='lat' dir='ltr'><strong>poni</strong></span> <span class='ocrx_word' id='word_1_189' title='bbox 501 2332 683 2389; x_wconf 84' lang='lat' dir='ltr'><strong>videre</strong></span> <span class='ocrx_word' id='word_1_190' title='bbox 711 2331 818 2404; x_wconf 88' lang='lat' dir='ltr'><strong>est)</strong></span> <span class='ocrx_word' id='word_1_191' title='bbox 844 2373 860 2400; x_wconf 93' lang='lat'><strong>,</strong></span> <span class='ocrx_word' id='word_1_192' title='bbox 909 2330 1017 2386; x_wconf 91' lang='lat' dir='ltr'><strong>vid.</strong></span> <span class='ocrx_word' id='word_1_193' title='bbox 1067 2330 1229 2400; x_wconf 81' lang='lat' dir='ltr'><strong>gloss.</strong></span> <span class='ocrx_word' id='word_1_194' title='bbox 1263 2327 1376 2384; x_wconf 79' lang='lat' dir='ltr'><strong>Ana</strong></span> <span class='ocrx_word' id='word_1_195' title='bbox 1405 2327 1468 2400; x_wconf 87' lang='grc' dir='ltr'><strong>Β)</strong></span> <span class='ocrx_word' id='word_1_196' title='bbox 1502 2326 1553 2398; x_wconf 86' lang='grc'><strong>1)</strong></span> <span class='ocrx_word' id='word_1_197' title='bbox 1585 2325 1659 2399; x_wconf 91' lang='lat' dir='ltr'><strong>b).</strong></span> 
     </span>
    </p>
   </div>
   <div class='ocr_carea' id='block_1_23' title="bbox 151 2423 1660 2501">
    <p class='ocr_par' dir='ltr' id='par_1_23' title="bbox 151 2423 1660 2501">
     <span class='ocr_line' id='line_1_23' title="bbox 151 2423 1660 2501; baseline -0.007 -14"><span class='ocrx_word' id='word_1_198' title='bbox 151 2433 347 2501; x_wconf 85' lang='lat' dir='ltr'><strong>Prope,</strong></span> <span class='ocrx_word' id='word_1_199' title='bbox 366 2427 516 2501; x_wconf 84' lang='lat' dir='ltr'><strong>juxta</strong></span> <span class='ocrx_word' id='word_1_200' title='bbox 538 2428 763 2484; x_wconf 87' lang='lat' dir='ltr'><strong>vertitur</strong></span> <span class='ocrx_word' id='word_1_201' title='bbox 783 2443 888 2482; x_wconf 84' lang='lat' dir='ltr'><strong>new</strong></span> <span class='ocrx_word' id='word_1_202' title='bbox 905 2441 1024 2482; x_wconf 91' lang='lat' dir='ltr'><strong>cum</strong></span> <span class='ocrx_word' id='word_1_203' title='bbox 1052 2423 1354 2482; x_wconf 89' lang='lat' dir='ltr'><strong>accusativo</strong></span> <span class='ocrx_word' id='word_1_204' title='bbox 1379 2442 1390 2477; x_wconf 91' lang='lat'>:</span> <span class='ocrx_word' id='word_1_205' title='bbox 1417 2423 1546 2478; x_wconf 87' lang='lat' dir='ltr'><strong>Luc.</strong></span> <span class='ocrx_word' id='word_1_206' title='bbox 1573 2439 1660 2492; x_wconf 79' lang='lat' dir='ltr'><strong>xv,</strong></span> 
     </span>
    </p>
   </div>
   <div class='ocr_carea' id='block_1_24' title="bbox 69 2513 1665 2591">
    <p class='ocr_par' dir='ltr' id='par_1_24' title="bbox 69 2513 1665 2591">
     <span class='ocr_line' id='line_1_24' title="bbox 69 2513 1665 2591; baseline -0.006 -12"><span class='ocrx_word' id='word_1_207' title='bbox 69 2527 148 2583; x_wconf 81' lang='grc'><strong>15</strong></span> <span class='ocrx_word' id='word_1_208' title='bbox 177 2523 382 2590; x_wconf 73' lang='lat' dir='ltr'><strong>atiddia</strong></span> <span class='ocrx_word' id='word_1_209' title='bbox 421 2539 545 2578; x_wconf 85' lang='lat' dir='ltr'><strong>new</strong></span> <span class='ocrx_word' id='word_1_210' title='bbox 573 2537 763 2587; x_wconf 77' lang='lat' dir='ltr'><strong>razn;</strong></span> <span class='ocrx_word' id='word_1_211' title='bbox 793 2526 915 2591; x_wconf 90' lang='lat' dir='ltr'><strong>post</strong></span> <span class='ocrx_word' id='word_1_212' title='bbox 950 2519 1122 2587; x_wconf 86' lang='lat' dir='ltr'><strong>qiman</strong></span> <span class='ocrx_word' id='word_1_213' title='bbox 1149 2526 1324 2573; x_wconf 89' lang='lat' dir='ltr'><strong>autem</strong></span> <span class='ocrx_word' id='word_1_214' title='bbox 1359 2533 1496 2571; x_wconf 85' lang='lat' dir='ltr'><strong>uewa</strong></span> <span class='ocrx_word' id='word_1_215' title='bbox 1525 2513 1665 2571; x_wconf 89' lang='lat' dir='ltr'><strong>dati-</strong></span> 
     </span>
    </p>
   </div>
   <div class='ocr_carea' id='block_1_25' title="bbox 69 2610 1665 2689">
    <p class='ocr_par' dir='ltr' id='par_1_25' title="bbox 69 2610 1665 2689">
     <span class='ocr_line' id='line_1_25' title="bbox 69 2610 1665 2689; baseline -0.006 -16"><span class='ocrx_word' id='word_1_216' title='bbox 69 2635 202 2674; x_wconf 86' lang='lat' dir='ltr'><strong>vum</strong></span> <span class='ocrx_word' id='word_1_217' title='bbox 251 2617 386 2689; x_wconf 89' lang='lat' dir='ltr'><strong>regit</strong></span> <span class='ocrx_word' id='word_1_218' title='bbox 411 2615 558 2688; x_wconf 93' lang='lat' dir='ltr'><strong>(coll.</strong></span> <span class='ocrx_word' id='word_1_219' title='bbox 605 2622 788 2670; x_wconf 90' lang='lat' dir='ltr'><strong>aunot.</strong></span> <span class='ocrx_word' id='word_1_220' title='bbox 824 2612 878 2684; x_wconf 91' lang='grc'><strong>1)</strong></span> <span class='ocrx_word' id='word_1_221' title='bbox 909 2629 922 2666; x_wconf 90' lang='lat'><strong>:</strong></span> <span class='ocrx_word' id='word_1_222' title='bbox 954 2612 1109 2668; x_wconf 81' lang='lat' dir='ltr'><strong>Joan.</strong></span> <span class='ocrx_word' id='word_1_223' title='bbox 1141 2627 1214 2676; x_wconf 83' lang='lat' dir='ltr'><strong>v1,</strong></span> <span class='ocrx_word' id='word_1_224' title='bbox 1261 2612 1328 2668; x_wconf 90' lang='grc'><strong>19</strong></span> <span class='ocrx_word' id='word_1_225' title='bbox 1370 2610 1665 2684; x_wconf 83' lang='lat' dir='ltr'><strong>gasaiwand</strong></span> 
     </span>
    </p>
   </div>
   <div class='ocr_carea' id='block_1_26' title="bbox 67 2704 1706 2779">
    <p class='ocr_par' dir='ltr' id='par_1_26' title="bbox 67 2704 1706 2779">
     <span class='ocr_line' id='line_1_26' title="bbox 67 2704 1706 2779; baseline -0.004 -14"><span class='ocrx_word' id='word_1_226' title='bbox 67 2709 187 2766; x_wconf 71' lang='lat' dir='ltr'><strong>iesu</strong></span> <span class='ocrx_word' id='word_1_227' title='bbox 229 2724 396 2764; x_wconf 85' lang='lat' dir='ltr'><strong>newa</strong></span> <span class='ocrx_word' id='word_1_228' title='bbox 437 2705 618 2777; x_wconf 75' lang='lat' dir='ltr'><strong>sitipa</strong></span> <span class='ocrx_word' id='word_1_229' title='bbox 662 2707 972 2779; x_wconf 83' lang='lat' dir='ltr'><strong>qimandan;</strong></span> <span class='ocrx_word' id='word_1_230' title='bbox 1014 2705 1107 2762; x_wconf 76' lang='lat'><strong>25.</strong></span> <span class='ocrx_word' id='word_1_231' title='bbox 1150 2704 1328 2774; x_wconf 82' lang='lat' dir='ltr'><strong>Usque</strong></span> <span class='ocrx_word' id='word_1_232' title='bbox 1371 2705 1435 2761; x_wconf 71' lang='lat' dir='ltr'><strong>ad</strong></span> <span class='ocrx_word' id='word_1_233' title='bbox 1475 2705 1666 2760; x_wconf 86' lang='lat' dir='ltr'><strong>dicitur</strong></span> <span class='ocrx_word' id='word_1_234' title='bbox 1694 2705 1706 2718; x_wconf 88' lang='lat'><strong><em>&#39;</em></strong></span> 
     </span>
    </p>
   </div>
   <div class='ocr_carea' id='block_1_27' title="bbox 68 2797 1665 2870">
    <p class='ocr_par' dir='ltr' id='par_1_27' title="bbox 68 2797 1665 2870">
     <span class='ocr_line' id='line_1_27' title="bbox 68 2797 1665 2870; baseline -0.006 -11"><span class='ocrx_word' id='word_1_235' title='bbox 68 2804 185 2859; x_wconf 83' lang='lat' dir='ltr'><strong>und</strong></span> <span class='ocrx_word' id='word_1_236' title='bbox 205 2819 328 2857; x_wconf 87' lang='lat' dir='ltr'><strong>cum</strong></span> <span class='ocrx_word' id='word_1_237' title='bbox 355 2801 695 2857; x_wconf 77' lang='lat' dir='ltr'><strong>accusativo:</strong></span> <span class='ocrx_word' id='word_1_238' title='bbox 720 2801 850 2856; x_wconf 88' lang='lat' dir='ltr'><strong>Luc.</strong></span> <span class='ocrx_word' id='word_1_239' title='bbox 878 2817 948 2866; x_wconf 85' lang='lat' dir='ltr'><strong>rv,</strong></span> <span class='ocrx_word' id='word_1_240' title='bbox 976 2797 1048 2853; x_wconf 73' lang='grc'><strong>42</strong></span> <span class='ocrx_word' id='word_1_241' title='bbox 1075 2800 1365 2870; x_wconf 85' lang='lat' dir='ltr'><strong>manageins</strong></span> <span class='ocrx_word' id='word_1_242' title='bbox 1387 2797 1665 2853; x_wconf 77' lang='lat' dir='ltr'><strong>sokidedun</strong></span> 
     </span>
    </p>
   </div>
   <div class='ocr_carea' id='block_1_28' title="bbox 68 2887 1666 2966">
    <p class='ocr_par' dir='ltr' id='par_1_28' title="bbox 68 2887 1666 2966">
     <span class='ocr_line' id='line_1_28' title="bbox 68 2887 1666 2966; baseline -0.006 -15"><span class='ocrx_word' id='word_1_243' title='bbox 68 2894 187 2952; x_wconf 71' lang='lat' dir='ltr'><strong>iam</strong></span> <span class='ocrx_word' id='word_1_244' title='bbox 223 2893 322 2966; x_wconf 84' lang='lat' dir='ltr'><strong>jalt</strong></span> <span class='ocrx_word' id='word_1_245' title='bbox 368 2909 551 2964; x_wconf 82' lang='lat' dir='ltr'><strong>qemuu</strong></span> <span class='ocrx_word' id='word_1_246' title='bbox 595 2893 728 2946; x_wconf 85' lang='lat' dir='ltr'><strong>und</strong></span> <span class='ocrx_word' id='word_1_247' title='bbox 771 2895 921 2956; x_wconf 82' lang='lat' dir='ltr'><strong>ina;</strong></span> <span class='ocrx_word' id='word_1_248' title='bbox 949 2889 1019 2945; x_wconf 72' lang='lat'><strong>29</strong></span> <span class='ocrx_word' id='word_1_249' title='bbox 1064 2889 1346 2945; x_wconf 85' lang='lat' dir='ltr'><strong>brahteduu</strong></span> <span class='ocrx_word' id='word_1_250' title='bbox 1373 2891 1484 2943; x_wconf 81' lang='lat' dir='ltr'><strong>iesu</strong></span> <span class='ocrx_word' id='word_1_251' title='bbox 1534 2887 1666 2942; x_wconf 84' lang='lat' dir='ltr'><strong>und</strong></span> 
     </span>
    </p>
   </div>
   <div class='ocr_carea' id='block_1_29' title="bbox 70 2981 1666 3056">
    <p class='ocr_par' dir='ltr' id='par_1_29' title="bbox 70 2981 1666 3056">
     <span class='ocr_line' id='line_1_29' title="bbox 70 2981 1666 3056; baseline -0.006 -14"><span class='ocrx_word' id='word_1_252' title='bbox 70 2987 413 3042; x_wconf 76' lang='lat' dir='ltr'><strong>auhmisto</strong></span> <span class='ocrx_word' id='word_1_253' title='bbox 444 2981 535 3056; x_wconf 66' lang='lat' dir='ltr'><strong>pi:</strong></span> <span class='ocrx_word' id='word_1_254' title='bbox 567 2983 877 3055; x_wconf 81' lang='lat' dir='ltr'><strong>fairgunjis;</strong></span> <span class='ocrx_word' id='word_1_255' title='bbox 911 2981 1011 3036; x_wconf 88' lang='lat' dir='ltr'><strong>Mc.</strong></span> <span class='ocrx_word' id='word_1_256' title='bbox 1060 2993 1176 3048; x_wconf 72' lang='grc' dir='ltr'>χιιι,</span> <span class='ocrx_word' id='word_1_257' title='bbox 1208 2982 1274 3034; x_wconf 73' lang='grc'><strong>27</strong></span> <span class='ocrx_word' id='word_1_258' title='bbox 1316 2995 1476 3034; x_wconf 78' lang='lat' dir='ltr'><strong>sanus</strong></span> <span class='ocrx_word' id='word_1_259' title='bbox 1523 2993 1666 3033; x_wconf 73' lang='lat' dir='ltr'><strong>mana</strong></span> 
     </span>
    </p>
   </div>
   <div class='ocr_carea' id='block_1_30' title="bbox 71 3061 1668 3152">
    <p class='ocr_par' dir='ltr' id='par_1_30' title="bbox 71 3061 1668 3152">
     <span class='ocr_line' id='line_1_30' title="bbox 71 3061 1668 3152; baseline -0.006 -18"><span class='ocrx_word' id='word_1_260' title='bbox 71 3061 270 3152; x_wconf 75' lang='lat' dir='ltr'><strong>galisid</strong></span> <span class='ocrx_word' id='word_1_261' title='bbox 286 3076 583 3150; x_wconf 77' lang='lat' dir='ltr'><strong>gaualidans</strong></span> <span class='ocrx_word' id='word_1_262' title='bbox 603 3077 808 3130; x_wconf 83' lang='lat' dir='ltr'><strong>seinans</strong></span> <span class='ocrx_word' id='word_1_263' title='bbox 829 3078 892 3146; x_wconf 81' lang='lat' dir='ltr'><strong>af</strong></span> <span class='ocrx_word' id='word_1_264' title='bbox 906 3074 1070 3144; x_wconf 65' lang='grc' dir='ltr'><strong>[ἰαυοῖ</strong></span> <span class='ocrx_word' id='word_1_265' title='bbox 1087 3074 1290 3128; x_wconf 83' lang='lat' dir='ltr'><strong>uindam</strong></span> <span class='ocrx_word' id='word_1_266' title='bbox 1307 3073 1438 3142; x_wconf 75' lang='lat' dir='ltr'><strong>{ram</strong></span> <span class='ocrx_word' id='word_1_267' title='bbox 1455 3073 1668 3143; x_wconf 84' lang='lat' dir='ltr'><strong>andjam</strong></span> 
     </span>
    </p>
   </div>
   <div class='ocr_carea' id='block_1_31' title="bbox 72 3165 1664 3243">
    <p class='ocr_par' dir='ltr' id='par_1_31' title="bbox 72 3165 1664 3243">
     <span class='ocr_line' id='line_1_31' title="bbox 72 3165 1664 3243; baseline -0.004 -17"><span class='ocrx_word' id='word_1_268' title='bbox 72 3170 266 3243; x_wconf 67' lang='lat' dir='ltr'><strong>air-pos</strong></span> <span class='ocrx_word' id='word_1_269' title='bbox 297 3170 421 3224; x_wconf 79' lang='lat' dir='ltr'><strong>und</strong></span> <span class='ocrx_word' id='word_1_270' title='bbox 450 3169 602 3223; x_wconf 84' lang='lat' dir='ltr'><strong>andi</strong></span> <span class='ocrx_word' id='word_1_271' title='bbox 631 3168 874 3236; x_wconf 77' lang='lat' dir='ltr'><strong>himinis;</strong></span> <span class='ocrx_word' id='word_1_272' title='bbox 903 3166 1012 3223; x_wconf 88' lang='lat' dir='ltr'><strong>vid.</strong></span> <span class='ocrx_word' id='word_1_273' title='bbox 1042 3167 1208 3238; x_wconf 88' lang='lat' dir='ltr'><strong>gloss.</strong></span> <span class='ocrx_word' id='word_1_274' title='bbox 1236 3165 1374 3221; x_wconf 80' lang='lat' dir='ltr'><strong>Und.</strong></span> <span class='ocrx_word' id='word_1_275' title='bbox 1418 3167 1458 3221; x_wconf 95' lang='grc'><strong>1.</strong></span> <span class='ocrx_word' id='word_1_276' title='bbox 1493 3165 1559 3237; x_wconf 74' lang='grc' dir='ltr'><strong>Α)</strong></span> <span class='ocrx_word' id='word_1_277' title='bbox 1589 3167 1664 3236; x_wconf 94' lang='grc'><strong>1).</strong></span> 
     </span>
    </p>
   </div>
   <div class='ocr_carea' id='block_1_32' title="bbox 145 3259 1669 3333">
    <p class='ocr_par' dir='ltr' id='par_1_32' title="bbox 145 3259 1669 3333">
     <span class='ocr_line' id='line_1_32' title="bbox 145 3259 1669 3333; baseline -0.002 -17"><span class='ocrx_word' id='word_1_278' title='bbox 145 3261 399 3328; x_wconf 82' lang='lat' dir='ltr'><strong>Obviam,</strong></span> <span class='ocrx_word' id='word_1_279' title='bbox 428 3262 587 3333; x_wconf 78' lang='lat' dir='ltr'><strong>vipra</strong></span> <span class='ocrx_word' id='word_1_280' title='bbox 625 3277 744 3317; x_wconf 89' lang='lat' dir='ltr'><strong>cum</strong></span> <span class='ocrx_word' id='word_1_281' title='bbox 775 3263 1079 3317; x_wconf 78' lang='lat' dir='ltr'><strong>accdsativo</strong></span> <span class='ocrx_word' id='word_1_282' title='bbox 1111 3277 1126 3316; x_wconf 89' lang='lat'><strong>:</strong></span> <span class='ocrx_word' id='word_1_283' title='bbox 1158 3259 1292 3316; x_wconf 79' lang='lat' dir='ltr'><strong>Mth.</strong></span> <span class='ocrx_word' id='word_1_284' title='bbox 1323 3273 1438 3324; x_wconf 88' lang='lat' dir='ltr'><strong>vm,</strong></span> <span class='ocrx_word' id='word_1_285' title='bbox 1462 3260 1532 3315; x_wconf 64' lang='grc'><strong>’54</strong></span> <span class='ocrx_word' id='word_1_286' title='bbox 1559 3260 1669 3314; x_wconf 84' lang='lat' dir='ltr'><strong>alla</strong></span> 
     </span>
    </p>
   </div>
   <div class='ocr_carea' id='block_1_33' title="bbox 73 3351 1671 3431">
    <p class='ocr_par' dir='ltr' id='par_1_33' title="bbox 73 3351 1671 3431">
     <span class='ocr_line' id='line_1_33' title="bbox 73 3351 1671 3431; baseline -0.004 -16"><span class='ocrx_word' id='word_1_287' title='bbox 73 3377 132 3415; x_wconf 83' lang='lat' dir='ltr'><strong>so</strong></span> <span class='ocrx_word' id='word_1_288' title='bbox 156 3358 348 3427; x_wconf 81' lang='lat' dir='ltr'><strong>baurgs</strong></span> <span class='ocrx_word' id='word_1_289' title='bbox 370 3356 580 3431; x_wconf 76' lang='lat' dir='ltr'><strong>usiddja</strong></span> <span class='ocrx_word' id='word_1_290' title='bbox 608 3354 803 3427; x_wconf 71' lang='lat' dir='ltr'><strong>vipra</strong></span> <span class='ocrx_word' id='word_1_291' title='bbox 827 3356 1000 3421; x_wconf 69' lang='lat' dir='ltr'><strong>issu;</strong></span> <span class='ocrx_word' id='word_1_292' title='bbox 1030 3354 1153 3409; x_wconf 90' lang='lat' dir='ltr'><strong>hinc</strong></span> <span class='ocrx_word' id='word_1_293' title='bbox 1181 3355 1320 3409; x_wconf 80' lang='lat' dir='ltr'><strong>sicut</strong></span> <span class='ocrx_word' id='word_1_294' title='bbox 1335 3355 1391 3408; x_wconf 81' lang='lat' dir='ltr'><strong>in</strong></span> <span class='ocrx_word' id='word_1_295' title='bbox 1422 3351 1556 3426; x_wconf 87' lang='lat' dir='ltr'><strong>(vid.</strong></span> <span class='ocrx_word' id='word_1_296' title='bbox 1581 3368 1671 3409; x_wconf 87' lang='lat' dir='ltr'><strong>su-</strong></span> 
     </span>
    </p>
   </div>
   <div class='ocr_carea' id='block_1_34' title="bbox 74 3437 1670 3523">
    <p class='ocr_par' dir='ltr' id='par_1_34' title="bbox 74 3437 1670 3523">
     <span class='ocr_line' id='line_1_34' title="bbox 74 3437 1670 3523; baseline 0 -17"><span class='ocrx_word' id='word_1_297' title='bbox 74 3467 176 3523; x_wconf 86' lang='lat' dir='ltr'><strong>pra</strong></span> <span class='ocrx_word' id='word_1_298' title='bbox 205 3450 262 3522; x_wconf 88' lang='lat' dir='ltr'><strong>a)</strong></span> <span class='ocrx_word' id='word_1_299' title='bbox 291 3457 496 3515; x_wconf 89' lang='lat' dir='ltr'><strong>contra,</strong></span> <span class='ocrx_word' id='word_1_300' title='bbox 527 3461 736 3516; x_wconf 87' lang='lat' dir='ltr'><strong>versus,</strong></span> <span class='ocrx_word' id='word_1_301' title='bbox 757 3449 1013 3504; x_wconf 88' lang='lat' dir='ltr'><strong>adversus</strong></span> <span class='ocrx_word' id='word_1_302' title='bbox 1032 3437 1150 3504; x_wconf 70' lang='lat' dir='ltr'><strong>sive</strong></span> <span class='ocrx_word' id='word_1_303' title='bbox 1178 3448 1232 3505; x_wconf 90' lang='lat' dir='ltr'><strong>in</strong></span> <span class='ocrx_word' id='word_1_304' title='bbox 1253 3449 1447 3506; x_wconf 81' lang='lat' dir='ltr'><strong>bonam</strong></span> <span class='ocrx_word' id='word_1_305' title='bbox 1477 3449 1596 3507; x_wconf 88' lang='lat' dir='ltr'><strong>sive</strong></span> <span class='ocrx_word' id='word_1_306' title='bbox 1615 3449 1670 3506; x_wconf 91' lang='lat' dir='ltr'><strong>in</strong></span> 
     </span>
    </p>
   </div>
   <div class='ocr_carea' id='block_1_35' title="bbox 74 3541 1225 3616">
    <p class='ocr_par' dir='ltr' id='par_1_35' title="bbox 74 3541 1225 3616">
     <span class='ocr_line' id='line_1_35' title="bbox 74 3541 1225 3616; baseline -0.003 -15"><span class='ocrx_word' id='word_1_307' title='bbox 74 3545 282 3602; x_wconf 80' lang='lat' dir='ltr'><strong>malam</strong></span> <span class='ocrx_word' id='word_1_308' title='bbox 299 3554 523 3615; x_wconf 87' lang='lat' dir='ltr'><strong>partem,</strong></span> <span class='ocrx_word' id='word_1_309' title='bbox 545 3543 654 3600; x_wconf 83' lang='lat' dir='ltr'><strong>vid.</strong></span> <span class='ocrx_word' id='word_1_310' title='bbox 677 3545 843 3615; x_wconf 88' lang='lat' dir='ltr'><strong>gloss.</strong></span> <span class='ocrx_word' id='word_1_311' title='bbox 866 3557 921 3599; x_wconf 75' lang='grc' dir='ltr'><strong>ν.</strong></span> <span class='ocrx_word' id='word_1_312' title='bbox 957 3541 1127 3616; x_wconf 70' lang='grc' dir='ltr'><strong>νιρω</strong></span> <span class='ocrx_word' id='word_1_313' title='bbox 1150 3543 1225 3616; x_wconf 85' lang='lat' dir='ltr'><strong>b).</strong></span> 
     </span>
    </p>
   </div>
   <div class='ocr_carea' id='block_1_36' title="bbox 152 3637 1672 3711">
    <p class='ocr_par' dir='ltr' id='par_1_36' title="bbox 152 3637 1672 3711">
     <span class='ocr_line' id='line_1_36' title="bbox 152 3637 1672 3711; baseline 0.001 -17"><span class='ocrx_word' id='word_1_314' title='bbox 152 3639 204 3711; x_wconf 84' lang='lat' dir='ltr'><strong>c)</strong></span> <span class='ocrx_word' id='word_1_315' title='bbox 235 3639 474 3708; x_wconf 87' lang='lat' dir='ltr'><strong>Circum,</strong></span> <span class='ocrx_word' id='word_1_316' title='bbox 505 3637 556 3695; x_wconf 90' lang='lat' dir='ltr'><strong>bi</strong></span> <span class='ocrx_word' id='word_1_317' title='bbox 585 3650 705 3695; x_wconf 83' lang='lat' dir='ltr'><strong>cum</strong></span> <span class='ocrx_word' id='word_1_318' title='bbox 737 3639 1041 3696; x_wconf 87' lang='lat' dir='ltr'><strong>accusativo</strong></span> <span class='ocrx_word' id='word_1_319' title='bbox 1067 3659 1079 3695; x_wconf 85' lang='lat'>;</span> <span class='ocrx_word' id='word_1_320' title='bbox 1105 3639 1206 3697; x_wconf 82' lang='lat' dir='ltr'><strong>Mc.</strong></span> <span class='ocrx_word' id='word_1_321' title='bbox 1230 3655 1309 3708; x_wconf 88' lang='grc' dir='ltr'>ιιι,</span> <span class='ocrx_word' id='word_1_322' title='bbox 1337 3641 1407 3697; x_wconf 76' lang='grc'><strong>52</strong></span> <span class='ocrx_word' id='word_1_323' title='bbox 1433 3651 1580 3697; x_wconf 84' lang='lat' dir='ltr'><strong>setun</strong></span> <span class='ocrx_word' id='word_1_324' title='bbox 1610 3641 1672 3696; x_wconf 89' lang='lat' dir='ltr'><strong>bi</strong></span> 
     </span>
    </p>
   </div>
   <div class='ocr_carea' id='block_1_37' title="bbox 73 3732 1672 3806">
    <p class='ocr_par' dir='ltr' id='par_1_37' title="bbox 73 3732 1672 3806">
     <span class='ocr_line' id='line_1_37' title="bbox 73 3732 1672 3806; baseline -0.002 -17"><span class='ocrx_word' id='word_1_325' title='bbox 73 3733 191 3789; x_wconf 79' lang='lat' dir='ltr'><strong>ina</strong></span> <span class='ocrx_word' id='word_1_326' title='bbox 215 3733 472 3804; x_wconf 87' lang='lat' dir='ltr'><strong>managei;</strong></span> <span class='ocrx_word' id='word_1_327' title='bbox 494 3733 621 3787; x_wconf 79' lang='lat' dir='ltr'><strong>Mtlt.</strong></span> <span class='ocrx_word' id='word_1_328' title='bbox 647 3748 760 3802; x_wconf 90' lang='lat' dir='ltr'><strong>vut,</strong></span> <span class='ocrx_word' id='word_1_329' title='bbox 788 3733 854 3789; x_wconf 85' lang='grc'><strong>18</strong></span> <span class='ocrx_word' id='word_1_330' title='bbox 870 3749 1040 3806; x_wconf 83' lang='lat' dir='ltr'><strong>gasaw</strong></span> <span class='ocrx_word' id='word_1_331' title='bbox 1061 3735 1194 3788; x_wconf 79' lang='lat' dir='ltr'><strong>iesus</strong></span> <span class='ocrx_word' id='word_1_332' title='bbox 1221 3750 1500 3804; x_wconf 81' lang='lat' dir='ltr'><strong>managans</strong></span> <span class='ocrx_word' id='word_1_333' title='bbox 1523 3732 1672 3787; x_wconf 76' lang='lat' dir='ltr'><strong>biub-</strong></span> 
     </span>
    </p>
   </div>
   <div class='ocr_carea' id='block_1_38' title="bbox 75 3824 1673 3897">
    <p class='ocr_par' dir='ltr' id='par_1_38' title="bbox 75 3824 1673 3897">
     <span class='ocr_line' id='line_1_38' title="bbox 75 3824 1673 3897; baseline 0.001 -16"><span class='ocrx_word' id='word_1_334' title='bbox 75 3844 230 3881; x_wconf 80' lang='lat' dir='ltr'><strong>mans</strong></span> <span class='ocrx_word' id='word_1_335' title='bbox 271 3825 330 3879; x_wconf 87' lang='lat' dir='ltr'><strong>bi</strong></span> <span class='ocrx_word' id='word_1_336' title='bbox 379 3826 513 3893; x_wconf 71' lang='lat' dir='ltr'><strong>silc;</strong></span> <span class='ocrx_word' id='word_1_337' title='bbox 563 3825 670 3881; x_wconf 90' lang='lat' dir='ltr'><strong>vid.</strong></span> <span class='ocrx_word' id='word_1_338' title='bbox 721 3826 883 3896; x_wconf 86' lang='lat' dir='ltr'><strong>gloss.</strong></span> <span class='ocrx_word' id='word_1_339' title='bbox 952 3825 1016 3880; x_wconf 86' lang='lat' dir='ltr'><strong>Bi</strong></span> <span class='ocrx_word' id='word_1_340' title='bbox 1071 3826 1114 3884; x_wconf 96' lang='grc'><strong>1.</strong></span> <span class='ocrx_word' id='word_1_341' title='bbox 1173 3824 1241 3897; x_wconf 86' lang='grc' dir='ltr'><strong>Α)</strong></span> <span class='ocrx_word' id='word_1_342' title='bbox 1301 3826 1374 3897; x_wconf 89' lang='grc'><strong>1).</strong></span> <span class='ocrx_word' id='word_1_343' title='bbox 1429 3825 1565 3883; x_wconf 86' lang='lat' dir='ltr'><strong>Hinc</strong></span> <span class='ocrx_word' id='word_1_344' title='bbox 1618 3827 1673 3882; x_wconf 92' lang='lat' dir='ltr'><strong>in</strong></span> 
     </span>
    </p>
   </div>
   <div class='ocr_carea' id='block_1_39' title="bbox 77 3919 1675 4000">
    <p class='ocr_par' dir='ltr' id='par_1_39' title="bbox 77 3919 1675 4000">
     <span class='ocr_line' id='line_1_39' title="bbox 77 3919 1675 4000; baseline 0 -24"><span class='ocrx_word' id='word_1_345' title='bbox 77 3919 455 3989; x_wconf 85' lang='lat' dir='ltr'><strong>metaphorico</strong></span> <span class='ocrx_word' id='word_1_346' title='bbox 478 3933 660 3987; x_wconf 89' lang='lat' dir='ltr'><strong>sensu,</strong></span> <span class='ocrx_word' id='word_1_347' title='bbox 691 3919 780 3987; x_wconf 91' lang='lat' dir='ltr'><strong>de,</strong></span> <span class='ocrx_word' id='word_1_348' title='bbox 805 3929 987 3992; x_wconf 81' lang='lat' dir='ltr'><strong>Super,</strong></span> <span class='ocrx_word' id='word_1_349' title='bbox 1020 3920 1162 3976; x_wconf 91' lang='lat' dir='ltr'><strong>circa</strong></span> <span class='ocrx_word' id='word_1_350' title='bbox 1195 3921 1338 4000; x_wconf 80' lang='grc' dir='ltr'><strong>(περί</strong></span> <span class='ocrx_word' id='word_1_351' title='bbox 1365 3937 1486 3977; x_wconf 78' lang='lat' dir='ltr'><strong>eum</strong></span> <span class='ocrx_word' id='word_1_352' title='bbox 1515 3936 1675 3978; x_wconf 88' lang='lat' dir='ltr'><strong>accu-</strong></span> 
     </span>
    </p>
   </div>
   <div class='ocr_carea' id='block_1_40' title="bbox 75 4014 1674 4097">
    <p class='ocr_par' dir='ltr' id='par_1_40' title="bbox 75 4014 1674 4097">
     <span class='ocr_line' id='line_1_40' title="bbox 75 4014 1674 4097; baseline 0.003 -28"><span class='ocrx_word' id='word_1_353' title='bbox 75 4014 280 4086; x_wconf 87' lang='lat' dir='ltr'><strong>sativo)</strong></span> <span class='ocrx_word' id='word_1_354' title='bbox 300 4015 563 4085; x_wconf 84' lang='lat' dir='ltr'><strong>signiﬁcat</strong></span> <span class='ocrx_word' id='word_1_355' title='bbox 584 4025 702 4086; x_wconf 88' lang='lat' dir='ltr'><strong>post</strong></span> <span class='ocrx_word' id='word_1_356' title='bbox 717 4016 879 4071; x_wconf 79' lang='lat' dir='ltr'><strong>Verba</strong></span> <span class='ocrx_word' id='word_1_357' title='bbox 896 4015 1130 4083; x_wconf 88' lang='lat' dir='ltr'><strong>dicendi,</strong></span> <span class='ocrx_word' id='word_1_358' title='bbox 1155 4031 1362 4072; x_wconf 89' lang='lat' dir='ltr'><strong>necnon</strong></span> <span class='ocrx_word' id='word_1_359' title='bbox 1385 4023 1439 4072; x_wconf 94' lang='lat' dir='ltr'><strong>et</strong></span> <span class='ocrx_word' id='word_1_360' title='bbox 1457 4017 1509 4072; x_wconf 88' lang='lat' dir='ltr'><strong>in</strong></span> <span class='ocrx_word' id='word_1_361' title='bbox 1535 4018 1674 4097; x_wconf 76' lang='grc' dir='ltr'><strong>(περὶ</strong></span> 
     </span>
    </p>
   </div>
   <div class='ocr_carea' id='block_1_41' title="bbox 73 4107 1672 4182">
    <p class='ocr_par' dir='ltr' id='par_1_41' title="bbox 73 4107 1672 4182">
     <span class='ocr_line' id='line_1_41' title="bbox 73 4107 1672 4182; baseline 0.001 -19"><span class='ocrx_word' id='word_1_362' title='bbox 73 4123 204 4163; x_wconf 90' lang='lat' dir='ltr'><strong>cum</strong></span> <span class='ocrx_word' id='word_1_363' title='bbox 234 4107 472 4176; x_wconf 81' lang='lat' dir='ltr'><strong>genitivo</strong></span> <span class='ocrx_word' id='word_1_364' title='bbox 502 4117 556 4164; x_wconf 92' lang='lat' dir='ltr'><strong>et</strong></span> <span class='ocrx_word' id='word_1_365' title='bbox 595 4107 923 4180; x_wconf 86' lang='lat' dir='ltr'><strong>accusativo)</strong></span> <span class='ocrx_word' id='word_1_366' title='bbox 952 4117 1008 4165; x_wconf 93' lang='lat' dir='ltr'><strong>et</strong></span> <span class='ocrx_word' id='word_1_367' title='bbox 1036 4110 1329 4166; x_wconf 90' lang='lat' dir='ltr'><strong>secundum</strong></span> <span class='ocrx_word' id='word_1_368' title='bbox 1377 4112 1524 4182; x_wconf 80' lang='grc' dir='ltr'><strong>(κατὰ</strong></span> <span class='ocrx_word' id='word_1_369' title='bbox 1551 4126 1672 4166; x_wconf 90' lang='lat' dir='ltr'><strong>cum</strong></span> 
     </span>
    </p>
   </div>
   <div class='ocr_carea' id='block_1_42' title="bbox 75 4203 1672 4276">
    <p class='ocr_par' dir='ltr' id='par_1_42' title="bbox 75 4203 1672 4276">
     <span class='ocr_line' id='line_1_42' title="bbox 75 4203 1672 4276; baseline 0.001 -18"><span class='ocrx_word' id='word_1_370' title='bbox 75 4203 436 4275; x_wconf 79' lang='lat' dir='ltr'><strong>accusativo),</strong></span> <span class='ocrx_word' id='word_1_371' title='bbox 463 4203 572 4260; x_wconf 90' lang='lat' dir='ltr'><strong>vid.</strong></span> <span class='ocrx_word' id='word_1_372' title='bbox 612 4205 776 4276; x_wconf 88' lang='lat' dir='ltr'><strong>gloss.</strong></span> <span class='ocrx_word' id='word_1_373' title='bbox 810 4203 866 4260; x_wconf 82' lang='lat' dir='ltr'><strong>ii.</strong></span> <span class='ocrx_word' id='word_1_374' title='bbox 902 4221 989 4270; x_wconf 89' lang='lat' dir='ltr'><strong>v.;</strong></span> <span class='ocrx_word' id='word_1_375' title='bbox 1033 4205 1086 4260; x_wconf 91' lang='lat' dir='ltr'><strong>iu</strong></span> <span class='ocrx_word' id='word_1_376' title='bbox 1116 4204 1304 4262; x_wconf 92' lang='lat' dir='ltr'><strong>ultimo</strong></span> <span class='ocrx_word' id='word_1_377' title='bbox 1339 4220 1500 4262; x_wconf 88' lang='lat' dir='ltr'><strong>sensu</strong></span> <span class='ocrx_word' id='word_1_378' title='bbox 1535 4203 1672 4261; x_wconf 90' lang='lat' dir='ltr'><strong>dati-</strong></span> 
     </span>
    </p>
   </div>
   <div class='ocr_carea' id='block_1_43' title="bbox 75 4297 781 4368">
    <p class='ocr_par' dir='ltr' id='par_1_43' title="bbox 75 4297 781 4368">
     <span class='ocr_line' id='line_1_43' title="bbox 75 4297 781 4368; baseline 0 -18"><span class='ocrx_word' id='word_1_379' title='bbox 75 4309 209 4351; x_wconf 86' lang='lat' dir='ltr'><strong>vum</strong></span> <span class='ocrx_word' id='word_1_380' title='bbox 239 4297 597 4352; x_wconf 88' lang='lat' dir='ltr'><strong>eommuniter</strong></span> <span class='ocrx_word' id='word_1_381' title='bbox 627 4297 781 4368; x_wconf 82' lang='lat' dir='ltr'><strong>regit.</strong></span> 
     </span>
    </p>
   </div>
   <div class='ocr_carea' id='block_1_44' title="bbox 149 4385 1674 4464">
    <p class='ocr_par' dir='ltr' id='par_1_44' title="bbox 149 4385 1674 4464">
     <span class='ocr_line' id='line_1_44' title="bbox 149 4385 1674 4464; baseline 0.004 -23"><span class='ocrx_word' id='word_1_382' title='bbox 149 4387 214 4460; x_wconf 78' lang='grc' dir='ltr'><strong>ιι)</strong></span> <span class='ocrx_word' id='word_1_383' title='bbox 243 4387 368 4454; x_wconf 91' lang='lat' dir='ltr'><strong>Per,</strong></span> <span class='ocrx_word' id='word_1_384' title='bbox 401 4385 557 4458; x_wconf 73' lang='lat' dir='ltr'><strong>pan-It</strong></span> <span class='ocrx_word' id='word_1_385' title='bbox 579 4403 701 4445; x_wconf 91' lang='lat' dir='ltr'><strong>cum</strong></span> <span class='ocrx_word' id='word_1_386' title='bbox 724 4389 1028 4445; x_wconf 87' lang='lat' dir='ltr'><strong>accusativo</strong></span> <span class='ocrx_word' id='word_1_387' title='bbox 1052 4406 1066 4444; x_wconf 90' lang='lat'><strong>:</strong></span> <span class='ocrx_word' id='word_1_388' title='bbox 1093 4389 1192 4445; x_wconf 84' lang='lat' dir='ltr'><strong>Mc.</strong></span> <span class='ocrx_word' id='word_1_389' title='bbox 1218 4407 1293 4459; x_wconf 80' lang='lat' dir='ltr'><strong>ix,</strong></span> <span class='ocrx_word' id='word_1_390' title='bbox 1315 4391 1386 4446; x_wconf 80' lang='lat'><strong>50</strong></span> <span class='ocrx_word' id='word_1_391' title='bbox 1422 4389 1674 4464; x_wconf 80' lang='lat' dir='ltr'><strong>iddjedun</strong></span> 
     </span>
    </p>
   </div>
   <div class='ocr_carea' id='block_1_45' title="bbox 73 4479 1676 4557">
    <p class='ocr_par' dir='ltr' id='par_1_45' title="bbox 73 4479 1676 4557">
     <span class='ocr_line' id='line_1_45' title="bbox 73 4479 1676 4557; baseline 0.001 -20"><span class='ocrx_word' id='word_1_392' title='bbox 73 4479 284 4557; x_wconf 72' lang='lat' dir='ltr'><strong>[)airh</strong></span> <span class='ocrx_word' id='word_1_393' title='bbox 314 4482 705 4554; x_wconf 84' lang='lat' dir='ltr'><strong>galeilaian;</strong></span> <span class='ocrx_word' id='word_1_394' title='bbox 749 4481 879 4537; x_wconf 89' lang='lat' dir='ltr'><strong>Luc.</strong></span> <span class='ocrx_word' id='word_1_395' title='bbox 914 4499 986 4547; x_wconf 77' lang='lat' dir='ltr'><strong>vr,</strong></span> <span class='ocrx_word' id='word_1_396' title='bbox 1037 4484 1063 4538; x_wconf 88' lang='grc'><strong>1</strong></span> <span class='ocrx_word' id='word_1_397' title='bbox 1114 4482 1250 4555; x_wconf 73' lang='grc' dir='ltr'><strong>υανρ</strong></span> <span class='ocrx_word' id='word_1_398' title='bbox 1279 4500 1480 4557; x_wconf 83' lang='lat' dir='ltr'><strong>gaggan</strong></span> <span class='ocrx_word' id='word_1_399' title='bbox 1520 4485 1676 4538; x_wconf 81' lang='lat' dir='ltr'><strong>imma</strong></span> 
     </span>
    </p>
   </div>
   <div class='ocr_carea' id='block_1_46' title="bbox 71 4573 1675 4651">
    <p class='ocr_par' dir='ltr' id='par_1_46' title="bbox 71 4573 1675 4651">
     <span class='ocr_line' id='line_1_46' title="bbox 71 4573 1675 4651; baseline 0.006 -24"><span class='ocrx_word' id='word_1_400' title='bbox 71 4573 283 4648; x_wconf 69' lang='lat' dir='ltr'><strong>pair]:</strong></span> <span class='ocrx_word' id='word_1_401' title='bbox 311 4573 510 4640; x_wconf 76' lang='lat' dir='ltr'><strong>atisk;</strong></span> <span class='ocrx_word' id='word_1_402' title='bbox 537 4575 637 4631; x_wconf 90' lang='lat' dir='ltr'><strong>Mc.</strong></span> <span class='ocrx_word' id='word_1_403' title='bbox 670 4591 744 4642; x_wconf 88' lang='lat' dir='ltr'><strong>xt,</strong></span> <span class='ocrx_word' id='word_1_404' title='bbox 771 4575 838 4631; x_wconf 78' lang='grc'><strong>16</strong></span> <span class='ocrx_word' id='word_1_405' title='bbox 855 4577 908 4630; x_wconf 84' lang='lat' dir='ltr'><strong>ni</strong></span> <span class='ocrx_word' id='word_1_406' title='bbox 933 4576 1077 4630; x_wconf 84' lang='lat' dir='ltr'><strong>lailot</strong></span> <span class='ocrx_word' id='word_1_407' title='bbox 1103 4577 1149 4631; x_wconf 85' lang='lat' dir='ltr'><strong>ei</strong></span> <span class='ocrx_word' id='word_1_408' title='bbox 1168 4594 1272 4631; x_wconf 93' lang='lat' dir='ltr'><strong>was</strong></span> <span class='ocrx_word' id='word_1_409' title='bbox 1298 4577 1566 4651; x_wconf 71' lang='lat' dir='ltr'><strong>pairhberi</strong></span> <span class='ocrx_word' id='word_1_410' title='bbox 1586 4577 1675 4636; x_wconf 80' lang='lat' dir='ltr'><strong>kas</strong></span> 
     </span>
    </p>
   </div>
   <div class='ocr_carea' id='block_1_47' title="bbox 73 4659 1674 4743">
    <p class='ocr_par' dir='ltr' id='par_1_47' title="bbox 73 4659 1674 4743">
     <span class='ocr_line' id='line_1_47' title="bbox 73 4659 1674 4743; baseline 0.002 -22"><span class='ocrx_word' id='word_1_411' title='bbox 73 4665 283 4739; x_wconf 70' lang='lat' dir='ltr'><strong>pairh</strong></span> <span class='ocrx_word' id='word_1_412' title='bbox 315 4664 401 4738; x_wconf 73' lang='lat' dir='ltr'><strong>po</strong></span> <span class='ocrx_word' id='word_1_413' title='bbox 445 4666 584 4734; x_wconf 73' lang='lat' dir='ltr'><strong>alii;</strong></span> <span class='ocrx_word' id='word_1_414' title='bbox 615 4665 740 4724; x_wconf 91' lang='lat' dir='ltr'><strong>Cor.</strong></span> <span class='ocrx_word' id='word_1_415' title='bbox 775 4670 839 4736; x_wconf 91' lang='lat' dir='ltr'><strong>ll,</strong></span> <span class='ocrx_word' id='word_1_416' title='bbox 873 4685 950 4735; x_wconf 87' lang='lat' dir='ltr'><strong>xt,</strong></span> <span class='ocrx_word' id='word_1_417' title='bbox 981 4668 1051 4724; x_wconf 76' lang='lat'><strong>33</strong></span> <span class='ocrx_word' id='word_1_418' title='bbox 1076 4659 1272 4742; x_wconf 46' lang='lat' dir='ltr'><strong>p&#39;airh</strong></span> <span class='ocrx_word' id='word_1_419' title='bbox 1299 4671 1674 4743; x_wconf 84' lang='lat' dir='ltr'><strong>augadauro</strong></span> 
     </span>
    </p>
   </div>
   <div class='ocr_carea' id='block_1_48' title="bbox 72 4758 1672 4834">
    <p class='ocr_par' dir='ltr' id='par_1_48' title="bbox 72 4758 1672 4834">
     <span class='ocr_line' id='line_1_48' title="bbox 72 4758 1672 4834; baseline 0.002 -21"><span class='ocrx_word' id='word_1_420' title='bbox 72 4758 127 4813; x_wconf 85' lang='lat' dir='ltr'><strong>in</strong></span> <span class='ocrx_word' id='word_1_421' title='bbox 157 4761 380 4830; x_wconf 82' lang='lat' dir='ltr'><strong>snorjon</strong></span> <span class='ocrx_word' id='word_1_422' title='bbox 401 4759 652 4814; x_wconf 79' lang='lat' dir='ltr'><strong>at/taltans</strong></span> <span class='ocrx_word' id='word_1_423' title='bbox 678 4776 805 4827; x_wconf 80' lang='lat' dir='ltr'><strong>vas;</strong></span> <span class='ocrx_word' id='word_1_424' title='bbox 833 4759 875 4826; x_wconf 91' lang='lat' dir='ltr'><strong>l,</strong></span> <span class='ocrx_word' id='word_1_425' title='bbox 906 4775 1022 4828; x_wconf 83' lang='lat' dir='ltr'><strong>xm,</strong></span> <span class='ocrx_word' id='word_1_426' title='bbox 1055 4760 1124 4815; x_wconf 75' lang='grc'><strong>12</strong></span> <span class='ocrx_word' id='word_1_427' title='bbox 1147 4761 1355 4815; x_wconf 84' lang='lat' dir='ltr'><strong>saiwam</strong></span> <span class='ocrx_word' id='word_1_428' title='bbox 1384 4778 1454 4820; x_wconf 82' lang='lat' dir='ltr'><strong>nu</strong></span> <span class='ocrx_word' id='word_1_429' title='bbox 1479 4759 1672 4834; x_wconf 68' lang='grc' dir='ltr'><strong>ῥαίνή</strong></span> 
     </span>
    </p>
   </div>
   <div class='ocr_carea' id='block_1_49' title="bbox 73 4841 1144 4926">
    <p class='ocr_par' dir='ltr' id='par_1_49' title="bbox 73 4841 1144 4926">
     <span class='ocr_line' id='line_1_49' title="bbox 73 4841 1144 4926; baseline 0.001 -19"><span class='ocrx_word' id='word_1_430' title='bbox 73 4851 446 4923; x_wconf 76' lang='lat' dir='ltr'><strong>skuggvan;</strong></span> <span class='ocrx_word' id='word_1_431' title='bbox 471 4853 580 4908; x_wconf 85' lang='lat' dir='ltr'><strong>vid.</strong></span> <span class='ocrx_word' id='word_1_432' title='bbox 618 4853 783 4924; x_wconf 88' lang='lat' dir='ltr'><strong>gloss.</strong></span> <span class='ocrx_word' id='word_1_433' title='bbox 808 4851 972 4926; x_wconf 66' lang='lat' dir='ltr'><strong>pairh</strong></span> <span class='ocrx_word' id='word_1_434' title='bbox 996 4852 1037 4908; x_wconf 90' lang='lat' dir='ltr'><strong>l.</strong></span> <span class='ocrx_word' id='word_1_435' title='bbox 1069 4841 1144 4926; x_wconf 88' lang='grc'><strong>1).</strong></span> 
     </span>
    </p>
   </div>
   <div class='ocr_carea' id='block_1_50' title="bbox 149 4945 1675 5016">
    <p class='ocr_par' dir='ltr' id='par_1_50' title="bbox 149 4945 1675 5016">
     <span class='ocr_line' id='line_1_50' title="bbox 149 4945 1675 5016; baseline 0.002 -15"><span class='ocrx_word' id='word_1_436' title='bbox 149 4945 352 5014; x_wconf 90' lang='lat' dir='ltr'><strong>Super,</strong></span> <span class='ocrx_word' id='word_1_437' title='bbox 377 4945 536 5016; x_wconf 90' lang='lat' dir='ltr'><strong>ultra,</strong></span> <span class='ocrx_word' id='word_1_438' title='bbox 561 4947 680 5016; x_wconf 78' lang='lat' dir='ltr'><strong>ufar</strong></span> <span class='ocrx_word' id='word_1_439' title='bbox 702 4961 824 5002; x_wconf 92' lang='lat' dir='ltr'><strong>cum</strong></span> <span class='ocrx_word' id='word_1_440' title='bbox 851 4947 1159 5004; x_wconf 86' lang='lat' dir='ltr'><strong>accusativo</strong></span> <span class='ocrx_word' id='word_1_441' title='bbox 1190 4966 1204 5002; x_wconf 91' lang='lat'><strong>:</strong></span> <span class='ocrx_word' id='word_1_442' title='bbox 1236 4948 1368 5005; x_wconf 85' lang='lat' dir='ltr'><strong>Luc.</strong></span> <span class='ocrx_word' id='word_1_443' title='bbox 1395 4964 1468 5016; x_wconf 79' lang='grc' dir='ltr'>ιν,</span> <span class='ocrx_word' id='word_1_444' title='bbox 1499 4948 1566 5005; x_wconf 78' lang='lat'><strong>59</strong></span> <span class='ocrx_word' id='word_1_445' title='bbox 1591 4959 1675 5004; x_wconf 79' lang='lat' dir='ltr'><strong>at-</strong></span> 
     </span>
    </p>
   </div>
   <div class='ocr_carea' id='block_1_51' title="bbox 71 5037 1672 5116">
    <p class='ocr_par' dir='ltr' id='par_1_51' title="bbox 71 5037 1672 5116">
     <span class='ocr_line' id='line_1_51' title="bbox 71 5037 1672 5116; baseline 0.006 -24"><span class='ocrx_word' id='word_1_446' title='bbox 71 5038 372 5092; x_wconf 79' lang='lat' dir='ltr'><strong>standauds</strong></span> <span class='ocrx_word' id='word_1_447' title='bbox 411 5037 546 5093; x_wconf 77' lang='lat' dir='ltr'><strong>iesns</strong></span> <span class='ocrx_word' id='word_1_448' title='bbox 574 5042 718 5108; x_wconf 82' lang='lat' dir='ltr'><strong>ufar</strong></span> <span class='ocrx_word' id='word_1_449' title='bbox 747 5042 844 5111; x_wconf 83' lang='lat' dir='ltr'><strong>ija</strong></span> <span class='ocrx_word' id='word_1_450' title='bbox 870 5040 1026 5112; x_wconf 81' lang='lat' dir='ltr'><strong>gasok</strong></span> <span class='ocrx_word' id='word_1_451' title='bbox 1053 5041 1201 5113; x_wconf 73' lang='lat' dir='ltr'><strong>pizai</strong></span> <span class='ocrx_word' id='word_1_452' title='bbox 1241 5043 1458 5099; x_wconf 82' lang='lat' dir='ltr'><strong>brinnon</strong></span> <span class='ocrx_word' id='word_1_453' title='bbox 1475 5059 1498 5111; x_wconf 82' lang='lat'><strong>,&#39;</strong></span> <span class='ocrx_word' id='word_1_454' title='bbox 1534 5039 1672 5116; x_wconf 82' lang='lat' dir='ltr'><strong>Eph.</strong></span> 
     </span>
    </p>
   </div>
   <div class='ocr_carea' id='block_1_52' title="bbox 71 5131 1670 5207">
    <p class='ocr_par' dir='ltr' id='par_1_52' title="bbox 71 5131 1670 5207">
     <span class='ocr_line' id='line_1_52' title="bbox 71 5131 1670 5207; baseline 0.004 -21"><span class='ocrx_word' id='word_1_455' title='bbox 71 5147 155 5198; x_wconf 77' lang='lat' dir='ltr'><strong>IV,</strong></span> <span class='ocrx_word' id='word_1_456' title='bbox 196 5131 266 5186; x_wconf 88' lang='grc'><strong>10</strong></span> <span class='ocrx_word' id='word_1_457' title='bbox 313 5131 676 5204; x_wconf 74' lang='lat' dir='ltr'><strong>uastaigufar</strong></span> <span class='ocrx_word' id='word_1_458' title='bbox 704 5133 912 5189; x_wconf 77' lang='lat' dir='ltr'><strong>allans</strong></span> <span class='ocrx_word' id='word_1_459' title='bbox 941 5133 1483 5204; x_wconf 77' lang='lat' dir='ltr'><strong>himinans;Joan.</strong></span> <span class='ocrx_word' id='word_1_460' title='bbox 1526 5153 1600 5207; x_wconf 79' lang='lat' dir='ltr'><strong>vr,</strong></span> <span class='ocrx_word' id='word_1_461' title='bbox 1645 5138 1670 5193; x_wconf 91' lang='grc'><strong>1</strong></span> 
     </span>
    </p>
   </div>
   <div class='ocr_carea' id='block_1_53' title="bbox 67 5223 1672 5299">
    <p class='ocr_par' dir='ltr' id='par_1_53' title="bbox 67 5223 1672 5299">
     <span class='ocr_line' id='line_1_53' title="bbox 67 5223 1672 5299; baseline 0.004 -18"><span class='ocrx_word' id='word_1_462' title='bbox 67 5225 225 5281; x_wconf 73' lang='lat' dir='ltr'><strong>iesus&#39;</strong></span> <span class='ocrx_word' id='word_1_463' title='bbox 252 5223 438 5299; x_wconf 70' lang='lat' dir='ltr'><strong>galaip</strong></span> <span class='ocrx_word' id='word_1_464' title='bbox 486 5231 649 5299; x_wconf 76' lang='lat' dir='ltr'><strong>ufar</strong></span> <span class='ocrx_word' id='word_1_465' title='bbox 695 5229 998 5296; x_wconf 85' lang='lat' dir='ltr'><strong>marein;</strong></span> <span class='ocrx_word' id='word_1_466' title='bbox 1046 5231 1150 5297; x_wconf 84' lang='lat' dir='ltr'><strong>l7;</strong></span> <span class='ocrx_word' id='word_1_467' title='bbox 1179 5245 1248 5296; x_wconf 88' lang='lat' dir='ltr'><strong>x,</strong></span> <span class='ocrx_word' id='word_1_468' title='bbox 1281 5229 1388 5298; x_wconf 67' lang='lat'><strong>40;</strong></span> <span class='ocrx_word' id='word_1_469' title='bbox 1421 5246 1586 5296; x_wconf 88' lang='lat' dir='ltr'><strong>xvut,</strong></span> <span class='ocrx_word' id='word_1_470' title='bbox 1619 5229 1672 5287; x_wconf 89' lang='grc'><strong>1.</strong></span> 
     </span>
    </p>
   </div>
   <div class='ocr_carea' id='block_1_54' title="bbox 68 5318 326 5388">
    <p class='ocr_par' dir='ltr' id='par_1_54' title="bbox 68 5318 326 5388">
     <span class='ocr_line' id='line_1_54' title="bbox 68 5318 326 5388; baseline -0.008 -14"><span class='ocrx_word' id='word_1_471' title='bbox 68 5318 224 5374; x_wconf 82' lang='lat' dir='ltr'><strong>Coll.</strong></span> <span class='ocrx_word' id='word_1_472' title='bbox 259 5318 326 5388; x_wconf 75' lang='grc' dir='ltr'><strong>ο.</strong></span> 
     </span>
    </p>
   </div>
   <div class='ocr_carea' id='block_1_55' title="bbox 151 5411 1672 5489">
    <p class='ocr_par' dir='ltr' id='par_1_55' title="bbox 151 5411 1672 5489">
     <span class='ocr_line' id='line_1_55' title="bbox 151 5411 1672 5489; baseline 0.005 -23"><span class='ocrx_word' id='word_1_473' title='bbox 151 5411 496 5469; x_wconf 86' lang='lat' dir='ltr'><strong>Contrarium</strong></span> <span class='ocrx_word' id='word_1_474' title='bbox 521 5417 873 5485; x_wconf 65' lang='lat' dir='ltr'><strong>prmeedeutis</strong></span> <span class='ocrx_word' id='word_1_475' title='bbox 887 5418 1009 5487; x_wconf 88' lang='lat' dir='ltr'><strong>sub,</strong></span> <span class='ocrx_word' id='word_1_476' title='bbox 1033 5417 1193 5486; x_wconf 78' lang='lat' dir='ltr'><strong>intra,</strong></span> <span class='ocrx_word' id='word_1_477' title='bbox 1210 5418 1378 5473; x_wconf 83' lang='lat' dir='ltr'><strong>undar</strong></span> <span class='ocrx_word' id='word_1_478' title='bbox 1397 5427 1450 5473; x_wconf 89' lang='lat' dir='ltr'><strong>et</strong></span> <span class='ocrx_word' id='word_1_479' title='bbox 1473 5418 1540 5489; x_wconf 79' lang='lat' dir='ltr'><strong>uf</strong></span> <span class='ocrx_word' id='word_1_480' title='bbox 1552 5431 1672 5474; x_wconf 91' lang='lat' dir='ltr'><strong>cum</strong></span> 
     </span>
    </p>
   </div>
   <div class='ocr_carea' id='block_1_56' title="bbox 66 5507 1671 5583">
    <p class='ocr_par' dir='ltr' id='par_1_56' title="bbox 66 5507 1671 5583">
     <span class='ocr_line' id='line_1_56' title="bbox 66 5507 1671 5583; baseline 0.003 -21"><span class='ocrx_word' id='word_1_481' title='bbox 66 5507 409 5571; x_wconf 75' lang='lat' dir='ltr'><strong>accusativo,</strong></span> <span class='ocrx_word' id='word_1_482' title='bbox 461 5523 690 5580; x_wconf 89' lang='lat' dir='ltr'><strong>quorum</strong></span> <span class='ocrx_word' id='word_1_483' title='bbox 721 5509 1009 5566; x_wconf 89' lang='lat' dir='ltr'><strong>discrimen</strong></span> <span class='ocrx_word' id='word_1_484' title='bbox 1035 5510 1142 5567; x_wconf 92' lang='lat' dir='ltr'><strong>vid.</strong></span> <span class='ocrx_word' id='word_1_485' title='bbox 1171 5510 1198 5583; x_wconf 86' lang='lat'><strong>§</strong></span> <span class='ocrx_word' id='word_1_486' title='bbox 1223 5509 1327 5565; x_wconf 71' lang='grc'><strong>244</strong></span> <span class='ocrx_word' id='word_1_487' title='bbox 1354 5510 1410 5576; x_wconf 72' lang='grc'><strong>2)</strong></span> <span class='ocrx_word' id='word_1_488' title='bbox 1440 5511 1499 5581; x_wconf 86' lang='lat' dir='ltr'><strong>d)</strong></span> <span class='ocrx_word' id='word_1_489' title='bbox 1526 5530 1537 5564; x_wconf 89' lang='lat'><strong>:</strong></span> <span class='ocrx_word' id='word_1_490' title='bbox 1573 5509 1671 5568; x_wconf 79' lang='lat' dir='ltr'><strong>illc.</strong></span> 
     </span>
    </p>
   </div>
   <div class='ocr_carea' id='block_1_57' title="bbox 69 5596 1676 5675">
    <p class='ocr_par' dir='ltr' id='par_1_57' title="bbox 69 5596 1676 5675">
     <span class='ocr_line' id='line_1_57' title="bbox 69 5596 1676 5675; baseline 0.002 -22"><span class='ocrx_word' id='word_1_491' title='bbox 69 5613 156 5665; x_wconf 78' lang='lat' dir='ltr'><strong>IV,</strong></span> <span class='ocrx_word' id='word_1_492' title='bbox 197 5596 265 5652; x_wconf 76' lang='grc'><strong>21</strong></span> <span class='ocrx_word' id='word_1_493' title='bbox 295 5597 397 5652; x_wconf 80' lang='lat' dir='ltr'><strong>ibai</strong></span> <span class='ocrx_word' id='word_1_494' title='bbox 424 5599 604 5656; x_wconf 75' lang='lat' dir='ltr'><strong>[ultam</strong></span> <span class='ocrx_word' id='word_1_495' title='bbox 635 5601 804 5674; x_wconf 73' lang='lat' dir='ltr'><strong>qimip&#39;</strong></span> <span class='ocrx_word' id='word_1_496' title='bbox 840 5601 986 5675; x_wconf 67' lang='lat' dir='ltr'><strong>dupe</strong></span> <span class='ocrx_word' id='word_1_497' title='bbox 1010 5603 1055 5658; x_wconf 84' lang='lat' dir='ltr'><strong>ei</strong></span> <span class='ocrx_word' id='word_1_498' title='bbox 1086 5605 1158 5674; x_wconf 80' lang='lat' dir='ltr'><strong>uf</strong></span> <span class='ocrx_word' id='word_1_499' title='bbox 1182 5604 1386 5658; x_wconf 79' lang='lat' dir='ltr'><strong>melan</strong></span> <span class='ocrx_word' id='word_1_500' title='bbox 1413 5601 1676 5672; x_wconf 82' lang='lat' dir='ltr'><strong>satjaidau</strong></span> 
     </span>
    </p>
   </div>
   <div class='ocr_carea' id='block_1_58' title="bbox 1468 355 1916 416">
    <p class='ocr_par' dir='ltr' id='par_1_58' title="bbox 1468 355 1916 416">
     <span class='ocr_line' id='line_1_58' title="bbox 1468 355 1916 416; baseline 0.007 -3"><span class='ocrx_word' id='word_1_501' title='bbox 1468 356 1559 413; x_wconf 85' lang='lat' dir='ltr'><strong>DE</strong></span> <span class='ocrx_word' id='word_1_502' title='bbox 1596 355 1916 416; x_wconf 76' lang='lat' dir='ltr'><strong>OBJECTO.</strong></span> 
     </span>
    </p>
   </div>
   <div class='ocr_carea' id='block_1_59' title="bbox 3202 351 3342 411">
    <p class='ocr_par' dir='ltr' id='par_1_59' title="bbox 3202 351 3342 411">
     <span class='ocr_line' id='line_1_59' title="bbox 3202 351 3342 411; baseline -0.007 0"><span class='ocrx_word' id='word_1_503' title='bbox 3202 351 3342 411; x_wconf 73' lang='grc'><strong>1168</strong></span> 
     </span>
    </p>
   </div>
   <div class='ocr_carea' id='block_1_60' title="bbox 1827 470 3338 544">
    <p class='ocr_par' dir='ltr' id='par_1_60' title="bbox 1827 470 3338 544">
     <span class='ocr_line' id='line_1_60' title="bbox 1827 470 3338 544; baseline 0.004 -18"><span class='ocrx_word' id='word_1_504' title='bbox 1827 472 1879 544; x_wconf 76' lang='lat' dir='ltr'><strong>f)</strong></span> <span class='ocrx_word' id='word_1_505' title='bbox 1910 471 2056 538; x_wconf 86' lang='lat' dir='ltr'><strong>Post,</strong></span> <span class='ocrx_word' id='word_1_506' title='bbox 2089 478 2417 539; x_wconf 84' lang='lat' dir='ltr'><strong>retrorsum,</strong></span> <span class='ocrx_word' id='word_1_507' title='bbox 2459 470 2648 526; x_wconf 72' lang='lat' dir='ltr'><strong>hindar</strong></span> <span class='ocrx_word' id='word_1_508' title='bbox 2686 487 2808 528; x_wconf 93' lang='lat' dir='ltr'><strong>cum</strong></span> <span class='ocrx_word' id='word_1_509' title='bbox 2855 474 3159 530; x_wconf 83' lang='lat' dir='ltr'><strong>accusativo</strong></span> <span class='ocrx_word' id='word_1_510' title='bbox 3189 489 3207 530; x_wconf 89' lang='lat'><strong>:</strong></span> <span class='ocrx_word' id='word_1_511' title='bbox 3237 475 3338 533; x_wconf 77' lang='lat' dir='ltr'><strong>Mc.</strong></span> 
     </span>
    </p>
   </div>
   <div class='ocr_carea' id='block_1_61' title="bbox 1762 558 3342 636">
    <p class='ocr_par' dir='ltr' id='par_1_61' title="bbox 1762 558 3342 636">
     <span class='ocr_line' id='line_1_61' title="bbox 1762 558 3342 636; baseline 0.002 -17"><span class='ocrx_word' id='word_1_512' title='bbox 1762 578 1853 620; x_wconf 86' lang='lat' dir='ltr'><strong>vui</strong></span> <span class='ocrx_word' id='word_1_513' title='bbox 1877 605 1891 627; x_wconf 94' lang='lat'><strong>,</strong></span> <span class='ocrx_word' id='word_1_514' title='bbox 1939 563 2009 619; x_wconf 72' lang='lat'><strong>35</strong></span> <span class='ocrx_word' id='word_1_515' title='bbox 2033 581 2164 636; x_wconf 78' lang='lat' dir='ltr'><strong>gagg</strong></span> <span class='ocrx_word' id='word_1_516' title='bbox 2217 558 2332 616; x_wconf 78' lang='lat' dir='ltr'><strong>hin</strong></span> <span class='ocrx_word' id='word_1_517' title='bbox 2349 564 2472 617; x_wconf 87' lang='lat' dir='ltr'><strong>dar</strong></span> <span class='ocrx_word' id='word_1_518' title='bbox 2516 563 2667 621; x_wconf 76' lang='lat' dir='ltr'><strong>mih.</strong></span> <span class='ocrx_word' id='word_1_519' title='bbox 2698 562 2809 619; x_wconf 74' lang='lat' dir='ltr'><strong>Hoc</strong></span> <span class='ocrx_word' id='word_1_520' title='bbox 2860 565 2998 621; x_wconf 86' lang='lat' dir='ltr'><strong>idem</strong></span> <span class='ocrx_word' id='word_1_521' title='bbox 3025 567 3342 624; x_wconf 83' lang='lat' dir='ltr'><strong>vocabulum</strong></span> 
     </span>
    </p>
   </div>
   <div class='ocr_carea' id='block_1_62' title="bbox 1757 655 3343 730">
    <p class='ocr_par' dir='ltr' id='par_1_62' title="bbox 1757 655 3343 730">
     <span class='ocr_line' id='line_1_62' title="bbox 1757 655 3343 730; baseline 0.003 -20"><span class='ocrx_word' id='word_1_522' title='bbox 1757 657 1918 710; x_wconf 89' lang='lat' dir='ltr'><strong>etiam</strong></span> <span class='ocrx_word' id='word_1_523' title='bbox 1959 663 2126 724; x_wconf 88' lang='lat' dir='ltr'><strong>trans,</strong></span> <span class='ocrx_word' id='word_1_524' title='bbox 2155 655 2316 721; x_wconf 91' lang='lat' dir='ltr'><strong>ultra,</strong></span> <span class='ocrx_word' id='word_1_525' title='bbox 2340 655 2642 725; x_wconf 89' lang='lat' dir='ltr'><strong>signiﬁcat:</strong></span> <span class='ocrx_word' id='word_1_526' title='bbox 2669 657 2773 714; x_wconf 72' lang='lat' dir='ltr'><strong>Mc.</strong></span> <span class='ocrx_word' id='word_1_527' title='bbox 2799 671 2912 727; x_wconf 84' lang='lat' dir='ltr'><strong>vui,</strong></span> <span class='ocrx_word' id='word_1_528' title='bbox 2943 658 3010 714; x_wconf 73' lang='lat' dir='ltr'><strong>i3</strong></span> <span class='ocrx_word' id='word_1_529' title='bbox 3033 658 3343 730; x_wconf 70' lang='lat' dir='ltr'><strong>galeipands</strong></span> 
     </span>
    </p>
   </div>
   <div class='ocr_carea' id='block_1_63' title="bbox 1756 744 3342 822">
    <p class='ocr_par' dir='ltr' id='par_1_63' title="bbox 1756 744 3342 822">
     <span class='ocr_line' id='line_1_63' title="bbox 1756 744 3342 822; baseline 0.002 -21"><span class='ocrx_word' id='word_1_530' title='bbox 1756 746 1812 801; x_wconf 79' lang='lat' dir='ltr'><strong>in</strong></span> <span class='ocrx_word' id='word_1_531' title='bbox 1836 745 1950 813; x_wconf 82' lang='lat' dir='ltr'><strong>skip</strong></span> <span class='ocrx_word' id='word_1_532' title='bbox 1985 745 2165 818; x_wconf 66' lang='lat' dir='ltr'><strong>ualui];</strong></span> <span class='ocrx_word' id='word_1_533' title='bbox 2194 745 2449 800; x_wconf 79' lang='lat' dir='ltr'><strong>hiudar</strong></span> <span class='ocrx_word' id='word_1_534' title='bbox 2479 744 2576 822; x_wconf 73' lang='lat' dir='ltr'><strong>(sic</strong></span> <span class='ocrx_word' id='word_1_535' title='bbox 2597 749 2655 804; x_wconf 86' lang='grc' dir='ltr'>τὸ</span> <span class='ocrx_word' id='word_1_536' title='bbox 2680 747 2859 820; x_wconf 74' lang='grc' dir='ltr'><strong>πέραν)</strong></span> <span class='ocrx_word' id='word_1_537' title='bbox 2887 747 3180 813; x_wconf 76' lang='lat' dir='ltr'><strong>marein,‘</strong></span> <span class='ocrx_word' id='word_1_538' title='bbox 3210 748 3342 804; x_wconf 80' lang='lat' dir='ltr'><strong>Mth.</strong></span> 
     </span>
    </p>
   </div>
   <div class='ocr_carea' id='block_1_64' title="bbox 1758 837 3346 913">
    <p class='ocr_par' dir='ltr' id='par_1_64' title="bbox 1758 837 3346 913">
     <span class='ocr_line' id='line_1_64' title="bbox 1758 837 3346 913; baseline 0.001 -19"><span class='ocrx_word' id='word_1_539' title='bbox 1758 855 1870 906; x_wconf 83' lang='lat' dir='ltr'><strong>vni,</strong></span> <span class='ocrx_word' id='word_1_540' title='bbox 1896 839 1964 895; x_wconf 74' lang='grc'><strong>54</strong></span> <span class='ocrx_word' id='word_1_541' title='bbox 1993 840 2156 893; x_wconf 82' lang='lat' dir='ltr'><strong>bedun</strong></span> <span class='ocrx_word' id='word_1_542' title='bbox 2184 841 2294 894; x_wconf 79' lang='lat' dir='ltr'><strong>iesu</strong></span> <span class='ocrx_word' id='word_1_543' title='bbox 2321 839 2366 893; x_wconf 88' lang='lat' dir='ltr'><strong>ei</strong></span> <span class='ocrx_word' id='word_1_544' title='bbox 2399 837 2566 911; x_wconf 70' lang='grc' dir='ltr'>ιιιιίῥὶ</span> <span class='ocrx_word' id='word_1_545' title='bbox 2609 839 2868 894; x_wconf 78' lang='lat' dir='ltr'><strong>hindar</strong></span> <span class='ocrx_word' id='word_1_546' title='bbox 2897 839 3046 913; x_wconf 78' lang='grc' dir='ltr'><strong>(ἀπὸ)</strong></span> <span class='ocrx_word' id='word_1_547' title='bbox 3076 839 3346 897; x_wconf 68' lang='lat' dir='ltr'><strong>marha:</strong></span> 
     </span>
    </p>
   </div>
   <div class='ocr_carea' id='block_1_65' title="bbox 1757 930 2976 1003">
    <p class='ocr_par' dir='ltr' id='par_1_65' title="bbox 1757 930 2976 1003">
     <span class='ocr_line' id='line_1_65' title="bbox 1757 930 2976 1003; baseline 0.001 -17"><span class='ocrx_word' id='word_1_548' title='bbox 1757 934 1856 998; x_wconf 64' lang='lat' dir='ltr'><strong>ise;</strong></span> <span class='ocrx_word' id='word_1_549' title='bbox 1873 931 1980 990; x_wconf 91' lang='lat' dir='ltr'><strong>vid.</strong></span> <span class='ocrx_word' id='word_1_550' title='bbox 2002 933 2166 1003; x_wconf 84' lang='lat' dir='ltr'><strong>gloss.</strong></span> <span class='ocrx_word' id='word_1_551' title='bbox 2191 949 2243 987; x_wconf 90' lang='lat' dir='ltr'><strong>v.</strong></span> <span class='ocrx_word' id='word_1_552' title='bbox 2268 930 2476 986; x_wconf 84' lang='lat' dir='ltr'><strong>Hindar</strong></span> <span class='ocrx_word' id='word_1_553' title='bbox 2497 933 2538 986; x_wconf 94' lang='grc'><strong>1.</strong></span> <span class='ocrx_word' id='word_1_554' title='bbox 2563 932 2697 988; x_wconf 89' lang='lat' dir='ltr'><strong>Coll.</strong></span> <span class='ocrx_word' id='word_1_555' title='bbox 2721 948 2882 1003; x_wconf 88' lang='lat' dir='ltr'><strong>supra</strong></span> <span class='ocrx_word' id='word_1_556' title='bbox 2907 933 2976 1003; x_wconf 77' lang='grc' dir='ltr'><strong>ε).</strong></span> 
     </span>
    </p>
   </div>
   <div class='ocr_carea' id='block_1_66' title="bbox 2047 1145 3048 1216">
    <p class='ocr_par' dir='ltr' id='par_1_66' title="bbox 2047 1145 3048 1216">
     <span class='ocr_line' id='line_1_66' title="bbox 2047 1145 3048 1216; baseline 0.003 -10"><span class='ocrx_word' id='word_1_557' title='bbox 2047 1145 2128 1207; x_wconf 89' lang='grc' dir='ltr'><strong>Η.</strong></span> <span class='ocrx_word' id='word_1_558' title='bbox 2173 1146 2668 1209; x_wconf 69' lang='lat' dir='ltr'><strong>Dnrenutla&#39;rto</strong></span> <span class='ocrx_word' id='word_1_559' title='bbox 2709 1163 3048 1216; x_wconf 71' lang='lat' dir='ltr'><strong>TEMPOBIS.</strong></span> 
     </span>
    </p>
   </div>
   <div class='ocr_carea' id='block_1_67' title="bbox 1834 1315 3346 1390">
    <p class='ocr_par' dir='ltr' id='par_1_67' title="bbox 1834 1315 3346 1390">
     <span class='ocr_line' id='line_1_67' title="bbox 1834 1315 3346 1390; baseline 0.001 -18"><span class='ocrx_word' id='word_1_560' title='bbox 1834 1317 1863 1390; x_wconf 57' lang='grc' dir='ltr'>δ</span> <span class='ocrx_word' id='word_1_561' title='bbox 1888 1315 2016 1373; x_wconf 73' lang='grc'><strong>247.</strong></span> <span class='ocrx_word' id='word_1_562' title='bbox 2043 1317 2501 1386; x_wconf 85' lang='lat' dir='ltr'><strong>Quemadmodum</strong></span> <span class='ocrx_word' id='word_1_563' title='bbox 2545 1317 2612 1374; x_wconf 88' lang='lat' dir='ltr'><strong>ad</strong></span> <span class='ocrx_word' id='word_1_564' title='bbox 2640 1319 2890 1389; x_wconf 91' lang='lat' dir='ltr'><strong>spatium,</strong></span> <span class='ocrx_word' id='word_1_565' title='bbox 2923 1320 2995 1374; x_wconf 92' lang='lat' dir='ltr'><strong>ita</strong></span> <span class='ocrx_word' id='word_1_566' title='bbox 3032 1329 3086 1376; x_wconf 91' lang='lat' dir='ltr'><strong>et</strong></span> <span class='ocrx_word' id='word_1_567' title='bbox 3112 1318 3180 1374; x_wconf 90' lang='lat' dir='ltr'><strong>ad</strong></span> <span class='ocrx_word' id='word_1_568' title='bbox 3209 1326 3346 1374; x_wconf 85' lang='lat' dir='ltr'><strong>tem-</strong></span> 
     </span>
    </p>
   </div>
   <div class='ocr_carea' id='block_1_68' title="bbox 1759 1409 3346 1482">
    <p class='ocr_par' dir='ltr' id='par_1_68' title="bbox 1759 1409 3346 1482">
     <span class='ocr_line' id='line_1_68' title="bbox 1759 1409 3346 1482; baseline 0.001 -18"><span class='ocrx_word' id='word_1_569' title='bbox 1759 1423 1858 1480; x_wconf 94' lang='lat' dir='ltr'><strong>pus</strong></span> <span class='ocrx_word' id='word_1_570' title='bbox 1903 1409 2099 1481; x_wconf 86' lang='lat' dir='ltr'><strong>triplici</strong></span> <span class='ocrx_word' id='word_1_571' title='bbox 2130 1409 2289 1466; x_wconf 88' lang='lat' dir='ltr'><strong>modo</strong></span> <span class='ocrx_word' id='word_1_572' title='bbox 2337 1411 2606 1480; x_wconf 91' lang='lat' dir='ltr'><strong>objectum</strong></span> <span class='ocrx_word' id='word_1_573' title='bbox 2647 1411 2832 1467; x_wconf 77' lang='lat' dir='ltr'><strong>referri</strong></span> <span class='ocrx_word' id='word_1_574' title='bbox 2879 1420 3078 1482; x_wconf 88' lang='lat' dir='ltr'><strong>potest,</strong></span> <span class='ocrx_word' id='word_1_575' title='bbox 3110 1419 3165 1468; x_wconf 89' lang='lat' dir='ltr'><strong>et</strong></span> <span class='ocrx_word' id='word_1_576' title='bbox 3194 1421 3346 1467; x_wconf 66' lang='lat' dir='ltr'><strong>utra:-</strong></span> 
     </span>
    </p>
   </div>
   <div class='ocr_carea' id='block_1_69' title="bbox 1760 1502 3343 1574">
    <p class='ocr_par' dir='ltr' id='par_1_69' title="bbox 1760 1502 3343 1574">
     <span class='ocr_line' id='line_1_69' title="bbox 1760 1502 3343 1574; baseline 0.001 -17"><span class='ocrx_word' id='word_1_577' title='bbox 1760 1519 1864 1574; x_wconf 92' lang='lat' dir='ltr'><strong>que</strong></span> <span class='ocrx_word' id='word_1_578' title='bbox 1887 1503 2174 1559; x_wconf 89' lang='lat' dir='ltr'><strong>relationes</strong></span> <span class='ocrx_word' id='word_1_579' title='bbox 2215 1502 2320 1558; x_wconf 90' lang='lat' dir='ltr'><strong>sibi</strong></span> <span class='ocrx_word' id='word_1_580' title='bbox 2349 1504 2575 1560; x_wconf 88' lang='lat' dir='ltr'><strong>invicem</strong></span> <span class='ocrx_word' id='word_1_581' title='bbox 2603 1503 2950 1573; x_wconf 79' lang='lat' dir='ltr'><strong>respondent.</strong></span> <span class='ocrx_word' id='word_1_582' title='bbox 2989 1505 3173 1574; x_wconf 87' lang='lat' dir='ltr'><strong>Itaque</strong></span> <span class='ocrx_word' id='word_1_583' title='bbox 3198 1519 3343 1574; x_wconf 68' lang='lat' dir='ltr'><strong>«uite-</strong></span> 
     </span>
    </p>
   </div>
   <div class='ocr_carea' id='block_1_70' title="bbox 1760 1591 3347 1668">
    <p class='ocr_par' dir='ltr' id='par_1_70' title="bbox 1760 1591 3347 1668">
     <span class='ocr_line' id='line_1_70' title="bbox 1760 1591 3347 1668; baseline 0 -18"><span class='ocrx_word' id='word_1_584' title='bbox 1760 1591 2024 1650; x_wconf 88' lang='lat' dir='ltr'><strong>stionibus</strong></span> <span class='ocrx_word' id='word_1_585' title='bbox 2043 1595 2112 1651; x_wconf 89' lang='lat' dir='ltr'><strong>de</strong></span> <span class='ocrx_word' id='word_1_586' title='bbox 2147 1595 2267 1650; x_wconf 89' lang='lat' dir='ltr'><strong>loco</strong></span> <span class='ocrx_word' id='word_1_587' title='bbox 2313 1596 2438 1651; x_wconf 85' lang='lat' dir='ltr'><strong>ubi?</strong></span> <span class='ocrx_word' id='word_1_588' title='bbox 2465 1595 2644 1651; x_wconf 84' lang='lat' dir='ltr'><strong>unde?</strong></span> <span class='ocrx_word' id='word_1_589' title='bbox 2668 1597 2813 1666; x_wconf 78' lang='lat' dir='ltr'><strong>quo?</strong></span> <span class='ocrx_word' id='word_1_590' title='bbox 2839 1595 3162 1668; x_wconf 79' lang='lat' dir='ltr'><strong>aequivalent</strong></span> <span class='ocrx_word' id='word_1_591' title='bbox 3199 1611 3347 1666; x_wconf 64' lang='lat' dir='ltr'><strong>quae-</strong></span> 
     </span>
    </p>
   </div>
   <div class='ocr_carea' id='block_1_71' title="bbox 1761 1687 3346 1759">
    <p class='ocr_par' dir='ltr' id='par_1_71' title="bbox 1761 1687 3346 1759">
     <span class='ocr_line' id='line_1_71' title="bbox 1761 1687 3346 1759; baseline 0 -15"><span class='ocrx_word' id='word_1_592' title='bbox 1761 1688 1966 1744; x_wconf 89' lang='lat' dir='ltr'><strong>stiones</strong></span> <span class='ocrx_word' id='word_1_593' title='bbox 2004 1687 2072 1744; x_wconf 92' lang='lat' dir='ltr'><strong>de</strong></span> <span class='ocrx_word' id='word_1_594' title='bbox 2117 1698 2359 1759; x_wconf 90' lang='lat' dir='ltr'><strong>tempore</strong></span> <span class='ocrx_word' id='word_1_595' title='bbox 2411 1688 2662 1759; x_wconf 89' lang='lat' dir='ltr'><strong>quando?</strong></span> <span class='ocrx_word' id='word_1_596' title='bbox 2716 1689 3115 1758; x_wconf 87' lang='lat' dir='ltr'><strong>quamdudum?</strong></span> <span class='ocrx_word' id='word_1_597' title='bbox 3154 1703 3346 1759; x_wconf 88' lang='lat' dir='ltr'><strong>quam-</strong></span> 
     </span>
    </p>
   </div>
   <div class='ocr_carea' id='block_1_72' title="bbox 1761 1780 3346 1853">
    <p class='ocr_par' dir='ltr' id='par_1_72' title="bbox 1761 1780 3346 1853">
     <span class='ocr_line' id='line_1_72' title="bbox 1761 1780 3346 1853; baseline 0 -17"><span class='ocrx_word' id='word_1_598' title='bbox 1761 1781 1891 1837; x_wconf 87' lang='lat' dir='ltr'><strong>diu?</strong></span> <span class='ocrx_word' id='word_1_599' title='bbox 1920 1781 2037 1837; x_wconf 80' lang='lat' dir='ltr'><strong>.iam</strong></span> <span class='ocrx_word' id='word_1_600' title='bbox 2070 1798 2196 1836; x_wconf 81' lang='lat' dir='ltr'><strong>vero</strong></span> <span class='ocrx_word' id='word_1_601' title='bbox 2225 1792 2502 1852; x_wconf 86' lang='lat' dir='ltr'><strong>respectus</strong></span> <span class='ocrx_word' id='word_1_602' title='bbox 2542 1783 2759 1852; x_wconf 90' lang='lat' dir='ltr'><strong>proprie</strong></span> <span class='ocrx_word' id='word_1_603' title='bbox 2799 1782 3106 1853; x_wconf 86' lang='lat' dir='ltr'><strong>temporalis</strong></span> <span class='ocrx_word' id='word_1_604' title='bbox 3147 1780 3201 1836; x_wconf 93' lang='lat' dir='ltr'><strong>in</strong></span> <span class='ocrx_word' id='word_1_605' title='bbox 3247 1795 3346 1851; x_wconf 83' lang='lat' dir='ltr'><strong>go-</strong></span> 
     </span>
    </p>
   </div>
   <div class='ocr_carea' id='block_1_73' title="bbox 1763 1873 3348 1946">
    <p class='ocr_par' dir='ltr' id='par_1_73' title="bbox 1763 1873 3348 1946">
     <span class='ocr_line' id='line_1_73' title="bbox 1763 1873 3348 1946; baseline -0.001 -16"><span class='ocrx_word' id='word_1_606' title='bbox 1763 1873 1905 1930; x_wconf 88' lang='lat' dir='ltr'><strong>tbica</strong></span> <span class='ocrx_word' id='word_1_607' title='bbox 1951 1875 2124 1942; x_wconf 74' lang='lat' dir='ltr'><strong>lingua</strong></span> <span class='ocrx_word' id='word_1_608' title='bbox 2154 1875 2389 1946; x_wconf 89' lang='lat' dir='ltr'><strong>genitivo</strong></span> <span class='ocrx_word' id='word_1_609' title='bbox 2418 1885 2472 1930; x_wconf 92' lang='lat' dir='ltr'><strong>et</strong></span> <span class='ocrx_word' id='word_1_610' title='bbox 2507 1873 2706 1942; x_wconf 87' lang='lat' dir='ltr'><strong>dativo,</strong></span> <span class='ocrx_word' id='word_1_611' title='bbox 2740 1889 2965 1946; x_wconf 87' lang='lat' dir='ltr'><strong>quorum</strong></span> <span class='ocrx_word' id='word_1_612' title='bbox 3013 1888 3234 1930; x_wconf 85' lang='lat' dir='ltr'><strong>casuum</strong></span> <span class='ocrx_word' id='word_1_613' title='bbox 3265 1873 3348 1929; x_wconf 81' lang='lat' dir='ltr'><strong>di-</strong></span> 
     </span>
    </p>
   </div>
   <div class='ocr_carea' id='block_1_74' title="bbox 1761 1964 3344 2037">
    <p class='ocr_par' dir='ltr' id='par_1_74' title="bbox 1761 1964 3344 2037">
     <span class='ocr_line' id='line_1_74' title="bbox 1761 1964 3344 2037; baseline -0.001 -19"><span class='ocrx_word' id='word_1_614' title='bbox 1761 1980 1972 2021; x_wconf 83' lang='lat' dir='ltr'><strong>versam</strong></span> <span class='ocrx_word' id='word_1_615' title='bbox 1998 1965 2440 2037; x_wconf 87' lang='lat' dir='ltr'><strong>signiﬁcationem</strong></span> <span class='ocrx_word' id='word_1_616' title='bbox 2465 1965 2686 2021; x_wconf 78' lang='lat' dir='ltr'><strong>difﬁcile</strong></span> <span class='ocrx_word' id='word_1_617' title='bbox 2707 1967 2994 2036; x_wconf 90' lang='lat' dir='ltr'><strong>percipies,</strong></span> <span class='ocrx_word' id='word_1_618' title='bbox 3017 1964 3344 2034; x_wconf 84' lang='lat' dir='ltr'><strong>designatur.</strong></span> 
     </span>
    </p>
   </div>
   <div class='ocr_carea' id='block_1_75' title="bbox 1765 2053 3348 2126">
    <p class='ocr_par' dir='ltr' id='par_1_75' title="bbox 1765 2053 3348 2126">
     <span class='ocr_line' id='line_1_75' title="bbox 1765 2053 3348 2126; baseline -0.003 -15"><span class='ocrx_word' id='word_1_619' title='bbox 1765 2054 1880 2111; x_wconf 80' lang='lat' dir='ltr'><strong>Huc</strong></span> <span class='ocrx_word' id='word_1_620' title='bbox 1929 2057 2149 2125; x_wconf 89' lang='lat' dir='ltr'><strong>insuper</strong></span> <span class='ocrx_word' id='word_1_621' title='bbox 2205 2055 2427 2110; x_wconf 91' lang='lat' dir='ltr'><strong>veniunt</strong></span> <span class='ocrx_word' id='word_1_622' title='bbox 2477 2053 2920 2126; x_wconf 77' lang='lat' dir='ltr'><strong>praepositiones,</strong></span> <span class='ocrx_word' id='word_1_623' title='bbox 2967 2053 3164 2124; x_wconf 87' lang='lat' dir='ltr'><strong>quibus</strong></span> <span class='ocrx_word' id='word_1_624' title='bbox 3214 2061 3348 2108; x_wconf 80' lang='lat' dir='ltr'><strong>tem-</strong></span> 
     </span>
    </p>
   </div>
   <div class='ocr_carea' id='block_1_76' title="bbox 1765 2144 3350 2216">
    <p class='ocr_par' dir='ltr' id='par_1_76' title="bbox 1765 2144 3350 2216">
     <span class='ocr_line' id='line_1_76' title="bbox 1765 2144 3350 2216; baseline 0.001 -17"><span class='ocrx_word' id='word_1_625' title='bbox 1765 2161 1862 2216; x_wconf 88' lang='lat' dir='ltr'><strong>pus</strong></span> <span class='ocrx_word' id='word_1_626' title='bbox 1935 2145 2173 2201; x_wconf 78' lang='lat' dir='ltr'><strong>strictius</strong></span> <span class='ocrx_word' id='word_1_627' title='bbox 2239 2145 2649 2202; x_wconf 89' lang='lat' dir='ltr'><strong>determinatur.</strong></span> <span class='ocrx_word' id='word_1_628' title='bbox 2713 2145 2978 2214; x_wconf 84' lang='lat' dir='ltr'><strong>Quamdiu</strong></span> <span class='ocrx_word' id='word_1_629' title='bbox 3049 2144 3350 2201; x_wconf 84' lang='lat' dir='ltr'><strong>accusativo</strong></span> 
     </span>
    </p>
   </div>
   <div class='ocr_carea' id='block_1_77' title="bbox 1762 2237 3351 2311">
    <p class='ocr_par' dir='ltr' id='par_1_77' title="bbox 1762 2237 3351 2311">
     <span class='ocr_line' id='line_1_77' title="bbox 1762 2237 3351 2311; baseline -0.001 -15"><span class='ocrx_word' id='word_1_630' title='bbox 1762 2240 2120 2310; x_wconf 82' lang='lat' dir='ltr'><strong>exprimitur,</strong></span> <span class='ocrx_word' id='word_1_631' title='bbox 2152 2248 2208 2297; x_wconf 92' lang='lat' dir='ltr'><strong>et</strong></span> <span class='ocrx_word' id='word_1_632' title='bbox 2232 2241 2472 2296; x_wconf 87' lang='lat' dir='ltr'><strong>strictius</strong></span> <span class='ocrx_word' id='word_1_633' title='bbox 2511 2237 3042 2311; x_wconf 69' lang='lat' dir='ltr'><strong>przepositionibuss;</strong></span> <span class='ocrx_word' id='word_1_634' title='bbox 3092 2238 3351 2311; x_wconf 77' lang='lat' dir='ltr'><strong>quamdu—</strong></span> 
     </span>
    </p>
   </div>
   <div class='ocr_carea' id='block_1_78' title="bbox 1763 2331 3354 2406">
    <p class='ocr_par' dir='ltr' id='par_1_78' title="bbox 1763 2331 3354 2406">
     <span class='ocr_line' id='line_1_78' title="bbox 1763 2331 3354 2406; baseline 0.002 -19"><span class='ocrx_word' id='word_1_635' title='bbox 1763 2331 1890 2388; x_wconf 92' lang='lat' dir='ltr'><strong>dum</strong></span> <span class='ocrx_word' id='word_1_636' title='bbox 1939 2343 2159 2404; x_wconf 88' lang='lat' dir='ltr'><strong>autem,</strong></span> <span class='ocrx_word' id='word_1_637' title='bbox 2199 2349 2417 2406; x_wconf 80' lang='lat' dir='ltr'><strong>semper</strong></span> <span class='ocrx_word' id='word_1_638' title='bbox 2468 2333 2829 2392; x_wconf 86' lang='lat' dir='ltr'><strong>mediantibus</strong></span> <span class='ocrx_word' id='word_1_639' title='bbox 2883 2331 3354 2406; x_wconf 84' lang='lat' dir='ltr'><strong>praepositionibus</strong></span> 
     </span>
    </p>
   </div>
   <div class='ocr_carea' id='block_1_79' title="bbox 1763 2421 2069 2481">
    <p class='ocr_par' dir='ltr' id='par_1_79' title="bbox 1763 2421 2069 2481">
     <span class='ocr_line' id='line_1_79' title="bbox 1763 2421 2069 2481; baseline 0 -1"><span class='ocrx_word' id='word_1_640' title='bbox 1763 2421 2069 2481; x_wconf 86' lang='lat' dir='ltr'><strong>exhibetur.</strong></span> 
     </span>
    </p>
   </div>
   <div class='ocr_carea' id='block_1_80' title="bbox 1767 2517 2557 2590">
    <p class='ocr_par' dir='ltr' id='par_1_80' title="bbox 1767 2517 2557 2590">
     <span class='ocr_line' id='line_1_80' title="bbox 1767 2517 2557 2590; baseline 0 -16"><span class='ocrx_word' id='word_1_641' title='bbox 1767 2517 1770 2526; x_wconf 90' lang='lat'>&#39;</span> <span class='ocrx_word' id='word_1_642' title='bbox 1836 2517 1876 2574; x_wconf 92' lang='grc'><strong>1.</strong></span> <span class='ocrx_word' id='word_1_643' title='bbox 1910 2517 1970 2574; x_wconf 84' lang='lat' dir='ltr'><strong>in</strong></span> <span class='ocrx_word' id='word_1_644' title='bbox 1995 2519 2292 2590; x_wconf 81' lang='lat' dir='ltr'><strong>quaestione</strong></span> <span class='ocrx_word' id='word_1_645' title='bbox 2316 2521 2557 2584; x_wconf 67' lang='lat' dir='ltr'><strong>onmno?</strong></span> 
     </span>
    </p>
   </div>
   <div class='ocr_carea' id='block_1_81' title="bbox 1839 2612 3354 2686">
    <p class='ocr_par' dir='ltr' id='par_1_81' title="bbox 1839 2612 3354 2686">
     <span class='ocr_line' id='line_1_81' title="bbox 1839 2612 3354 2686; baseline 0.001 -20"><span class='ocrx_word' id='word_1_646' title='bbox 1839 2612 1893 2685; x_wconf 87' lang='grc'><strong>1)</strong></span> <span class='ocrx_word' id='word_1_647' title='bbox 1912 2612 2010 2668; x_wconf 82' lang='lat' dir='ltr'><strong>ilic</strong></span> <span class='ocrx_word' id='word_1_648' title='bbox 2023 2613 2275 2670; x_wconf 86' lang='lat' dir='ltr'><strong>adverbia</strong></span> <span class='ocrx_word' id='word_1_649' title='bbox 2303 2615 2560 2685; x_wconf 88' lang='lat' dir='ltr'><strong>temporis</strong></span> <span class='ocrx_word' id='word_1_650' title='bbox 2571 2621 2695 2670; x_wconf 89' lang='lat' dir='ltr'><strong>sunt</strong></span> <span class='ocrx_word' id='word_1_651' title='bbox 2711 2613 2979 2686; x_wconf 70' lang='lat' dir='ltr'><strong>praecipue</strong></span> <span class='ocrx_word' id='word_1_652' title='bbox 3016 2613 3354 2668; x_wconf 89' lang='lat' dir='ltr'><strong>animadver-</strong></span> 
     </span>
    </p>
   </div>
   <div class='ocr_carea' id='block_1_82' title="bbox 1767 2691 3354 2781">
    <p class='ocr_par' dir='ltr' id='par_1_82' title="bbox 1767 2691 3354 2781">
     <span class='ocr_line' id='line_1_82' title="bbox 1767 2691 3354 2781; baseline 0 -21"><span class='ocrx_word' id='word_1_653' title='bbox 1767 2705 1927 2762; x_wconf 89' lang='lat' dir='ltr'><strong>tenda</strong></span> <span class='ocrx_word' id='word_1_654' title='bbox 1958 2722 1972 2760; x_wconf 89' lang='lat'><strong>:</strong></span> <span class='ocrx_word' id='word_1_655' title='bbox 2003 2705 2132 2761; x_wconf 79' lang='lat' dir='ltr'><strong>Mth.</strong></span> <span class='ocrx_word' id='word_1_656' title='bbox 2158 2722 2327 2774; x_wconf 79' lang='lat' dir='ltr'><strong>xxvii,</strong></span> <span class='ocrx_word' id='word_1_657' title='bbox 2360 2706 2841 2779; x_wconf 76' lang='lat' dir='ltr'><strong>58wan(quando)</strong></span> <span class='ocrx_word' id='word_1_658' title='bbox 2859 2691 2976 2781; x_wconf 65' lang='lat' dir='ltr'><strong>[iuit</strong></span> <span class='ocrx_word' id='word_1_659' title='bbox 2997 2722 3181 2762; x_wconf 72' lang='lat' dir='ltr'><strong>acinum</strong></span> <span class='ocrx_word' id='word_1_660' title='bbox 3205 2707 3354 2776; x_wconf 70' lang='lat' dir='ltr'><strong>gusti</strong></span> 
     </span>
    </p>
   </div>
   <div class='ocr_carea' id='block_1_83' title="bbox 1765 2795 3354 2870">
    <p class='ocr_par' dir='ltr' id='par_1_83' title="bbox 1765 2795 3354 2870">
     <span class='ocr_line' id='line_1_83' title="bbox 1765 2795 3354 2870; baseline -0.001 -18"><span class='ocrx_word' id='word_1_661' title='bbox 1765 2812 1861 2865; x_wconf 90' lang='lat' dir='ltr'><strong>vu,</strong></span> <span class='ocrx_word' id='word_1_662' title='bbox 1918 2795 1989 2854; x_wconf 68' lang='lat'><strong>25</strong></span> <span class='ocrx_word' id='word_1_663' title='bbox 2035 2796 2370 2870; x_wconf 71' lang='lat' dir='ltr'><strong>pan(tunc)</strong></span> <span class='ocrx_word' id='word_1_664' title='bbox 2425 2799 2670 2853; x_wconf 85' lang='lat' dir='ltr'><strong>audhaita</strong></span> <span class='ocrx_word' id='word_1_665' title='bbox 2715 2802 2970 2866; x_wconf 83' lang='lat' dir='ltr'><strong>im;vtu,</strong></span> <span class='ocrx_word' id='word_1_666' title='bbox 3015 2798 3086 2855; x_wconf 77' lang='lat'><strong>26</strong></span> <span class='ocrx_word' id='word_1_667' title='bbox 3129 2797 3354 2870; x_wconf 69' lang='grc' dir='ltr'><strong>ῥαπιιή</strong></span> 
     </span>
    </p>
   </div>
   <div class='ocr_carea' id='block_1_84' title="bbox 1770 2888 3355 2964">
    <p class='ocr_par' dir='ltr' id='par_1_84' title="bbox 1770 2888 3355 2964">
     <span class='ocr_line' id='line_1_84' title="bbox 1770 2888 3355 2964; baseline 0.001 -19"><span class='ocrx_word' id='word_1_668' title='bbox 1770 2891 1944 2962; x_wconf 89' lang='lat' dir='ltr'><strong>(tunc)</strong></span> <span class='ocrx_word' id='word_1_669' title='bbox 1984 2889 2281 2946; x_wconf 79' lang='lat' dir='ltr'><strong>urreisands</strong></span> <span class='ocrx_word' id='word_1_670' title='bbox 2305 2890 2463 2964; x_wconf 82' lang='lat' dir='ltr'><strong>gasok</strong></span> <span class='ocrx_word' id='word_1_671' title='bbox 2487 2889 2692 2946; x_wconf 73' lang='lat' dir='ltr'><strong>viridam</strong></span> <span class='ocrx_word' id='word_1_672' title='bbox 2719 2890 2818 2964; x_wconf 84' lang='lat' dir='ltr'><strong>jah</strong></span> <span class='ocrx_word' id='word_1_673' title='bbox 2847 2890 3075 2955; x_wconf 80' lang='lat' dir='ltr'><strong>marein;</strong></span> <span class='ocrx_word' id='word_1_674' title='bbox 3103 2904 3254 2957; x_wconf 88' lang='lat' dir='ltr'><strong>xxvt,</strong></span> <span class='ocrx_word' id='word_1_675' title='bbox 3286 2888 3355 2946; x_wconf 74' lang='lat'><strong>65</strong></span> 
     </span>
    </p>
   </div>
   <div class='ocr_carea' id='block_1_85' title="bbox 1766 2981 3355 3057">
    <p class='ocr_par' dir='ltr' id='par_1_85' title="bbox 1766 2981 3355 3057">
     <span class='ocr_line' id='line_1_85' title="bbox 1766 2981 3355 3057; baseline -0.001 -20"><span class='ocrx_word' id='word_1_676' title='bbox 1766 3000 1847 3038; x_wconf 85' lang='lat' dir='ltr'><strong>nu</strong></span> <span class='ocrx_word' id='word_1_677' title='bbox 1875 2984 2065 3057; x_wconf 90' lang='lat' dir='ltr'><strong>(nunc)</strong></span> <span class='ocrx_word' id='word_1_678' title='bbox 2093 2981 2496 3056; x_wconf 68' lang='lat' dir='ltr'><strong>gahausidedup</strong></span> <span class='ocrx_word' id='word_1_679' title='bbox 2539 2983 2617 3056; x_wconf 66' lang='lat' dir='ltr'><strong>po</strong></span> <span class='ocrx_word' id='word_1_680' title='bbox 2665 2983 3012 3054; x_wconf 80' lang='lat' dir='ltr'><strong>vajamerein;</strong></span> <span class='ocrx_word' id='word_1_681' title='bbox 3067 2997 3244 3048; x_wconf 84' lang='lat' dir='ltr'><strong>xxvu,</strong></span> <span class='ocrx_word' id='word_1_682' title='bbox 3287 2981 3355 3036; x_wconf 87' lang='lat'><strong>57</strong></span> 
     </span>
    </p>
   </div>
   <div class='ocr_carea' id='block_1_86' title="bbox 1766 3075 3353 3151">
    <p class='ocr_par' dir='ltr' id='par_1_86' title="bbox 1766 3075 3353 3151">
     <span class='ocr_line' id='line_1_86' title="bbox 1766 3075 3353 3151; baseline 0 -21"><span class='ocrx_word' id='word_1_683' title='bbox 1766 3076 1960 3150; x_wconf 76' lang='lat' dir='ltr'><strong>seipu</strong></span> <span class='ocrx_word' id='word_1_684' title='bbox 2000 3077 2168 3151; x_wconf 93' lang='lat' dir='ltr'><strong>(sero)</strong></span> <span class='ocrx_word' id='word_1_685' title='bbox 2215 3075 2371 3149; x_wconf 73' lang='lat' dir='ltr'><strong>mp.</strong></span> <span class='ocrx_word' id='word_1_686' title='bbox 2406 3077 2535 3133; x_wconf 89' lang='lat' dir='ltr'><strong>Item</strong></span> <span class='ocrx_word' id='word_1_687' title='bbox 2579 3075 2660 3132; x_wconf 90' lang='lat' dir='ltr'><strong>air</strong></span> <span class='ocrx_word' id='word_1_688' title='bbox 2692 3091 2880 3142; x_wconf 91' lang='lat' dir='ltr'><strong>mane,</strong></span> <span class='ocrx_word' id='word_1_689' title='bbox 2932 3075 3145 3150; x_wconf 63' lang='lat' dir='ltr'><strong>[urbis</strong></span> <span class='ocrx_word' id='word_1_690' title='bbox 3185 3075 3353 3148; x_wconf 84' lang='lat' dir='ltr'><strong>prius,</strong></span> 
     </span>
    </p>
   </div>
   <div class='ocr_carea' id='block_1_87' title="bbox 1765 3168 3356 3246">
    <p class='ocr_par' dir='ltr' id='par_1_87' title="bbox 1765 3168 3356 3246">
     <span class='ocr_line' id='line_1_87' title="bbox 1765 3168 3356 3246; baseline 0.001 -22"><span class='ocrx_word' id='word_1_691' title='bbox 1765 3186 1888 3244; x_wconf 71' lang='lat' dir='ltr'><strong>suns</strong></span> <span class='ocrx_word' id='word_1_692' title='bbox 1913 3171 2114 3246; x_wconf 86' lang='lat' dir='ltr'><strong>statim,</strong></span> <span class='ocrx_word' id='word_1_693' title='bbox 2137 3171 2298 3226; x_wconf 78' lang='lat' dir='ltr'><strong>anaks</strong></span> <span class='ocrx_word' id='word_1_694' title='bbox 2320 3170 2624 3238; x_wconf 81' lang='lat' dir='ltr'><strong>confestim,</strong></span> <span class='ocrx_word' id='word_1_695' title='bbox 2656 3168 2802 3226; x_wconf 73' lang='lat' dir='ltr'><strong>simia</strong></span> <span class='ocrx_word' id='word_1_696' title='bbox 2831 3169 2986 3240; x_wconf 88' lang='lat' dir='ltr'><strong>olim,</strong></span> <span class='ocrx_word' id='word_1_697' title='bbox 3014 3186 3198 3226; x_wconf 71' lang='lat' dir='ltr'><strong>cuman</strong></span> <span class='ocrx_word' id='word_1_698' title='bbox 3226 3184 3356 3242; x_wconf 83' lang='lat' dir='ltr'><strong>qua-</strong></span> 
     </span>
    </p>
   </div>
   <div class='ocr_carea' id='block_1_88' title="bbox 1772 3252 2927 3335">
    <p class='ocr_par' dir='ltr' id='par_1_88' title="bbox 1772 3252 2927 3335">
     <span class='ocr_line' id='line_1_88' title="bbox 1772 3252 2927 3335; baseline -0.001 -17"><span class='ocrx_word' id='word_1_699' title='bbox 1772 3257 1897 3319; x_wconf 88' lang='lat' dir='ltr'><strong>dam</strong></span> <span class='ocrx_word' id='word_1_700' title='bbox 1932 3252 2040 3329; x_wconf 86' lang='lat' dir='ltr'><strong>die,</strong></span> <span class='ocrx_word' id='word_1_701' title='bbox 2070 3263 2185 3334; x_wconf 78' lang='lat' dir='ltr'><strong>ulta</strong></span> <span class='ocrx_word' id='word_1_702' title='bbox 2213 3278 2380 3334; x_wconf 69' lang='lat' dir='ltr'><strong>saepe,</strong></span> <span class='ocrx_word' id='word_1_703' title='bbox 2410 3267 2552 3335; x_wconf 79' lang='lat' dir='ltr'><strong>aftra</strong></span> <span class='ocrx_word' id='word_1_704' title='bbox 2577 3273 2788 3332; x_wconf 87' lang='lat' dir='ltr'><strong>rursus,</strong></span> <span class='ocrx_word' id='word_1_705' title='bbox 2819 3270 2927 3320; x_wconf 87' lang='lat' dir='ltr'><strong>etc.</strong></span> 
     </span>
    </p>
   </div>
   <div class='ocr_carea' id='block_1_89' title="bbox 1839 3363 3357 3441">
    <p class='ocr_par' dir='ltr' id='par_1_89' title="bbox 1839 3363 3357 3441">
     <span class='ocr_line' id='line_1_89' title="bbox 1839 3363 3357 3441; baseline -0.002 -17"><span class='ocrx_word' id='word_1_706' title='bbox 1839 3367 1897 3441; x_wconf 77' lang='lat'><strong>2)</strong></span> <span class='ocrx_word' id='word_1_707' title='bbox 1923 3363 2256 3438; x_wconf 90' lang='lat' dir='ltr'><strong>Temporalis</strong></span> <span class='ocrx_word' id='word_1_708' title='bbox 2280 3366 2370 3437; x_wconf 92' lang='lat' dir='ltr'><strong>qui</strong></span> <span class='ocrx_word' id='word_1_709' title='bbox 2393 3379 2530 3436; x_wconf 92' lang='lat' dir='ltr'><strong>pene</strong></span> <span class='ocrx_word' id='word_1_710' title='bbox 2562 3365 2838 3422; x_wconf 87' lang='lat' dir='ltr'><strong>exclusive</strong></span> <span class='ocrx_word' id='word_1_711' title='bbox 2859 3363 2928 3420; x_wconf 86' lang='lat' dir='ltr'><strong>ad</strong></span> <span class='ocrx_word' id='word_1_712' title='bbox 2956 3364 3108 3420; x_wconf 73' lang='lat' dir='ltr'><strong>nabis</strong></span> <span class='ocrx_word' id='word_1_713' title='bbox 3128 3371 3184 3420; x_wconf 90' lang='lat' dir='ltr'><strong>et</strong></span> <span class='ocrx_word' id='word_1_714' title='bbox 3208 3363 3357 3436; x_wconf 75' lang='lat' dir='ltr'><strong>itqu</strong></span> 
     </span>
    </p>
   </div>
   <div class='ocr_carea' id='block_1_90' title="bbox 1767 3461 2112 3532">
    <p class='ocr_par' dir='ltr' id='par_1_90' title="bbox 1767 3461 2112 3532">
     <span class='ocr_line' id='line_1_90' title="bbox 1767 3461 2112 3532; baseline -0.02 -12"><span class='ocrx_word' id='word_1_715' title='bbox 1767 3461 2112 3532; x_wconf 83' lang='lat' dir='ltr'><strong>restringitur</strong></span> 
     </span>
    </p>
   </div>
   <div class='ocr_carea' id='block_1_91' title="bbox 1839 3549 3356 3628">
    <p class='ocr_par' dir='ltr' id='par_1_91' title="bbox 1839 3549 3356 3628">
     <span class='ocr_line' id='line_1_91' title="bbox 1839 3549 3356 3628; baseline -0.001 -18"><span class='ocrx_word' id='word_1_716' title='bbox 1839 3555 1895 3628; x_wconf 90' lang='lat' dir='ltr'><strong>a)</strong></span> <span class='ocrx_word' id='word_1_717' title='bbox 1922 3554 2065 3612; x_wconf 80' lang='lat' dir='ltr'><strong>Raro</strong></span> <span class='ocrx_word' id='word_1_718' title='bbox 2087 3569 2183 3624; x_wconf 89' lang='lat' dir='ltr'><strong>per</strong></span> <span class='ocrx_word' id='word_1_719' title='bbox 2206 3549 2496 3623; x_wconf 85' lang='lat' dir='ltr'><strong>genitivum</strong></span> <span class='ocrx_word' id='word_1_720' title='bbox 2523 3551 2843 3624; x_wconf 80' lang='lat' dir='ltr'><strong>exponitur:</strong></span> <span class='ocrx_word' id='word_1_721' title='bbox 2869 3551 3001 3609; x_wconf 87' lang='lat' dir='ltr'><strong>Luc.</strong></span> <span class='ocrx_word' id='word_1_722' title='bbox 3025 3569 3086 3620; x_wconf 88' lang='grc' dir='ltr'><strong>ιι,</strong></span> <span class='ocrx_word' id='word_1_723' title='bbox 3113 3553 3147 3610; x_wconf 90' lang='grc'>8</span> <span class='ocrx_word' id='word_1_724' title='bbox 3176 3553 3356 3608; x_wconf 81' lang='lat' dir='ltr'><strong>haird-</strong></span> 
     </span>
    </p>
   </div>
   <div class='ocr_carea' id='block_1_92' title="bbox 1761 3645 3356 3732">
    <p class='ocr_par' dir='ltr' id='par_1_92' title="bbox 1761 3645 3356 3732">
     <span class='ocr_line' id='line_1_92' title="bbox 1761 3645 3356 3732; baseline -0.003 -26"><span class='ocrx_word' id='word_1_725' title='bbox 1761 3654 1852 3732; x_wconf 79' lang='lat' dir='ltr'><strong>jas</strong></span> <span class='ocrx_word' id='word_1_726' title='bbox 1878 3666 2030 3705; x_wconf 78' lang='lat' dir='ltr'><strong>uesun</strong></span> <span class='ocrx_word' id='word_1_727' title='bbox 2074 3648 2345 3704; x_wconf 81' lang='lat' dir='ltr'><strong>uitandam</strong></span> <span class='ocrx_word' id='word_1_728' title='bbox 2392 3647 2581 3702; x_wconf 81' lang='lat' dir='ltr'><strong>nahts</strong></span> <span class='ocrx_word' id='word_1_729' title='bbox 2609 3647 2721 3720; x_wconf 78' lang='grc' dir='ltr'><strong>(τῆς</strong></span> <span class='ocrx_word' id='word_1_730' title='bbox 2744 3647 2978 3732; x_wconf 63' lang='lat' dir='ltr'><strong>water);</strong></span> <span class='ocrx_word' id='word_1_731' title='bbox 3008 3646 3199 3703; x_wconf 83' lang='lat' dir='ltr'><strong>Thess.</strong></span> <span class='ocrx_word' id='word_1_732' title='bbox 3234 3645 3276 3714; x_wconf 88' lang='lat' dir='ltr'><strong>l,</strong></span> <span class='ocrx_word' id='word_1_733' title='bbox 3302 3661 3356 3714; x_wconf 75' lang='grc' dir='ltr'>ν,</span> 
     </span>
    </p>
   </div>
   <div class='ocr_carea' id='block_1_93' title="bbox 1771 3729 3358 3814">
    <p class='ocr_par' dir='ltr' id='par_1_93' title="bbox 1771 3729 3358 3814">
     <span class='ocr_line' id='line_1_93' title="bbox 1771 3729 3358 3814; baseline -0.004 -13"><span class='ocrx_word' id='word_1_734' title='bbox 1771 3729 1804 3801; x_wconf 73' lang='grc' dir='ltr'><strong><em>Ἰ</em></strong></span> <span class='ocrx_word' id='word_1_735' title='bbox 1855 3743 2046 3798; x_wconf 79' lang='lat' dir='ltr'><strong>nahts</strong></span> <span class='ocrx_word' id='word_1_736' title='bbox 2087 3739 2314 3814; x_wconf 80' lang='grc' dir='ltr'><strong>(νυκτός)</strong></span> <span class='ocrx_word' id='word_1_737' title='bbox 2357 3739 2643 3811; x_wconf 78' lang='lat' dir='ltr'><strong>drugkanai</strong></span> <span class='ocrx_word' id='word_1_738' title='bbox 2684 3729 2978 3811; x_wconf 59' lang='lat' dir='ltr'><strong>uairpaud;</strong></span> <span class='ocrx_word' id='word_1_739' title='bbox 3013 3738 3148 3794; x_wconf 84' lang='lat' dir='ltr'><strong>Neb.</strong></span> <span class='ocrx_word' id='word_1_740' title='bbox 3202 3754 3253 3806; x_wconf 93' lang='lat' dir='ltr'><strong>v,</strong></span> <span class='ocrx_word' id='word_1_741' title='bbox 3293 3739 3358 3794; x_wconf 83' lang='grc'><strong>1⁸1</strong></span> 
     </span>
    </p>
   </div>
   <div class='ocr_carea' id='block_1_94' title="bbox 1770 3829 3358 3909">
    <p class='ocr_par' dir='ltr' id='par_1_94' title="bbox 1770 3829 3358 3909">
     <span class='ocr_line' id='line_1_94' title="bbox 1770 3829 3358 3909; baseline -0.005 -16"><span class='ocrx_word' id='word_1_742' title='bbox 1770 3855 1859 3893; x_wconf 83' lang='lat' dir='ltr'><strong>vas</strong></span> <span class='ocrx_word' id='word_1_743' title='bbox 1899 3833 2392 3909; x_wconf 72' lang='lat' dir='ltr'><strong>fraquman&#39;dagis</strong></span> <span class='ocrx_word' id='word_1_744' title='bbox 2427 3833 2626 3887; x_wconf 79' lang='lat' dir='ltr'><strong>wizuh</strong></span> <span class='ocrx_word' id='word_1_745' title='bbox 2668 3835 2764 3902; x_wconf 80' lang='grc' dir='ltr'><strong>(εἰς</strong></span> <span class='ocrx_word' id='word_1_746' title='bbox 2804 3833 2993 3906; x_wconf 68' lang='grc' dir='ltr'><strong>ἡμέραν</strong></span> <span class='ocrx_word' id='word_1_747' title='bbox 3045 3829 3183 3902; x_wconf 75' lang='grc' dir='ltr'><strong>μίαν)</strong></span> <span class='ocrx_word' id='word_1_748' title='bbox 3231 3831 3358 3886; x_wconf 77' lang='lat' dir='ltr'><strong>stiur</strong></span> 
     </span>
    </p>
   </div>
   <div class='ocr_carea' id='block_1_95' title="bbox 1773 3921 3360 3995">
    <p class='ocr_par' dir='ltr' id='par_1_95' title="bbox 1773 3921 3360 3995">
     <span class='ocr_line' id='line_1_95' title="bbox 1773 3921 3360 3995; baseline -0.003 -12"><span class='ocrx_word' id='word_1_749' title='bbox 1773 3930 1920 3994; x_wconf 84' lang='lat' dir='ltr'><strong>ains;</strong></span> <span class='ocrx_word' id='word_1_750' title='bbox 1949 3927 2082 3984; x_wconf 84' lang='lat' dir='ltr'><strong>Mth.</strong></span> <span class='ocrx_word' id='word_1_751' title='bbox 2110 3942 2184 3993; x_wconf 67' lang='grc' dir='ltr'>γι,</span> <span class='ocrx_word' id='word_1_752' title='bbox 2218 3925 2287 3980; x_wconf 75' lang='grc'><strong>50</strong></span> <span class='ocrx_word' id='word_1_753' title='bbox 2327 3925 2443 3979; x_wconf 83' lang='lat' dir='ltr'><strong>havi</strong></span> <span class='ocrx_word' id='word_1_754' title='bbox 2493 3921 2703 3995; x_wconf 72' lang='lat' dir='ltr'><strong>haipjos</strong></span> <span class='ocrx_word' id='word_1_755' title='bbox 2742 3921 2934 3975; x_wconf 81' lang='lat' dir='ltr'><strong>himma</strong></span> <span class='ocrx_word' id='word_1_756' title='bbox 2977 3921 3113 3994; x_wconf 84' lang='lat' dir='ltr'><strong>daga</strong></span> <span class='ocrx_word' id='word_1_757' title='bbox 3147 3921 3360 3978; x_wconf 72' lang='lat' dir='ltr'><strong>visendo</strong></span> 
     </span>
    </p>
   </div>
   <div class='ocr_carea' id='block_1_96' title="bbox 1763 4011 3359 4098">
    <p class='ocr_par' dir='ltr' id='par_1_96' title="bbox 1763 4011 3359 4098">
     <span class='ocr_line' id='line_1_96' title="bbox 1763 4011 3359 4098; baseline -0.004 -26"><span class='ocrx_word' id='word_1_758' title='bbox 1763 4018 1862 4098; x_wconf 81' lang='lat' dir='ltr'><strong>jah</strong></span> <span class='ocrx_word' id='word_1_759' title='bbox 1904 4015 2311 4088; x_wconf 74' lang='lat' dir='ltr'><strong>gistradagis</strong></span> <span class='ocrx_word' id='word_1_760' title='bbox 2359 4017 2416 4068; x_wconf 82' lang='lat' dir='ltr'><strong>in</strong></span> <span class='ocrx_word' id='word_1_761' title='bbox 2461 4013 2598 4067; x_wconf 83' lang='lat' dir='ltr'><strong>auhn</strong></span> <span class='ocrx_word' id='word_1_762' title='bbox 2640 4011 2858 4084; x_wconf 69' lang='lat' dir='ltr'><strong>galagip</strong></span> <span class='ocrx_word' id='word_1_763' title='bbox 2907 4011 3021 4081; x_wconf 92' lang='lat' dir='ltr'><strong>(ubi</strong></span> <span class='ocrx_word' id='word_1_764' title='bbox 3050 4011 3359 4084; x_wconf 69' lang='lat' dir='ltr'><strong>gistradagia</strong></span> 
     </span>
    </p>
   </div>
   <div class='ocr_carea' id='block_1_97' title="bbox 1775 4103 3356 4188">
    <p class='ocr_par' dir='ltr' id='par_1_97' title="bbox 1775 4103 3356 4188">
     <span class='ocr_line' id='line_1_97' title="bbox 1775 4103 3356 4188; baseline -0.013 -16"><span class='ocrx_word' id='word_1_765' title='bbox 1775 4105 1990 4188; x_wconf 71' lang='grc' dir='ltr'><strong>[αὕρων]</strong></span> <span class='ocrx_word' id='word_1_766' title='bbox 2043 4105 2390 4178; x_wconf 89' lang='lat' dir='ltr'><strong>probabiliter</strong></span> <span class='ocrx_word' id='word_1_767' title='bbox 2436 4105 2750 4160; x_wconf 89' lang='lat' dir='ltr'><strong>adverbium</strong></span> <span class='ocrx_word' id='word_1_768' title='bbox 2791 4114 2908 4169; x_wconf 88' lang='lat' dir='ltr'><strong>est,</strong></span> <span class='ocrx_word' id='word_1_769' title='bbox 2944 4111 3001 4160; x_wconf 92' lang='lat' dir='ltr'><strong>ut</strong></span> <span class='ocrx_word' id='word_1_770' title='bbox 3051 4103 3356 4175; x_wconf 76' lang='lat' dir='ltr'><strong>framvigis);</strong></span> 
     </span>
    </p>
   </div>
   <div class='ocr_carea' id='block_1_98' title="bbox 1776 4193 3360 4270">
    <p class='ocr_par' dir='ltr' id='par_1_98' title="bbox 1776 4193 3360 4270">
     <span class='ocr_line' id='line_1_98' title="bbox 1776 4193 3360 4270; baseline -0.003 -13"><span class='ocrx_word' id='word_1_771' title='bbox 1776 4201 1878 4257; x_wconf 85' lang='lat' dir='ltr'><strong>Mc.</strong></span> <span class='ocrx_word' id='word_1_772' title='bbox 1916 4215 2022 4267; x_wconf 80' lang='lat' dir='ltr'><strong>xvr,</strong></span> <span class='ocrx_word' id='word_1_773' title='bbox 2055 4198 2089 4250; x_wconf 76' lang='grc'><strong>2</strong></span> <span class='ocrx_word' id='word_1_774' title='bbox 2109 4198 2204 4268; x_wconf 80' lang='lat' dir='ltr'><strong>ﬁlu</strong></span> <span class='ocrx_word' id='word_1_775' title='bbox 2233 4199 2311 4251; x_wconf 87' lang='lat' dir='ltr'><strong>air</strong></span> <span class='ocrx_word' id='word_1_776' title='bbox 2345 4193 2453 4269; x_wconf 80' lang='lat' dir='ltr'><strong>[)is</strong></span> <span class='ocrx_word' id='word_1_777' title='bbox 2482 4197 2516 4250; x_wconf 77' lang='grc' dir='ltr'><em>ά</em></span> <span class='ocrx_word' id='word_1_778' title='bbox 2535 4199 2667 4269; x_wconf 83' lang='lat' dir='ltr'><strong>agis</strong></span> <span class='ocrx_word' id='word_1_779' title='bbox 2694 4195 3022 4268; x_wconf 80' lang='lat' dir='ltr'><strong>afarsabbate</strong></span> <span class='ocrx_word' id='word_1_780' title='bbox 3051 4195 3360 4270; x_wconf 78' lang='lat' dir='ltr'><strong>atiddjedun</strong></span> 
     </span>
    </p>
   </div>
   <div class='ocr_carea' id='block_1_99' title="bbox 1776 4288 3359 4361">
    <p class='ocr_par' dir='ltr' id='par_1_99' title="bbox 1776 4288 3359 4361">
     <span class='ocr_line' id='line_1_99' title="bbox 1776 4288 3359 4361; baseline -0.003 -12"><span class='ocrx_word' id='word_1_781' title='bbox 1776 4296 1844 4350; x_wconf 85' lang='lat' dir='ltr'><strong>du</strong></span> <span class='ocrx_word' id='word_1_782' title='bbox 1873 4294 2074 4359; x_wconf 82' lang='lat' dir='ltr'><strong>hlaiva;</strong></span> <span class='ocrx_word' id='word_1_783' title='bbox 2106 4292 2234 4347; x_wconf 85' lang='lat' dir='ltr'><strong>Luc.</strong></span> <span class='ocrx_word' id='word_1_784' title='bbox 2268 4307 2427 4359; x_wconf 86' lang='lat' dir='ltr'><strong>xvut,</strong></span> <span class='ocrx_word' id='word_1_785' title='bbox 2461 4289 2526 4346; x_wconf 73' lang='lat' dir='ltr'><strong>i2</strong></span> <span class='ocrx_word' id='word_1_786' title='bbox 2565 4289 2699 4360; x_wconf 76' lang='lat' dir='ltr'><strong>[asta</strong></span> <span class='ocrx_word' id='word_1_787' title='bbox 2728 4291 2879 4344; x_wconf 84' lang='lat' dir='ltr'><strong>tvaim</strong></span> <span class='ocrx_word' id='word_1_788' title='bbox 2903 4288 3116 4361; x_wconf 73' lang='lat' dir='ltr'><strong>sinpam</strong></span> <span class='ocrx_word' id='word_1_789' title='bbox 3143 4292 3359 4345; x_wconf 85' lang='lat' dir='ltr'><strong>sabba-</strong></span> 
     </span>
    </p>
   </div>
   <div class='ocr_carea' id='block_1_100' title="bbox 1777 4383 3360 4459">
    <p class='ocr_par' dir='ltr' id='par_1_100' title="bbox 1777 4383 3360 4459">
     <span class='ocr_line' id='line_1_100' title="bbox 1777 4383 3360 4459; baseline -0.001 -17"><span class='ocrx_word' id='word_1_790' title='bbox 1777 4397 1933 4442; x_wconf 81' lang='lat' dir='ltr'><strong>taus</strong></span> <span class='ocrx_word' id='word_1_791' title='bbox 1959 4386 2077 4459; x_wconf 84' lang='grc' dir='ltr'><strong>(τοῦ</strong></span> <span class='ocrx_word' id='word_1_792' title='bbox 2109 4387 2419 4456; x_wconf 80' lang='grc' dir='ltr'><strong>σαϐϐάτου).</strong></span> <span class='ocrx_word' id='word_1_793' title='bbox 2452 4383 2636 4441; x_wconf 91' lang='lat' dir='ltr'><strong>Potius</strong></span> <span class='ocrx_word' id='word_1_794' title='bbox 2666 4399 2793 4440; x_wconf 93' lang='lat' dir='ltr'><strong>vero</strong></span> <span class='ocrx_word' id='word_1_795' title='bbox 2815 4384 3099 4456; x_wconf 90' lang='lat' dir='ltr'><strong>partitivus</strong></span> <span class='ocrx_word' id='word_1_796' title='bbox 3140 4394 3221 4441; x_wconf 91' lang='lat' dir='ltr'><strong>est</strong></span> <span class='ocrx_word' id='word_1_797' title='bbox 3266 4400 3360 4456; x_wconf 54' lang='lat' dir='ltr'><strong>ge.</strong></span> 
     </span>
    </p>
   </div>
   <div class='ocr_carea' id='block_1_101' title="bbox 1778 4475 3360 4550">
    <p class='ocr_par' dir='ltr' id='par_1_101' title="bbox 1778 4475 3360 4550">
     <span class='ocr_line' id='line_1_101' title="bbox 1778 4475 3360 4550; baseline -0.001 -16"><span class='ocrx_word' id='word_1_798' title='bbox 1778 4481 1975 4537; x_wconf 84' lang='lat' dir='ltr'><strong>nitivus</strong></span> <span class='ocrx_word' id='word_1_799' title='bbox 2006 4479 2205 4536; x_wconf 84' lang='lat' dir='ltr'><strong>iuNelt.</strong></span> <span class='ocrx_word' id='word_1_800' title='bbox 2233 4479 2388 4544; x_wconf 83' lang='lat' dir='ltr'><strong>vt,l5</strong></span> <span class='ocrx_word' id='word_1_801' title='bbox 2413 4475 2727 4550; x_wconf 70' lang='lat' dir='ltr'><strong>uspauhuna</strong></span> <span class='ocrx_word' id='word_1_802' title='bbox 2747 4477 2916 4549; x_wconf 74' lang='grc' dir='ltr'>υαιινρ</span> <span class='ocrx_word' id='word_1_803' title='bbox 2948 4477 3360 4549; x_wconf 76' lang='lat' dir='ltr'><strong>baurgsvaddjus</strong></span> 
     </span>
    </p>
   </div>
   <div class='ocr_carea' id='block_1_102' title="bbox 1781 4571 3360 4648">
    <p class='ocr_par' dir='ltr' id='par_1_102' title="bbox 1781 4571 3360 4648">
     <span class='ocr_line' id='line_1_102' title="bbox 1781 4571 3360 4648; baseline -0.002 -17"><span class='ocrx_word' id='word_1_804' title='bbox 1781 4593 1854 4631; x_wconf 81' lang='lat' dir='ltr'><strong>&#39;n&#39;</strong></span> <span class='ocrx_word' id='word_1_805' title='bbox 1888 4577 2047 4648; x_wconf 84' lang='lat' dir='ltr'><strong>dage</strong></span> <span class='ocrx_word' id='word_1_806' title='bbox 2066 4575 2163 4646; x_wconf 83' lang='lat' dir='ltr'><strong>jah</strong></span> <span class='ocrx_word' id='word_1_807' title='bbox 2196 4575 2265 4629; x_wconf 73' lang='lat' dir='ltr'><strong>&#39;b°</strong></span> <span class='ocrx_word' id='word_1_808' title='bbox 2286 4591 2306 4642; x_wconf 89' lang='lat'><strong><em>;</em></strong></span> <span class='ocrx_word' id='word_1_809' title='bbox 2330 4581 2384 4630; x_wconf 90' lang='lat' dir='ltr'><strong>et</strong></span> <span class='ocrx_word' id='word_1_810' title='bbox 2403 4571 2686 4632; x_wconf 81' lang='lat' dir='ltr'><strong>nominatis</strong></span> <span class='ocrx_word' id='word_1_811' title='bbox 2717 4573 2973 4629; x_wconf 87' lang='lat' dir='ltr'><strong>rectionis</strong></span> <span class='ocrx_word' id='word_1_812' title='bbox 3015 4572 3186 4628; x_wconf 89' lang='lat' dir='ltr'><strong>vicem</strong></span> <span class='ocrx_word' id='word_1_813' title='bbox 3223 4573 3360 4642; x_wconf 85' lang='lat' dir='ltr'><strong>gerit</strong></span> 
     </span>
    </p>
   </div>
   <div class='ocr_carea' id='block_1_103' title="bbox 1776 4661 3359 4740">
    <p class='ocr_par' dir='ltr' id='par_1_103' title="bbox 1776 4661 3359 4740">
     <span class='ocr_line' id='line_1_103' title="bbox 1776 4661 3359 4740; baseline -0.004 -15"><span class='ocrx_word' id='word_1_814' title='bbox 1776 4671 1830 4726; x_wconf 90' lang='lat' dir='ltr'><strong>in</strong></span> <span class='ocrx_word' id='word_1_815' title='bbox 1861 4669 1990 4725; x_wconf 87' lang='lat' dir='ltr'><strong>Luc.</strong></span> <span class='ocrx_word' id='word_1_816' title='bbox 2024 4685 2062 4736; x_wconf 90' lang='grc' dir='ltr'><strong>ι,</strong></span> <span class='ocrx_word' id='word_1_817' title='bbox 2095 4669 2124 4723; x_wconf 88' lang='grc'>7</span> <span class='ocrx_word' id='word_1_818' title='bbox 2153 4667 2381 4722; x_wconf 76' lang='lat' dir='ltr'><strong>zakarias</strong></span> <span class='ocrx_word' id='word_1_819' title='bbox 2405 4666 2502 4740; x_wconf 86' lang='lat' dir='ltr'><strong>jah</strong></span> <span class='ocrx_word' id='word_1_820' title='bbox 2540 4661 2850 4737; x_wconf 71' lang='lat' dir='ltr'><strong>aileisabaip</strong></span> <span class='ocrx_word' id='word_1_821' title='bbox 2881 4665 3171 4737; x_wconf 81' lang='lat' dir='ltr'><strong>framaldra</strong></span> <span class='ocrx_word' id='word_1_822' title='bbox 3202 4667 3236 4718; x_wconf 73' lang='grc' dir='ltr'><em>ά</em></span> <span class='ocrx_word' id='word_1_823' title='bbox 3247 4680 3359 4740; x_wconf 80' lang='lat' dir='ltr'><strong>age</strong></span> 
     </span>
    </p>
   </div>
   <div class='ocr_carea' id='block_1_104' title="bbox 1775 4757 3358 4840">
    <p class='ocr_par' dir='ltr' id='par_1_104' title="bbox 1775 4757 3358 4840">
     <span class='ocr_line' id='line_1_104' title="bbox 1775 4757 3358 4840; baseline -0.006 -21"><span class='ocrx_word' id='word_1_824' title='bbox 1775 4764 1868 4819; x_wconf 86' lang='lat' dir='ltr'><strong>sei</strong></span> <span class='ocrx_word' id='word_1_825' title='bbox 1885 4765 2076 4818; x_wconf 71' lang='lat' dir='ltr'><strong>naize</strong></span> <span class='ocrx_word' id='word_1_826' title='bbox 2115 4764 2188 4836; x_wconf 79' lang='grc' dir='ltr'><strong>(ἐν</strong></span> <span class='ocrx_word' id='word_1_827' title='bbox 2212 4768 2332 4824; x_wconf 80' lang='grc' dir='ltr'><strong>ταῖς</strong></span> <span class='ocrx_word' id='word_1_828' title='bbox 2354 4761 2588 4840; x_wconf 74' lang='grc' dir='ltr'><strong>ἡμέραις)</strong></span> <span class='ocrx_word' id='word_1_829' title='bbox 2619 4776 2795 4818; x_wconf 79' lang='lat' dir='ltr'><strong>vesun.</strong></span> <span class='ocrx_word' id='word_1_830' title='bbox 2837 4758 2916 4816; x_wconf 91' lang='lat' dir='ltr'><strong>De</strong></span> <span class='ocrx_word' id='word_1_831' title='bbox 2961 4758 3256 4813; x_wconf 81' lang='lat' dir='ltr'><strong>invisandin</strong></span> <span class='ocrx_word' id='word_1_832' title='bbox 3286 4757 3358 4830; x_wconf 74' lang='grc' dir='ltr'><strong>(δ)</strong></span> 
     </span>
    </p>
   </div>
   <div class='ocr_carea' id='block_1_105' title="bbox 1776 4853 2761 4928">
    <p class='ocr_par' dir='ltr' id='par_1_105' title="bbox 1776 4853 2761 4928">
     <span class='ocr_line' id='line_1_105' title="bbox 1776 4853 2761 4928; baseline -0.003 -17"><span class='ocrx_word' id='word_1_833' title='bbox 1776 4855 1982 4912; x_wconf 72' lang='lat' dir='ltr'><strong>sabbata</strong></span> <span class='ocrx_word' id='word_1_834' title='bbox 2009 4855 2155 4928; x_wconf 85' lang='lat' dir='ltr'><strong>dagis</strong></span> <span class='ocrx_word' id='word_1_835' title='bbox 2188 4855 2292 4910; x_wconf 90' lang='lat' dir='ltr'><strong>vid.</strong></span> <span class='ocrx_word' id='word_1_836' title='bbox 2322 4853 2460 4910; x_wconf 81' lang='lat' dir='ltr'><strong>inira</strong></span> <span class='ocrx_word' id='word_1_837' title='bbox 2491 4861 2673 4910; x_wconf 90' lang='lat' dir='ltr'><strong>annot.</strong></span> <span class='ocrx_word' id='word_1_838' title='bbox 2710 4856 2761 4908; x_wconf 74' lang='lat'><strong>4.</strong></span> 
     </span>
    </p>
   </div>
   <div class='ocr_carea' id='block_1_106' title="bbox 1855 4945 3359 5017">
    <p class='ocr_par' dir='ltr' id='par_1_106' title="bbox 1855 4945 3359 5017">
     <span class='ocr_line' id='line_1_106' title="bbox 1855 4945 3359 5017; baseline -0.001 -15"><span class='ocrx_word' id='word_1_839' title='bbox 1855 4969 1873 5002; x_wconf 75' lang='grc' dir='ltr'><strong>ι</strong></span> <span class='ocrx_word' id='word_1_840' title='bbox 1904 4947 2193 5006; x_wconf 88' lang='lat' dir='ltr'><strong>Annotatio</strong></span> <span class='ocrx_word' id='word_1_841' title='bbox 2213 4949 2262 5004; x_wconf 90' lang='grc'><strong>1.</strong></span> <span class='ocrx_word' id='word_1_842' title='bbox 2285 4978 2356 4990; x_wconf 91' lang='lat'><strong>-—</strong></span> <span class='ocrx_word' id='word_1_843' title='bbox 2385 4948 2559 5004; x_wconf 89' lang='lat' dir='ltr'><strong>Etiam</strong></span> <span class='ocrx_word' id='word_1_844' title='bbox 2583 4963 2702 5003; x_wconf 92' lang='lat' dir='ltr'><strong>cum</strong></span> <span class='ocrx_word' id='word_1_845' title='bbox 2728 4945 3007 5017; x_wconf 89' lang='lat' dir='ltr'><strong>temporali</strong></span> <span class='ocrx_word' id='word_1_846' title='bbox 3036 4952 3359 5014; x_wconf 76' lang='lat' dir='ltr'><strong>usurpentur</strong></span> 
     </span>
    </p>
   </div>
   <div class='ocr_carea' id='block_1_107' title="bbox 1779 5038 3360 5112">
    <p class='ocr_par' dir='ltr' id='par_1_107' title="bbox 1779 5038 3360 5112">
     <span class='ocr_line' id='line_1_107' title="bbox 1779 5038 3360 5112; baseline -0.004 -14"><span class='ocrx_word' id='word_1_847' title='bbox 1779 5039 2182 5112; x_wconf 68' lang='lat' dir='ltr'><strong>praepositiones</strong></span> <span class='ocrx_word' id='word_1_848' title='bbox 2211 5061 2224 5096; x_wconf 91' lang='lat'><strong>:</strong></span> <span class='ocrx_word' id='word_1_849' title='bbox 2252 5043 2382 5098; x_wconf 91' lang='lat' dir='ltr'><strong>Luc.</strong></span> <span class='ocrx_word' id='word_1_850' title='bbox 2415 5059 2555 5110; x_wconf 79' lang='lat' dir='ltr'><strong>xvii,</strong></span> <span class='ocrx_word' id='word_1_851' title='bbox 2585 5040 2620 5096; x_wconf 69' lang='grc'><strong>4</strong></span> <span class='ocrx_word' id='word_1_852' title='bbox 2650 5041 2796 5098; x_wconf 81' lang='lat' dir='ltr'><strong>sibun</strong></span> <span class='ocrx_word' id='word_1_853' title='bbox 2821 5039 3036 5112; x_wconf 71' lang='lat' dir='ltr'><strong>siupam</strong></span> <span class='ocrx_word' id='word_1_854' title='bbox 3064 5054 3194 5093; x_wconf 82' lang='lat' dir='ltr'><strong>ana</strong></span> <span class='ocrx_word' id='word_1_855' title='bbox 3235 5038 3314 5092; x_wconf 82' lang='lat' dir='ltr'><strong>da</strong></span> <span class='ocrx_word' id='word_1_856' title='bbox 3326 5055 3360 5109; x_wconf 65' lang='grc' dir='ltr'><strong><em>ς</em></strong></span> 
     </span>
    </p>
   </div>
   <div class='ocr_carea' id='block_1_108' title="bbox 1778 5131 3361 5212">
    <p class='ocr_par' dir='ltr' id='par_1_108' title="bbox 1778 5131 3361 5212">
     <span class='ocr_line' id='line_1_108' title="bbox 1778 5131 3361 5212; baseline -0.003 -24"><span class='ocrx_word' id='word_1_857' title='bbox 1778 5133 1893 5206; x_wconf 77' lang='grc' dir='ltr'><strong>(τῆς</strong></span> <span class='ocrx_word' id='word_1_858' title='bbox 1919 5133 2165 5212; x_wconf 71' lang='grc' dir='ltr'><strong>ἡμέρας);</strong></span> <span class='ocrx_word' id='word_1_859' title='bbox 2200 5151 2248 5200; x_wconf 90' lang='grc' dir='ltr'><strong>ι,</strong></span> <span class='ocrx_word' id='word_1_860' title='bbox 2291 5135 2358 5190; x_wconf 88' lang='grc'><strong>18</strong></span> <span class='ocrx_word' id='word_1_861' title='bbox 2386 5151 2508 5206; x_wconf 80' lang='lat' dir='ltr'><strong>qens</strong></span> <span class='ocrx_word' id='word_1_862' title='bbox 2548 5133 2716 5188; x_wconf 76' lang='lat' dir='ltr'><strong>uicina</strong></span> <span class='ocrx_word' id='word_1_863' title='bbox 2741 5131 3105 5204; x_wconf 71' lang='lat' dir='ltr'><strong>{ramaldroui</strong></span> <span class='ocrx_word' id='word_1_864' title='bbox 3147 5134 3214 5188; x_wconf 82' lang='lat' dir='ltr'><strong>in</strong></span> <span class='ocrx_word' id='word_1_865' title='bbox 3257 5131 3361 5186; x_wconf 59' lang='lat' dir='ltr'><strong>da.</strong></span> 
     </span>
    </p>
   </div>
   <div class='ocr_carea' id='block_1_109' title="bbox 1776 5228 2401 5299">
    <p class='ocr_par' dir='ltr' id='par_1_109' title="bbox 1776 5228 2401 5299">
     <span class='ocr_line' id='line_1_109' title="bbox 1776 5228 2401 5299; baseline -0.003 -18"><span class='ocrx_word' id='word_1_866' title='bbox 1776 5241 1917 5299; x_wconf 84' lang='lat' dir='ltr'><strong>gam</strong></span> <span class='ocrx_word' id='word_1_867' title='bbox 1955 5228 2226 5282; x_wconf 84' lang='lat' dir='ltr'><strong>seinaim</strong></span> <span class='ocrx_word' id='word_1_868' title='bbox 2259 5229 2349 5282; x_wconf 79' lang='lat' dir='ltr'><strong>ist.</strong></span> <span class='ocrx_word' id='word_1_869' title='bbox 2381 5246 2401 5279; x_wconf 74' lang='grc' dir='ltr'><strong>ι</strong></span> 
     </span>
    </p>
   </div>
   <div class='ocr_carea' id='block_1_110' title="bbox 1849 5319 2723 5392">
    <p class='ocr_par' dir='ltr' id='par_1_110' title="bbox 1849 5319 2723 5392">
     <span class='ocr_line' id='line_1_110' title="bbox 1849 5319 2723 5392; baseline -0.001 -17"><span class='ocrx_word' id='word_1_870' title='bbox 1849 5320 1901 5392; x_wconf 91' lang='lat' dir='ltr'><strong>b)</strong></span> <span class='ocrx_word' id='word_1_871' title='bbox 1926 5320 2134 5390; x_wconf 74' lang='lat' dir='ltr'><strong>Saepius</strong></span> <span class='ocrx_word' id='word_1_872' title='bbox 2161 5334 2287 5376; x_wconf 91' lang='lat' dir='ltr'><strong>vero</strong></span> <span class='ocrx_word' id='word_1_873' title='bbox 2318 5335 2413 5390; x_wconf 91' lang='lat' dir='ltr'><strong>per</strong></span> <span class='ocrx_word' id='word_1_874' title='bbox 2438 5319 2678 5375; x_wconf 89' lang='lat' dir='ltr'><strong>dativum</strong></span> <span class='ocrx_word' id='word_1_875' title='bbox 2709 5336 2723 5374; x_wconf 90' lang='lat'><strong>:</strong></span> 
     </span>
    </p>
   </div>
   <div class='ocr_carea' id='block_1_111' title="bbox 1848 5408 3362 5483">
    <p class='ocr_par' dir='ltr' id='par_1_111' title="bbox 1848 5408 3362 5483">
     <span class='ocr_line' id='line_1_111' title="bbox 1848 5408 3362 5483; baseline -0.003 -15"><span class='ocrx_word' id='word_1_876' title='bbox 1848 5416 1936 5483; x_wconf 90' lang='lat' dir='ltr'><strong>aa)</strong></span> <span class='ocrx_word' id='word_1_877' title='bbox 1962 5411 2058 5467; x_wconf 89' lang='lat' dir='ltr'><strong>Mc.</strong></span> <span class='ocrx_word' id='word_1_878' title='bbox 2087 5427 2203 5479; x_wconf 85' lang='lat' dir='ltr'><strong>xm,</strong></span> <span class='ocrx_word' id='word_1_879' title='bbox 2235 5409 2303 5467; x_wconf 86' lang='grc'><strong>18</strong></span> <span class='ocrx_word' id='word_1_880' title='bbox 2332 5410 2537 5482; x_wconf 73' lang='lat' dir='ltr'><strong>bidjaip</strong></span> <span class='ocrx_word' id='word_1_881' title='bbox 2565 5412 2612 5466; x_wconf 84' lang='lat' dir='ltr'><strong>ei</strong></span> <span class='ocrx_word' id='word_1_882' title='bbox 2645 5412 2698 5466; x_wconf 87' lang='lat' dir='ltr'><strong>ni</strong></span> <span class='ocrx_word' id='word_1_883' title='bbox 2721 5410 2931 5483; x_wconf 72' lang='grc' dir='ltr'>ιιαὲνραὲ</span> <span class='ocrx_word' id='word_1_884' title='bbox 2973 5408 3173 5482; x_wconf 74' lang='grc' dir='ltr'>ῙιιαιιΙιε</span> <span class='ocrx_word' id='word_1_885' title='bbox 3217 5411 3362 5464; x_wconf 71' lang='lat' dir='ltr'><strong>izuar</strong></span> 
     </span>
    </p>
   </div>
   <div class='ocr_carea' id='block_1_112' title="bbox 1775 5501 3360 5584">
    <p class='ocr_par' dir='ltr' id='par_1_112' title="bbox 1775 5501 3360 5584">
     <span class='ocr_line' id='line_1_112' title="bbox 1775 5501 3360 5584; baseline -0.001 -24"><span class='ocrx_word' id='word_1_886' title='bbox 1775 5507 2042 5584; x_wconf 70' lang='lat' dir='ltr'><strong>uintrau</strong></span> <span class='ocrx_word' id='word_1_887' title='bbox 2067 5502 2402 5578; x_wconf 62' lang='lat' dir='ltr'><strong>(xitpé&#39;woc);</strong></span> <span class='ocrx_word' id='word_1_888' title='bbox 2452 5518 2499 5570; x_wconf 85' lang='grc' dir='ltr'><strong>ι,</strong></span> <span class='ocrx_word' id='word_1_889' title='bbox 2531 5503 2599 5559; x_wconf 76' lang='grc'><strong>55</strong></span> <span class='ocrx_word' id='word_1_890' title='bbox 2625 5505 2705 5559; x_wconf 84' lang='lat' dir='ltr'><strong>air</strong></span> <span class='ocrx_word' id='word_1_891' title='bbox 2732 5502 2974 5558; x_wconf 78' lang='lat' dir='ltr'><strong>ubtvan</strong></span> <span class='ocrx_word' id='word_1_892' title='bbox 3003 5501 3360 5575; x_wconf 85' lang='lat' dir='ltr'><strong>(crepusculo,</strong></span> 
     </span>
    </p>
   </div>
   <div class='ocr_carea' id='block_1_113' title="bbox 1776 5595 3364 5678">
    <p class='ocr_par' dir='ltr' id='par_1_113' title="bbox 1776 5595 3364 5678">
     <span class='ocr_line' id='line_1_113' title="bbox 1776 5595 3364 5678; baseline -0.007 -17"><span class='ocrx_word' id='word_1_893' title='bbox 1776 5605 1886 5662; x_wconf 76' lang='grc' dir='ltr'><strong>ἕννυ</strong></span> <span class='ocrx_word' id='word_1_894' title='bbox 1891 5603 2014 5678; x_wconf 83' lang='grc' dir='ltr'><strong>χον)</strong></span> <span class='ocrx_word' id='word_1_895' title='bbox 2045 5601 2388 5660; x_wconf 72' lang='grc' dir='ltr'><strong>ιιδειαηάαηάε</strong></span> <span class='ocrx_word' id='word_1_896' title='bbox 2405 5601 2645 5672; x_wconf 77' lang='lat' dir='ltr'><strong>usiddja;</strong></span> <span class='ocrx_word' id='word_1_897' title='bbox 2672 5613 2732 5666; x_wconf 86' lang='lat' dir='ltr'><strong>tt,</strong></span> <span class='ocrx_word' id='word_1_898' title='bbox 2753 5598 2826 5654; x_wconf 72' lang='grc'>24</span> <span class='ocrx_word' id='word_1_899' title='bbox 2845 5611 2924 5654; x_wconf 87' lang='lat' dir='ltr'><strong>wa</strong></span> <span class='ocrx_word' id='word_1_900' title='bbox 2952 5595 3168 5674; x_wconf 75' lang='lat' dir='ltr'><strong>taujand</strong></span> <span class='ocrx_word' id='word_1_901' title='bbox 3188 5596 3364 5667; x_wconf 65' lang='lat' dir='ltr'><strong>ripau-</strong></span> 
     </span>
    </p>
   </div>
   <div class='ocr_carea' id='block_1_114' title="bbox 69 5687 1662 5770">
    <p class='ocr_par' dir='ltr' id='par_1_114' title="bbox 69 5691 1662 5770">
     <span class='ocr_line' id='line_1_114' title="bbox 69 5691 1662 5770; baseline 0.002 -21"><span class='ocrx_word' id='word_1_902' title='bbox 69 5691 302 5765; x_wconf 73' lang='lat' dir='ltr'><strong>aippau</strong></span> <span class='ocrx_word' id='word_1_903' title='bbox 330 5697 535 5750; x_wconf 70' lang='lat' dir='ltr'><strong>undai&#39;</strong></span> <span class='ocrx_word' id='word_1_904' title='bbox 561 5697 732 5770; x_wconf 82' lang='lat' dir='ltr'><strong>Iigr?</strong></span> <span class='ocrx_word' id='word_1_905' title='bbox 759 5697 890 5754; x_wconf 76' lang='lat' dir='ltr'><strong>Mth.</strong></span> <span class='ocrx_word' id='word_1_906' title='bbox 918 5714 1029 5766; x_wconf 78' lang='grc' dir='ltr'>νιιι,</span> <span class='ocrx_word' id='word_1_907' title='bbox 1063 5697 1096 5754; x_wconf 90' lang='grc'>8</span> <span class='ocrx_word' id='word_1_908' title='bbox 1123 5699 1176 5752; x_wconf 86' lang='lat' dir='ltr'><strong>ni</strong></span> <span class='ocrx_word' id='word_1_909' title='bbox 1212 5700 1284 5752; x_wconf 79' lang='lat' dir='ltr'><strong>im</strong></span> <span class='ocrx_word' id='word_1_910' title='bbox 1323 5696 1503 5769; x_wconf 73' lang='lat' dir='ltr'><strong>vairps</strong></span> <span class='ocrx_word' id='word_1_911' title='bbox 1530 5698 1575 5752; x_wconf 79' lang='lat' dir='ltr'><strong>ei</strong></span> <span class='ocrx_word' id='word_1_912' title='bbox 1605 5714 1662 5768; x_wconf 65' lang='grc' dir='ltr'><strong>τι)</strong></span> 
     </span>
    </p>
   </div>
   <div class='ocr_carea' id='block_1_115' title="bbox 1779 5687 3365 5770">
    <p class='ocr_par' dir='ltr' id='par_1_115' title="bbox 1779 5687 3365 5769">
     <span class='ocr_line' id='line_1_115' title="bbox 1779 5687 3365 5769; baseline -0.006 -17"><span class='ocrx_word' id='word_1_913' title='bbox 1779 5698 1856 5769; x_wconf 71' lang='lat' dir='ltr'><strong>io:</strong></span> <span class='ocrx_word' id='word_1_914' title='bbox 1887 5695 2063 5768; x_wconf 78' lang='lat' dir='ltr'><strong>[)einai</strong></span> <span class='ocrx_word' id='word_1_915' title='bbox 2081 5696 2412 5752; x_wconf 81' lang='lat' dir='ltr'><strong>sabbatim</strong></span> <span class='ocrx_word' id='word_1_916' title='bbox 2446 5694 2580 5766; x_wconf 77' lang='grc' dir='ltr'><strong>(τοῖς</strong></span> <span class='ocrx_word' id='word_1_917' title='bbox 2610 5689 2863 5760; x_wconf 79' lang='grc' dir='ltr'><strong>σάϐϐασι)</strong></span> <span class='ocrx_word' id='word_1_918' title='bbox 2890 5698 2948 5746; x_wconf 91' lang='lat' dir='ltr'><strong>et</strong></span> <span class='ocrx_word' id='word_1_919' title='bbox 2974 5688 3104 5744; x_wconf 83' lang='lat' dir='ltr'><strong>Luc.</strong></span> <span class='ocrx_word' id='word_1_920' title='bbox 3124 5704 3198 5756; x_wconf 78' lang='lat' dir='ltr'><strong>v1,</strong></span> <span class='ocrx_word' id='word_1_921' title='bbox 3228 5687 3260 5743; x_wconf 83' lang='lat'><strong>9</strong></span> <span class='ocrx_word' id='word_1_922' title='bbox 3287 5703 3365 5742; x_wconf 83' lang='lat' dir='ltr'><strong>wa</strong></span> 
     </span>
    </p>
   </div>
   <div class='ocr_carea' id='block_1_116' title="bbox 68 5789 1675 5860">
    <p class='ocr_par' dir='ltr' id='par_1_116' title="bbox 68 5789 1675 5860">
     <span class='ocr_line' id='line_1_116' title="bbox 68 5789 1675 5860; baseline 0.002 -19"><span class='ocrx_word' id='word_1_923' title='bbox 68 5789 110 5841; x_wconf 71' lang='lat' dir='ltr'><strong>la</strong></span> <span class='ocrx_word' id='word_1_924' title='bbox 127 5797 232 5842; x_wconf 79' lang='lat' dir='ltr'><strong>rat</strong></span> <span class='ocrx_word' id='word_1_925' title='bbox 262 5789 396 5843; x_wconf 81' lang='lat' dir='ltr'><strong>mein</strong></span> <span class='ocrx_word' id='word_1_926' title='bbox 421 5793 760 5860; x_wconf 80' lang='lat' dir='ltr'><strong>innqaggais;</strong></span> <span class='ocrx_word' id='word_1_927' title='bbox 779 5792 905 5847; x_wconf 86' lang='lat' dir='ltr'><strong>Cor.</strong></span> <span class='ocrx_word' id='word_1_928' title='bbox 927 5791 969 5858; x_wconf 89' lang='grc'>1,</span> <span class='ocrx_word' id='word_1_929' title='bbox 1000 5807 1087 5859; x_wconf 81' lang='lat' dir='ltr'><strong>xv,</strong></span> <span class='ocrx_word' id='word_1_930' title='bbox 1107 5792 1179 5846; x_wconf 68' lang='lat'><strong>25</strong></span> <span class='ocrx_word' id='word_1_931' title='bbox 1199 5791 1309 5847; x_wconf 79' lang='lat' dir='ltr'><strong>skal</strong></span> <span class='ocrx_word' id='word_1_932' title='bbox 1329 5793 1375 5847; x_wconf 75' lang='lat' dir='ltr'><strong>is</strong></span> <span class='ocrx_word' id='word_1_933' title='bbox 1399 5792 1675 5860; x_wconf 66' lang='lat' dir='ltr'><strong>biudanon</strong></span> 
     </span>
    </p>
   </div>
   <div class='ocr_carea' id='block_1_117' title="bbox 72 5879 1674 5960">
    <p class='ocr_par' dir='ltr' id='par_1_117' title="bbox 72 5879 1674 5960">
     <span class='ocr_line' id='line_1_117' title="bbox 72 5879 1674 5960; baseline 0.003 -24"><span class='ocrx_word' id='word_1_934' title='bbox 72 5881 196 5936; x_wconf 77' lang='lat' dir='ltr'><strong>und</strong></span> <span class='ocrx_word' id='word_1_935' title='bbox 237 5879 385 5953; x_wconf 65' lang='lat' dir='ltr'><strong>putei</strong></span> <span class='ocrx_word' id='word_1_936' title='bbox 407 5884 648 5959; x_wconf 74' lang='lat' dir='ltr'><strong>gatagjip</strong></span> <span class='ocrx_word' id='word_1_937' title='bbox 688 5886 804 5960; x_wconf 75' lang='lat' dir='ltr'><strong>gap</strong></span> <span class='ocrx_word' id='word_1_938' title='bbox 831 5885 999 5942; x_wconf 69' lang='lat' dir='ltr'><strong>altrim</strong></span> <span class='ocrx_word' id='word_1_939' title='bbox 1029 5887 1220 5960; x_wconf 85' lang='lat' dir='ltr'><strong>ﬁjands</strong></span> <span class='ocrx_word' id='word_1_940' title='bbox 1255 5887 1302 5943; x_wconf 86' lang='lat' dir='ltr'><strong>is</strong></span> <span class='ocrx_word' id='word_1_941' title='bbox 1330 5887 1408 5959; x_wconf 84' lang='lat' dir='ltr'><strong>uf</strong></span> <span class='ocrx_word' id='word_1_942' title='bbox 1432 5891 1674 5960; x_wconf 79' lang='lat' dir='ltr'><strong>fatuus</strong></span> 
     </span>
    </p>
   </div>
   <div class='ocr_carea' id='block_1_118' title="bbox 69 5971 954 6050">
    <p class='ocr_par' dir='ltr' id='par_1_118' title="bbox 69 5971 954 6050">
     <span class='ocr_line' id='line_1_118' title="bbox 69 5971 954 6050; baseline 0.008 -23"><span class='ocrx_word' id='word_1_943' title='bbox 69 5987 246 6040; x_wconf 67' lang='lat' dir='ltr'><strong>nunc;</strong></span> <span class='ocrx_word' id='word_1_944' title='bbox 268 5973 377 6032; x_wconf 90' lang='lat' dir='ltr'><strong>vid.</strong></span> <span class='ocrx_word' id='word_1_945' title='bbox 405 5973 570 6046; x_wconf 77' lang='lat' dir='ltr'><strong>gloss.</strong></span> <span class='ocrx_word' id='word_1_946' title='bbox 598 5993 651 6034; x_wconf 88' lang='lat' dir='ltr'><strong>v.</strong></span> <span class='ocrx_word' id='word_1_947' title='bbox 684 5971 847 6050; x_wconf 69' lang='lat' dir='ltr'><strong>(HA)</strong></span> <span class='ocrx_word' id='word_1_948' title='bbox 879 5977 954 6048; x_wconf 89' lang='grc'><strong>1).</strong></span> 
     </span>
    </p>
   </div>
   <div class='ocr_carea' id='block_1_119' title="bbox 1774 5780 3362 5860">
    <p class='ocr_par' dir='ltr' id='par_1_119' title="bbox 1774 5780 3362 5860">
     <span class='ocr_line' id='line_1_119' title="bbox 1774 5780 3362 5860; baseline -0.008 -14"><span class='ocrx_word' id='word_1_949' title='bbox 1774 5792 1924 5848; x_wconf 76' lang='lat' dir='ltr'><strong>skuld</strong></span> <span class='ocrx_word' id='word_1_950' title='bbox 1959 5795 2024 5846; x_wconf 80' lang='lat' dir='ltr'><strong>ist</strong></span> <span class='ocrx_word' id='word_1_951' title='bbox 2057 5807 2124 5846; x_wconf 85' lang='lat' dir='ltr'><strong>sa</strong></span> <span class='ocrx_word' id='word_1_952' title='bbox 2140 5791 2336 5845; x_wconf 87' lang='lat' dir='ltr'><strong>bbato</strong></span> <span class='ocrx_word' id='word_1_953' title='bbox 2378 5791 2623 5860; x_wconf 86' lang='lat' dir='ltr'><strong>dagam.</strong></span> <span class='ocrx_word' id='word_1_954' title='bbox 2657 5785 2809 5841; x_wconf 84' lang='lat' dir='ltr'><strong>Adde</strong></span> <span class='ocrx_word' id='word_1_955' title='bbox 2839 5784 3096 5841; x_wconf 74' lang='lat' dir='ltr'><strong>lor-mulas</strong></span> <span class='ocrx_word' id='word_1_956' title='bbox 3122 5781 3246 5838; x_wconf 74' lang='lat' dir='ltr'><strong>nam</strong></span> <span class='ocrx_word' id='word_1_957' title='bbox 3262 5780 3362 5854; x_wconf 77' lang='lat' dir='ltr'><strong>jalt</strong></span> 
     </span>
    </p>
   </div>
   <div class='ocr_carea' id='block_1_120' title="bbox 1777 5876 3366 5960">
    <p class='ocr_par' dir='ltr' id='par_1_120' title="bbox 1777 5876 3366 5960">
     <span class='ocr_line' id='line_1_120' title="bbox 1777 5876 3366 5960; baseline -0.008 -18"><span class='ocrx_word' id='word_1_958' title='bbox 1777 5887 1914 5960; x_wconf 85' lang='lat' dir='ltr'><strong>daga</strong></span> <span class='ocrx_word' id='word_1_959' title='bbox 1939 5898 1991 5943; x_wconf 91' lang='lat' dir='ltr'><strong>et</strong></span> <span class='ocrx_word' id='word_1_960' title='bbox 2020 5886 2228 5941; x_wconf 81' lang='lat' dir='ltr'><strong>uuluam</strong></span> <span class='ocrx_word' id='word_1_961' title='bbox 2261 5885 2363 5957; x_wconf 82' lang='lat' dir='ltr'><strong>jah</strong></span> <span class='ocrx_word' id='word_1_962' title='bbox 2410 5884 2596 5955; x_wconf 84' lang='lat' dir='ltr'><strong>dagam</strong></span> <span class='ocrx_word' id='word_1_963' title='bbox 2627 5887 2788 5940; x_wconf 72' lang='lat' dir='ltr'><strong>noctu</strong></span> <span class='ocrx_word' id='word_1_964' title='bbox 2831 5878 3033 5956; x_wconf 70' lang='lat' dir='ltr'><strong>diuque</strong></span> <span class='ocrx_word' id='word_1_965' title='bbox 3077 5876 3254 5938; x_wconf 76' lang='grc' dir='ltr'><strong>(νύκτα</strong></span> <span class='ocrx_word' id='word_1_966' title='bbox 3281 5878 3366 5957; x_wconf 63' lang='grc' dir='ltr'><strong>κριὲ</strong></span> 
     </span>
    </p>
   </div>
   <div class='ocr_carea' id='block_1_121' title="bbox 1783 5964 3363 6054">
    <p class='ocr_par' dir='ltr' id='par_1_121' title="bbox 1783 5964 3363 6054">
     <span class='ocr_line' id='line_1_121' title="bbox 1783 5964 3363 6054; baseline -0.013 -12"><span class='ocrx_word' id='word_1_967' title='bbox 1783 5982 1972 6054; x_wconf 70' lang='grc' dir='ltr'><strong>ἡμέραν</strong></span> <span class='ocrx_word' id='word_1_968' title='bbox 2001 5995 2086 6038; x_wconf 80' lang='lat' dir='ltr'><strong>vet</strong></span> <span class='ocrx_word' id='word_1_969' title='bbox 2109 5981 2289 6040; x_wconf 83' lang='grc' dir='ltr'><strong>νυκτὸς</strong></span> <span class='ocrx_word' id='word_1_970' title='bbox 2311 5980 2394 6037; x_wconf 80' lang='grc' dir='ltr'><strong>καὶ</strong></span> <span class='ocrx_word' id='word_1_971' title='bbox 2417 5975 2627 6053; x_wconf 67' lang='grc' dir='ltr'><strong>ἡμέρας)</strong></span> <span class='ocrx_word' id='word_1_972' title='bbox 2656 5973 2758 6031; x_wconf 77' lang='lat' dir='ltr'><strong>Mc.</strong></span> <span class='ocrx_word' id='word_1_973' title='bbox 2801 5986 2878 6042; x_wconf 85' lang='lat' dir='ltr'><strong>tv,</strong></span> <span class='ocrx_word' id='word_1_974' title='bbox 2918 5965 3008 6038; x_wconf 63' lang='grc' dir='ltr'><strong>τις</strong></span> <span class='ocrx_word' id='word_1_975' title='bbox 3057 5966 3252 6024; x_wconf 77' lang='lat' dir='ltr'><strong>Thess.</strong></span> <span class='ocrx_word' id='word_1_976' title='bbox 3283 5964 3363 6033; x_wconf 83' lang='lat' dir='ltr'><strong>ll,</strong></span> 
     </span>
    </p>
   </div>
  </div>
