  <div class='ocr_page' id='page_1' title='image "/cluster/home/n/w/nwhite01/storage/ocr_20150623/18/hvd.32044015471337/606.png"; bbox 0 0 3816 6608; ppageno 0'>
   <div class='ocr_carea' id='block_1_1' title="bbox 117 433 258 488">
    <p class='ocr_par' dir='ltr' id='par_1_1' title="bbox 117 433 258 488">
     <span class='ocr_line' id='line_1_1' title="bbox 117 433 258 488; baseline 0.014 -2"><span class='ocrx_word' id='word_1_1' title='bbox 117 433 258 488; x_wconf 79' lang='grc'><strong>1197</strong></span> 
     </span>
    </p>
   </div>
   <div class='ocr_carea' id='block_1_2' title="bbox 110 547 1700 627">
    <p class='ocr_par' dir='ltr' id='par_1_2' title="bbox 110 547 1700 627">
     <span class='ocr_line' id='line_1_2' title="bbox 110 547 1700 627; baseline 0.008 -29"><span class='ocrx_word' id='word_1_2' title='bbox 110 549 206 602; x_wconf 81' lang='lat' dir='ltr'><strong>nai</strong></span> <span class='ocrx_word' id='word_1_3' title='bbox 228 564 248 614; x_wconf 88' lang='lat'><em>;</em></span> <span class='ocrx_word' id='word_1_4' title='bbox 293 547 418 607; x_wconf 85' lang='lat' dir='ltr'><strong>Cor.</strong></span> <span class='ocrx_word' id='word_1_5' title='bbox 463 549 530 617; x_wconf 86' lang='lat' dir='ltr'><strong>ll,</strong></span> <span class='ocrx_word' id='word_1_6' title='bbox 569 564 629 618; x_wconf 74' lang='grc' dir='ltr'>ν,</span> <span class='ocrx_word' id='word_1_7' title='bbox 668 551 738 607; x_wconf 72' lang='lat' dir='ltr'><strong>Ib</strong></span> <span class='ocrx_word' id='word_1_8' title='bbox 782 553 1011 624; x_wconf 79' lang='lat' dir='ltr'><strong>oomjam</strong></span> <span class='ocrx_word' id='word_1_9' title='bbox 1057 550 1192 624; x_wconf 66' lang='lat' dir='ltr'><strong>pata</strong></span> <span class='ocrx_word' id='word_1_10' title='bbox 1232 552 1382 625; x_wconf 68' lang='lat' dir='ltr'><strong>putei</strong></span> <span class='ocrx_word' id='word_1_11' title='bbox 1422 556 1534 610; x_wconf 75' lang='lat' dir='ltr'><strong>aius</strong></span> <span class='ocrx_word' id='word_1_12' title='bbox 1582 557 1700 627; x_wconf 76' lang='lat' dir='ltr'><strong>[aur</strong></span> 
     </span>
    </p>
   </div>
   <div class='ocr_carea' id='block_1_3' title="bbox 107 641 1696 718">
    <p class='ocr_par' dir='ltr' id='par_1_3' title="bbox 107 641 1696 718">
     <span class='ocr_line' id='line_1_3' title="bbox 107 641 1696 718; baseline 0.006 -25"><span class='ocrx_word' id='word_1_13' title='bbox 107 641 287 696; x_wconf 75' lang='lat' dir='ltr'><strong>altam</strong></span> <span class='ocrx_word' id='word_1_14' title='bbox 314 643 530 714; x_wconf 76' lang='lat' dir='ltr'><strong>gasvalt,</strong></span> <span class='ocrx_word' id='word_1_15' title='bbox 561 642 791 716; x_wconf 67' lang='lat' dir='ltr'><strong>[manu</strong></span> <span class='ocrx_word' id='word_1_16' title='bbox 817 645 948 698; x_wconf 81' lang='lat' dir='ltr'><strong>allai</strong></span> <span class='ocrx_word' id='word_1_17' title='bbox 972 643 1245 718; x_wconf 77' lang='lat' dir='ltr'><strong>gasvultun</strong></span> <span class='ocrx_word' id='word_1_18' title='bbox 1272 663 1290 712; x_wconf 85' lang='lat'><em>;</em></span> <span class='ocrx_word' id='word_1_19' title='bbox 1333 643 1462 702; x_wconf 88' lang='lat' dir='ltr'><strong>Cor.</strong></span> <span class='ocrx_word' id='word_1_20' title='bbox 1495 648 1533 712; x_wconf 87' lang='lat' dir='ltr'><strong>l,</strong></span> <span class='ocrx_word' id='word_1_21' title='bbox 1563 663 1635 711; x_wconf 80' lang='lat' dir='ltr'><strong>tv,</strong></span> <span class='ocrx_word' id='word_1_22' title='bbox 1668 651 1696 701; x_wconf 87' lang='lat'><strong>7</strong></span> 
     </span>
    </p>
   </div>
   <div class='ocr_carea' id='block_1_4' title="bbox 107 731 1696 809">
    <p class='ocr_par' dir='ltr' id='par_1_4' title="bbox 107 731 1696 809">
     <span class='ocr_line' id='line_1_4' title="bbox 107 731 1696 809; baseline 0.008 -27"><span class='ocrx_word' id='word_1_23' title='bbox 107 731 424 804; x_wconf 70' lang='lat' dir='ltr'><strong>ushraineip</strong></span> <span class='ocrx_word' id='word_1_24' title='bbox 453 731 586 803; x_wconf 70' lang='lat' dir='ltr'><strong>pata</strong></span> <span class='ocrx_word' id='word_1_25' title='bbox 629 735 824 804; x_wconf 78' lang='lat' dir='ltr'><strong>fairnjo</strong></span> <span class='ocrx_word' id='word_1_26' title='bbox 867 733 1014 802; x_wconf 85' lang='lat' dir='ltr'><strong>beist,</strong></span> <span class='ocrx_word' id='word_1_27' title='bbox 1063 735 1111 790; x_wconf 79' lang='lat' dir='ltr'><strong>ei</strong></span> <span class='ocrx_word' id='word_1_28' title='bbox 1139 735 1303 807; x_wconf 60' lang='grc' dir='ltr'><strong>εἰλαἱρ</strong></span> <span class='ocrx_word' id='word_1_29' title='bbox 1330 737 1488 806; x_wconf 81' lang='lat' dir='ltr'><strong>niujis</strong></span> <span class='ocrx_word' id='word_1_30' title='bbox 1528 737 1696 809; x_wconf 76' lang='lat' dir='ltr'><strong>daigs.</strong></span> 
     </span>
    </p>
   </div>
   <div class='ocr_carea' id='block_1_5' title="bbox 107 821 1698 899">
    <p class='ocr_par' dir='ltr' id='par_1_5' title="bbox 107 821 1698 899">
     <span class='ocr_line' id='line_1_5' title="bbox 107 821 1698 899; baseline 0.005 -24"><span class='ocrx_word' id='word_1_31' title='bbox 107 821 349 893; x_wconf 69' lang='lat' dir='ltr'><strong>pannu</strong></span> <span class='ocrx_word' id='word_1_32' title='bbox 379 823 500 894; x_wconf 90' lang='lat' dir='ltr'><strong>(sic,</strong></span> <span class='ocrx_word' id='word_1_33' title='bbox 528 824 600 880; x_wconf 84' lang='lat' dir='ltr'><strong>ita</strong></span> <span class='ocrx_word' id='word_1_34' title='bbox 629 833 706 890; x_wconf 80' lang='lat' dir='ltr'><strong>ut,</strong></span> <span class='ocrx_word' id='word_1_35' title='bbox 739 826 898 897; x_wconf 75' lang='grc' dir='ltr'><strong>ὥστε)</strong></span> <span class='ocrx_word' id='word_1_36' title='bbox 923 826 1166 898; x_wconf 68' lang='lat' dir='ltr'><strong>dulpjam</strong></span> <span class='ocrx_word' id='word_1_37' title='bbox 1193 829 1246 881; x_wconf 84' lang='lat' dir='ltr'><strong>ni</strong></span> <span class='ocrx_word' id='word_1_38' title='bbox 1268 831 1322 882; x_wconf 79' lang='lat' dir='ltr'><strong>in</strong></span> <span class='ocrx_word' id='word_1_39' title='bbox 1343 830 1504 883; x_wconf 82' lang='lat' dir='ltr'><strong>beista</strong></span> <span class='ocrx_word' id='word_1_40' title='bbox 1530 830 1698 899; x_wconf 76' lang='lat' dir='ltr'><strong>[aim-</strong></span> 
     </span>
    </p>
   </div>
   <div class='ocr_carea' id='block_1_6' title="bbox 104 916 1702 995">
    <p class='ocr_par' dir='ltr' id='par_1_6' title="bbox 104 916 1702 995">
     <span class='ocr_line' id='line_1_6' title="bbox 104 916 1702 995; baseline 0.008 -28"><span class='ocrx_word' id='word_1_41' title='bbox 104 916 310 988; x_wconf 84' lang='lat' dir='ltr'><strong>jamma</strong></span> <span class='ocrx_word' id='word_1_42' title='bbox 353 916 417 970; x_wconf 76' lang='lat' dir='ltr'><strong>alt</strong></span> <span class='ocrx_word' id='word_1_43' title='bbox 461 919 516 970; x_wconf 84' lang='lat' dir='ltr'><strong>in</strong></span> <span class='ocrx_word' id='word_1_44' title='bbox 557 918 840 974; x_wconf 76' lang='lat' dir='ltr'><strong>unbeistein</strong></span> <span class='ocrx_word' id='word_1_45' title='bbox 883 921 1096 992; x_wconf 80' lang='lat' dir='ltr'><strong>sunjos;</strong></span> <span class='ocrx_word' id='word_1_46' title='bbox 1153 921 1260 976; x_wconf 87' lang='lat' dir='ltr'><strong>alia</strong></span> <span class='ocrx_word' id='word_1_47' title='bbox 1289 925 1540 995; x_wconf 84' lang='lat' dir='ltr'><strong>exempla</strong></span> <span class='ocrx_word' id='word_1_48' title='bbox 1584 923 1702 988; x_wconf 69' lang='lat' dir='ltr'><strong>vid.</strong></span> 
     </span>
    </p>
   </div>
   <div class='ocr_carea' id='block_1_7' title="bbox 105 1007 606 1080">
    <p class='ocr_par' dir='ltr' id='par_1_7' title="bbox 105 1007 606 1080">
     <span class='ocr_line' id='line_1_7' title="bbox 105 1007 606 1080; baseline 0.01 -20"><span class='ocrx_word' id='word_1_49' title='bbox 105 1008 283 1076; x_wconf 88' lang='lat' dir='ltr'><strong>gloss.</strong></span> <span class='ocrx_word' id='word_1_50' title='bbox 317 1025 368 1065; x_wconf 79' lang='grc' dir='ltr'><strong>ν.</strong></span> <span class='ocrx_word' id='word_1_51' title='bbox 399 1007 606 1080; x_wconf 68' lang='lat' dir='ltr'><strong>penna.</strong></span> 
     </span>
    </p>
   </div>
   <div class='ocr_carea' id='block_1_8' title="bbox 186 1101 1702 1172">
    <p class='ocr_par' dir='ltr' id='par_1_8' title="bbox 186 1101 1702 1172">
     <span class='ocr_line' id='line_1_8' title="bbox 186 1101 1702 1172; baseline 0.006 -18"><span class='ocrx_word' id='word_1_52' title='bbox 186 1101 455 1158; x_wconf 70' lang='lat' dir='ltr'><strong>Pmterea</strong></span> <span class='ocrx_word' id='word_1_53' title='bbox 496 1111 556 1158; x_wconf 86' lang='lat' dir='ltr'><strong>ut</strong></span> <span class='ocrx_word' id='word_1_54' title='bbox 599 1103 870 1172; x_wconf 84' lang='lat' dir='ltr'><strong>particqu</strong></span> <span class='ocrx_word' id='word_1_55' title='bbox 899 1105 1260 1162; x_wconf 73' lang='lat' dir='ltr'><strong>consecutivaa</strong></span> <span class='ocrx_word' id='word_1_56' title='bbox 1303 1107 1463 1162; x_wconf 89' lang='lat' dir='ltr'><strong>etiam</strong></span> <span class='ocrx_word' id='word_1_57' title='bbox 1506 1122 1702 1163; x_wconf 87' lang='lat' dir='ltr'><strong>occur-</strong></span> 
     </span>
    </p>
   </div>
   <div class='ocr_carea' id='block_1_9' title="bbox 104 1195 1704 1273">
    <p class='ocr_par' dir='ltr' id='par_1_9' title="bbox 104 1195 1704 1273">
     <span class='ocr_line' id='line_1_9' title="bbox 104 1195 1704 1273; baseline 0.004 -23"><span class='ocrx_word' id='word_1_58' title='bbox 104 1203 241 1250; x_wconf 84' lang='lat' dir='ltr'><strong>runt</strong></span> <span class='ocrx_word' id='word_1_59' title='bbox 269 1212 284 1248; x_wconf 86' lang='lat'><strong><em>:</em></strong></span> <span class='ocrx_word' id='word_1_60' title='bbox 312 1195 514 1268; x_wconf 75' lang='grc' dir='ltr'><strong>ιὶῥαη</strong></span> <span class='ocrx_word' id='word_1_61' title='bbox 545 1211 566 1251; x_wconf 91' lang='lat'><strong><em>:</em></strong></span> <span class='ocrx_word' id='word_1_62' title='bbox 595 1195 752 1255; x_wconf 83' lang='lat' dir='ltr'><strong>Joan.</strong></span> <span class='ocrx_word' id='word_1_63' title='bbox 775 1213 855 1264; x_wconf 81' lang='lat' dir='ltr'><strong>lx,</strong></span> <span class='ocrx_word' id='word_1_64' title='bbox 874 1197 940 1254; x_wconf 75' lang='grc'><strong>41</strong></span> <span class='ocrx_word' id='word_1_65' title='bbox 970 1198 1034 1271; x_wconf 72' lang='lat' dir='ltr'><strong>i1)</strong></span> <span class='ocrx_word' id='word_1_66' title='bbox 1062 1199 1258 1253; x_wconf 81' lang='lat' dir='ltr'><strong>blindai</strong></span> <span class='ocrx_word' id='word_1_67' title='bbox 1277 1200 1475 1272; x_wconf 71' lang='lat' dir='ltr'><strong>veseil),</strong></span> <span class='ocrx_word' id='word_1_68' title='bbox 1510 1202 1564 1255; x_wconf 84' lang='lat' dir='ltr'><strong>ni</strong></span> <span class='ocrx_word' id='word_1_69' title='bbox 1591 1202 1704 1273; x_wconf 76' lang='lat' dir='ltr'><strong>[mu</strong></span> 
     </span>
    </p>
   </div>
   <div class='ocr_carea' id='block_1_10' title="bbox 106 1286 1705 1364">
    <p class='ocr_par' dir='ltr' id='par_1_10' title="bbox 106 1286 1705 1364">
     <span class='ocr_line' id='line_1_10' title="bbox 106 1286 1705 1364; baseline 0.006 -26"><span class='ocrx_word' id='word_1_70' title='bbox 106 1286 460 1358; x_wconf 65' lang='lat' dir='ltr'><strong>habaidedeip</strong></span> <span class='ocrx_word' id='word_1_71' title='bbox 497 1289 865 1360; x_wconf 76' lang='lat' dir='ltr'><strong>fravaurhtais.</strong></span> <span class='ocrx_word' id='word_1_72' title='bbox 909 1287 975 1360; x_wconf 73' lang='lat' dir='ltr'><strong>i1)</strong></span> <span class='ocrx_word' id='word_1_73' title='bbox 1003 1307 1076 1345; x_wconf 82' lang='lat' dir='ltr'><strong>nu</strong></span> <span class='ocrx_word' id='word_1_74' title='bbox 1122 1289 1286 1362; x_wconf 71' lang='lat' dir='ltr'><strong>qipip</strong></span> <span class='ocrx_word' id='word_1_75' title='bbox 1316 1309 1328 1321; x_wconf 87' lang='grc'><strong>·</strong></span> <span class='ocrx_word' id='word_1_76' title='bbox 1364 1291 1508 1363; x_wconf 73' lang='lat' dir='ltr'><strong>putei</strong></span> <span class='ocrx_word' id='word_1_77' title='bbox 1559 1308 1705 1364; x_wconf 70' lang='lat' dir='ltr'><strong>gas:-</strong></span> 
     </span>
    </p>
   </div>
   <div class='ocr_carea' id='block_1_11' title="bbox 103 1373 1700 1452">
    <p class='ocr_par' dir='ltr' id='par_1_11' title="bbox 103 1373 1700 1452">
     <span class='ocr_line' id='line_1_11' title="bbox 103 1373 1700 1452; baseline 0.004 -23"><span class='ocrx_word' id='word_1_78' title='bbox 103 1392 265 1442; x_wconf 80' lang='lat' dir='ltr'><strong>wum,</strong></span> <span class='ocrx_word' id='word_1_79' title='bbox 295 1377 494 1448; x_wconf 65' lang='lat' dir='ltr'><strong>eipan</strong></span> <span class='ocrx_word' id='word_1_80' title='bbox 523 1373 656 1449; x_wconf 74' lang='grc' dir='ltr'><strong>(οὖν)</strong></span> <span class='ocrx_word' id='word_1_81' title='bbox 679 1379 975 1448; x_wconf 80' lang='lat' dir='ltr'><strong>fravaurhts</strong></span> <span class='ocrx_word' id='word_1_82' title='bbox 1003 1382 1178 1434; x_wconf 79' lang='lat' dir='ltr'><strong>izvara</strong></span> <span class='ocrx_word' id='word_1_83' title='bbox 1205 1380 1458 1452; x_wconf 71' lang='lat' dir='ltr'><strong>pair/misi</strong></span> <span class='ocrx_word' id='word_1_84' title='bbox 1463 1381 1504 1452; x_wconf 72' lang='lat'><em>[1</em></span> <span class='ocrx_word' id='word_1_85' title='bbox 1526 1399 1543 1445; x_wconf 87' lang='lat'><em>;</em></span> <span class='ocrx_word' id='word_1_86' title='bbox 1569 1382 1700 1438; x_wconf 88' lang='lat' dir='ltr'><strong>Cor.</strong></span> 
     </span>
    </p>
   </div>
   <div class='ocr_carea' id='block_1_12' title="bbox 105 1469 1703 1546">
    <p class='ocr_par' dir='ltr' id='par_1_12' title="bbox 105 1469 1703 1546">
     <span class='ocr_line' id='line_1_12' title="bbox 105 1469 1703 1546; baseline 0.003 -22"><span class='ocrx_word' id='word_1_87' title='bbox 105 1469 150 1535; x_wconf 83' lang='grc'>1,</span> <span class='ocrx_word' id='word_1_88' title='bbox 190 1486 266 1540; x_wconf 84' lang='lat' dir='ltr'><strong>xl,</strong></span> <span class='ocrx_word' id='word_1_89' title='bbox 301 1470 370 1526; x_wconf 89' lang='lat'><strong>26</strong></span> <span class='ocrx_word' id='word_1_90' title='bbox 418 1488 506 1526; x_wconf 77' lang='lat' dir='ltr'><strong>sra</strong></span> <span class='ocrx_word' id='word_1_91' title='bbox 535 1476 648 1542; x_wconf 75' lang='grc' dir='ltr'><strong>αμα</strong></span> <span class='ocrx_word' id='word_1_92' title='bbox 696 1488 781 1527; x_wconf 84' lang='lat' dir='ltr'><strong>sve</strong></span> <span class='ocrx_word' id='word_1_93' title='bbox 822 1472 1047 1545; x_wconf 70' lang='lat' dir='ltr'><strong>matjaip</strong></span> <span class='ocrx_word' id='word_1_94' title='bbox 1089 1473 1234 1546; x_wconf 71' lang='lat' dir='ltr'><strong>pana</strong></span> <span class='ocrx_word' id='word_1_95' title='bbox 1267 1473 1703 1546; x_wconf 71' lang='lat' dir='ltr'><strong>hlaifjap-pana</strong></span> 
     </span>
    </p>
   </div>
   <div class='ocr_carea' id='block_1_13' title="bbox 104 1559 1704 1638">
    <p class='ocr_par' dir='ltr' id='par_1_13' title="bbox 104 1559 1704 1638">
     <span class='ocr_line' id='line_1_13' title="bbox 104 1559 1704 1638; baseline 0.005 -25"><span class='ocrx_word' id='word_1_96' title='bbox 104 1559 231 1613; x_wconf 80' lang='lat' dir='ltr'><strong>stikl</strong></span> <span class='ocrx_word' id='word_1_97' title='bbox 280 1559 556 1634; x_wconf 64' lang='lat' dir='ltr'><strong>drigkaib,</strong></span> <span class='ocrx_word' id='word_1_98' title='bbox 617 1562 840 1634; x_wconf 69' lang='lat' dir='ltr'><strong>daupau</strong></span> <span class='ocrx_word' id='word_1_99' title='bbox 887 1565 1113 1636; x_wconf 80' lang='lat' dir='ltr'><strong>fraujins</strong></span> <span class='ocrx_word' id='word_1_100' title='bbox 1163 1564 1520 1638; x_wconf 67' lang='lat' dir='ltr'><strong>gakannjaip,</strong></span> <span class='ocrx_word' id='word_1_101' title='bbox 1582 1577 1704 1621; x_wconf 77' lang='lat' dir='ltr'><strong>ante</strong></span> 
     </span>
    </p>
   </div>
   <div class='ocr_carea' id='block_1_14' title="bbox 104 1653 1702 1729">
    <p class='ocr_par' dir='ltr' id='par_1_14' title="bbox 104 1653 1702 1729">
     <span class='ocr_line' id='line_1_14' title="bbox 104 1653 1702 1729; baseline 0.005 -25"><span class='ocrx_word' id='word_1_102' title='bbox 104 1653 292 1718; x_wconf 83' lang='lat' dir='ltr'><strong>qimai.</strong></span> <span class='ocrx_word' id='word_1_103' title='bbox 341 1653 396 1706; x_wconf 82' lang='lat' dir='ltr'><strong>ei</strong></span> <span class='ocrx_word' id='word_1_104' title='bbox 406 1653 541 1725; x_wconf 69' lang='lat' dir='ltr'><strong>[Jan</strong></span> <span class='ocrx_word' id='word_1_105' title='bbox 572 1653 754 1728; x_wconf 74' lang='grc' dir='ltr'><strong>(ὥστε)</strong></span> <span class='ocrx_word' id='word_1_106' title='bbox 804 1657 982 1710; x_wconf 76' lang='lat' dir='ltr'><strong>wazuh</strong></span> <span class='ocrx_word' id='word_1_107' title='bbox 1023 1659 1127 1712; x_wconf 72' lang='lat' dir='ltr'><strong>sui</strong></span> <span class='ocrx_word' id='word_1_108' title='bbox 1169 1658 1364 1728; x_wconf 68' lang='lat' dir='ltr'><strong>mutii];</strong></span> <span class='ocrx_word' id='word_1_109' title='bbox 1391 1689 1460 1699; x_wconf 89' lang='lat'><strong>-—</strong></span> <span class='ocrx_word' id='word_1_110' title='bbox 1488 1656 1702 1729; x_wconf 71' lang='lat' dir='ltr'><strong>aippau</strong></span> 
     </span>
    </p>
   </div>
   <div class='ocr_carea' id='block_1_15' title="bbox 106 1743 1699 1822">
    <p class='ocr_par' dir='ltr' id='par_1_15' title="bbox 106 1743 1699 1822">
     <span class='ocr_line' id='line_1_15' title="bbox 106 1743 1699 1822; baseline 0.007 -26"><span class='ocrx_word' id='word_1_111' title='bbox 106 1743 404 1816; x_wconf 78' lang='lat' dir='ltr'><strong>drigkai—</strong></span> <span class='ocrx_word' id='word_1_112' title='bbox 431 1748 759 1818; x_wconf 70' lang='lat' dir='ltr'><strong>unvairpaba</strong></span> <span class='ocrx_word' id='word_1_113' title='bbox 805 1749 1050 1822; x_wconf 76' lang='lat' dir='ltr'><strong>fraujins,</strong></span> <span class='ocrx_word' id='word_1_114' title='bbox 1097 1750 1246 1804; x_wconf 82' lang='lat' dir='ltr'><strong>skula</strong></span> <span class='ocrx_word' id='word_1_115' title='bbox 1289 1750 1510 1822; x_wconf 65' lang='lat' dir='ltr'><strong>vairpip</strong></span> <span class='ocrx_word' id='word_1_116' title='bbox 1557 1750 1699 1807; x_wconf 83' lang='lat' dir='ltr'><strong>leikis</strong></span> 
     </span>
    </p>
   </div>
   <div class='ocr_carea' id='block_1_16' title="bbox 107 1835 1694 1912">
    <p class='ocr_par' dir='ltr' id='par_1_16' title="bbox 107 1835 1694 1912">
     <span class='ocr_line' id='line_1_16' title="bbox 107 1835 1694 1912; baseline 0.006 -25"><span class='ocrx_word' id='word_1_117' title='bbox 107 1837 206 1908; x_wconf 70' lang='lat' dir='ltr'><strong>iah</strong></span> <span class='ocrx_word' id='word_1_118' title='bbox 246 1835 420 1907; x_wconf 72' lang='lat' dir='ltr'><strong>blopis</strong></span> <span class='ocrx_word' id='word_1_119' title='bbox 468 1838 743 1910; x_wconf 79' lang='lat' dir='ltr'><strong>fraujins;</strong></span> <span class='ocrx_word' id='word_1_120' title='bbox 791 1839 970 1896; x_wconf 85' lang='lat' dir='ltr'><strong>Skeir.</strong></span> <span class='ocrx_word' id='word_1_121' title='bbox 1015 1840 1104 1908; x_wconf 88' lang='lat' dir='ltr'><strong>lli,</strong></span> <span class='ocrx_word' id='word_1_122' title='bbox 1146 1841 1216 1911; x_wconf 90' lang='lat' dir='ltr'><strong>b;</strong></span> <span class='ocrx_word' id='word_1_123' title='bbox 1257 1841 1348 1912; x_wconf 82' lang='lat' dir='ltr'><strong>IV,</strong></span> <span class='ocrx_word' id='word_1_124' title='bbox 1388 1858 1452 1908; x_wconf 88' lang='lat' dir='ltr'><strong>a;</strong></span> <span class='ocrx_word' id='word_1_125' title='bbox 1512 1842 1576 1911; x_wconf 87' lang='lat' dir='ltr'><strong>V,</strong></span> <span class='ocrx_word' id='word_1_126' title='bbox 1625 1844 1694 1908; x_wconf 80' lang='lat' dir='ltr'><strong>tl;</strong></span> 
     </span>
    </p>
   </div>
   <div class='ocr_carea' id='block_1_17' title="bbox 111 1928 314 1994">
    <p class='ocr_par' dir='ltr' id='par_1_17' title="bbox 111 1928 314 1994">
     <span class='ocr_line' id='line_1_17' title="bbox 111 1928 314 1994; baseline 0.005 -13"><span class='ocrx_word' id='word_1_127' title='bbox 111 1928 206 1994; x_wconf 77' lang='lat' dir='ltr'><strong>Vl,</strong></span> <span class='ocrx_word' id='word_1_128' title='bbox 250 1943 314 1994; x_wconf 86' lang='lat' dir='ltr'><strong>a;</strong></span> 
     </span>
    </p>
   </div>
   <div class='ocr_carea' id='block_1_18' title="bbox 184 2019 1705 2103">
    <p class='ocr_par' dir='ltr' id='par_1_18' title="bbox 184 2019 1705 2103">
     <span class='ocr_line' id='line_1_18' title="bbox 184 2019 1705 2103; baseline 0.005 -30"><span class='ocrx_word' id='word_1_129' title='bbox 184 2019 433 2093; x_wconf 69' lang='grc' dir='ltr'><strong>Αρραη</strong></span> <span class='ocrx_word' id='word_1_130' title='bbox 473 2037 491 2075; x_wconf 87' lang='lat'><strong>.&#39;</strong></span> <span class='ocrx_word' id='word_1_131' title='bbox 535 2020 660 2078; x_wconf 83' lang='lat' dir='ltr'><strong>Cor.</strong></span> <span class='ocrx_word' id='word_1_132' title='bbox 700 2023 766 2090; x_wconf 86' lang='lat' dir='ltr'><strong>ll,</strong></span> <span class='ocrx_word' id='word_1_133' title='bbox 820 2040 912 2092; x_wconf 86' lang='lat' dir='ltr'><strong>vn,</strong></span> <span class='ocrx_word' id='word_1_134' title='bbox 958 2022 1025 2077; x_wconf 81' lang='lat' dir='ltr'><strong>i2</strong></span> <span class='ocrx_word' id='word_1_135' title='bbox 1071 2025 1301 2098; x_wconf 69' lang='lat' dir='ltr'><strong>appar:</strong></span> <span class='ocrx_word' id='word_1_136' title='bbox 1346 2025 1518 2103; x_wconf 77' lang='grc' dir='ltr'><strong>(ἄρα)</strong></span> <span class='ocrx_word' id='word_1_137' title='bbox 1558 2026 1705 2100; x_wconf 85' lang='lat' dir='ltr'><strong>jabai</strong></span> 
     </span>
    </p>
   </div>
   <div class='ocr_carea' id='block_1_19' title="bbox 109 2112 1699 2190">
    <p class='ocr_par' dir='ltr' id='par_1_19' title="bbox 109 2112 1699 2190">
     <span class='ocr_line' id='line_1_19' title="bbox 109 2112 1699 2190; baseline 0.005 -26"><span class='ocrx_word' id='word_1_138' title='bbox 109 2112 329 2178; x_wconf 81' lang='lat' dir='ltr'><strong>mefida,</strong></span> <span class='ocrx_word' id='word_1_139' title='bbox 359 2113 418 2167; x_wconf 77' lang='lat' dir='ltr'><strong>ni</strong></span> <span class='ocrx_word' id='word_1_140' title='bbox 437 2117 493 2168; x_wconf 84' lang='lat' dir='ltr'><strong>in</strong></span> <span class='ocrx_word' id='word_1_141' title='bbox 518 2115 609 2187; x_wconf 66' lang='lat' dir='ltr'><strong>bis</strong></span> <span class='ocrx_word' id='word_1_142' title='bbox 636 2117 1092 2188; x_wconf 75' lang='lat' dir='ltr'><strong>anamdhtjandins</strong></span> <span class='ocrx_word' id='word_1_143' title='bbox 1120 2119 1174 2172; x_wconf 79' lang='lat' dir='ltr'><strong>ni</strong></span> <span class='ocrx_word' id='word_1_144' title='bbox 1200 2122 1255 2173; x_wconf 84' lang='lat' dir='ltr'><strong>in</strong></span> <span class='ocrx_word' id='word_1_145' title='bbox 1282 2117 1370 2190; x_wconf 66' lang='lat' dir='ltr'><strong>bis</strong></span> <span class='ocrx_word' id='word_1_146' title='bbox 1401 2119 1699 2173; x_wconf 84' lang='lat' dir='ltr'><strong>anamahti-</strong></span> 
     </span>
    </p>
   </div>
   <div class='ocr_carea' id='block_1_20' title="bbox 108 2203 1695 2280">
    <p class='ocr_par' dir='ltr' id='par_1_20' title="bbox 108 2203 1695 2280">
     <span class='ocr_line' id='line_1_20' title="bbox 108 2203 1695 2280; baseline 0.006 -25"><span class='ocrx_word' id='word_1_147' title='bbox 108 2203 255 2273; x_wconf 78' lang='lat' dir='ltr'><strong>dius,</strong></span> <span class='ocrx_word' id='word_1_148' title='bbox 299 2204 362 2257; x_wconf 77' lang='lat' dir='ltr'><strong>ait</strong></span> <span class='ocrx_word' id='word_1_149' title='bbox 389 2206 461 2259; x_wconf 83' lang='lat' dir='ltr'><strong>du</strong></span> <span class='ocrx_word' id='word_1_150' title='bbox 499 2209 824 2280; x_wconf 82' lang='lat' dir='ltr'><strong>gabairhtjan</strong></span> <span class='ocrx_word' id='word_1_151' title='bbox 865 2209 1150 2264; x_wconf 82' lang='lat' dir='ltr'><strong>usdaudein</strong></span> <span class='ocrx_word' id='word_1_152' title='bbox 1197 2227 1432 2275; x_wconf 82' lang='lat' dir='ltr'><strong>unsara;</strong></span> <span class='ocrx_word' id='word_1_153' title='bbox 1484 2211 1585 2266; x_wconf 83' lang='lat' dir='ltr'><strong>Mc.</strong></span> <span class='ocrx_word' id='word_1_154' title='bbox 1621 2226 1695 2278; x_wconf 83' lang='lat' dir='ltr'><strong>xl,</strong></span> 
     </span>
    </p>
   </div>
   <div class='ocr_carea' id='block_1_21' title="bbox 106 2297 1701 2381">
    <p class='ocr_par' dir='ltr' id='par_1_21' title="bbox 106 2297 1701 2381">
     <span class='ocr_line' id='line_1_21' title="bbox 106 2297 1701 2381; baseline 0.008 -30"><span class='ocrx_word' id='word_1_155' title='bbox 106 2297 178 2354; x_wconf 72' lang='lat' dir='ltr'><strong>at</strong></span> <span class='ocrx_word' id='word_1_156' title='bbox 219 2299 365 2370; x_wconf 79' lang='lat' dir='ltr'><strong>jabai</strong></span> <span class='ocrx_word' id='word_1_157' title='bbox 393 2299 579 2373; x_wconf 72' lang='lat' dir='ltr'><strong>qtpam</strong></span> <span class='ocrx_word' id='word_1_158' title='bbox 622 2319 732 2358; x_wconf 69' lang='grc' dir='ltr'><strong>ἀδ</strong></span> <span class='ocrx_word' id='word_1_159' title='bbox 772 2306 988 2371; x_wconf 81' lang='lat' dir='ltr'><strong>himina,</strong></span> <span class='ocrx_word' id='word_1_160' title='bbox 1037 2305 1202 2379; x_wconf 70' lang='grc' dir='ltr'><em>τιίρῑρ</em></span> <span class='ocrx_word' id='word_1_161' title='bbox 1236 2325 1248 2338; x_wconf 78' lang='grc' dir='ltr'><strong>ο</strong></span> <span class='ocrx_word' id='word_1_162' title='bbox 1278 2306 1512 2380; x_wconf 70' lang='lat' dir='ltr'><strong>appan</strong></span> <span class='ocrx_word' id='word_1_163' title='bbox 1562 2303 1701 2381; x_wconf 76' lang='grc' dir='ltr'><strong>(οὖν)</strong></span> 
     </span>
    </p>
   </div>
   <div class='ocr_carea' id='block_1_22' title="bbox 106 2387 1698 2471">
    <p class='ocr_par' dir='ltr' id='par_1_22' title="bbox 106 2387 1698 2471">
     <span class='ocr_line' id='line_1_22' title="bbox 106 2387 1698 2471; baseline 0.009 -29"><span class='ocrx_word' id='word_1_164' title='bbox 106 2387 264 2445; x_wconf 82' lang='lat' dir='ltr'><strong>duwe</strong></span> <span class='ocrx_word' id='word_1_165' title='bbox 289 2392 344 2445; x_wconf 86' lang='lat' dir='ltr'><strong>m&#39;</strong></span> <span class='ocrx_word' id='word_1_166' title='bbox 362 2393 749 2468; x_wconf 75' lang='lat' dir='ltr'><strong>galaubidedup</strong></span> <span class='ocrx_word' id='word_1_167' title='bbox 779 2398 980 2452; x_wconf 84' lang='lat' dir='ltr'><strong>imma?</strong></span> <span class='ocrx_word' id='word_1_168' title='bbox 1005 2397 1107 2453; x_wconf 87' lang='lat' dir='ltr'><strong>alia</strong></span> <span class='ocrx_word' id='word_1_169' title='bbox 1134 2398 1379 2470; x_wconf 89' lang='lat' dir='ltr'><strong>exempla</strong></span> <span class='ocrx_word' id='word_1_170' title='bbox 1401 2399 1504 2454; x_wconf 69' lang='grc' dir='ltr'><strong>τίει.</strong></span> <span class='ocrx_word' id='word_1_171' title='bbox 1532 2399 1698 2471; x_wconf 89' lang='lat' dir='ltr'><strong>gloss.</strong></span> 
     </span>
    </p>
   </div>
   <div class='ocr_carea' id='block_1_23' title="bbox 104 2481 533 2556">
    <p class='ocr_par' dir='ltr' id='par_1_23' title="bbox 104 2481 533 2556">
     <span class='ocr_line' id='line_1_23' title="bbox 104 2481 533 2556; baseline 0.005 -20"><span class='ocrx_word' id='word_1_172' title='bbox 104 2497 167 2538; x_wconf 73' lang='grc' dir='ltr'><strong>ν.</strong></span> <span class='ocrx_word' id='word_1_173' title='bbox 200 2481 408 2555; x_wconf 67' lang='grc' dir='ltr'><strong>Αῤῥαη</strong></span> <span class='ocrx_word' id='word_1_174' title='bbox 438 2483 533 2556; x_wconf 78' lang='lat'><strong>5):</strong></span> 
     </span>
    </p>
   </div>
   <div class='ocr_carea' id='block_1_24' title="bbox 187 2573 1699 2652">
    <p class='ocr_par' dir='ltr' id='par_1_24' title="bbox 187 2573 1699 2652">
     <span class='ocr_line' id='line_1_24' title="bbox 187 2573 1699 2652; baseline 0.007 -24"><span class='ocrx_word' id='word_1_175' title='bbox 187 2573 418 2646; x_wconf 71' lang='lat' dir='ltr'><strong>penult</strong></span> <span class='ocrx_word' id='word_1_176' title='bbox 462 2593 484 2631; x_wconf 91' lang='lat'><strong><em>:</em></strong></span> <span class='ocrx_word' id='word_1_177' title='bbox 520 2575 647 2632; x_wconf 85' lang='lat' dir='ltr'><strong>Cor.</strong></span> <span class='ocrx_word' id='word_1_178' title='bbox 681 2576 736 2647; x_wconf 85' lang='lat' dir='ltr'><strong>l,</strong></span> <span class='ocrx_word' id='word_1_179' title='bbox 774 2595 877 2647; x_wconf 85' lang='lat' dir='ltr'><strong>xv,</strong></span> <span class='ocrx_word' id='word_1_180' title='bbox 908 2579 974 2634; x_wconf 85' lang='grc'><strong>17</strong></span> <span class='ocrx_word' id='word_1_181' title='bbox 1011 2581 1162 2652; x_wconf 79' lang='lat' dir='ltr'><strong>jabai</strong></span> <span class='ocrx_word' id='word_1_182' title='bbox 1197 2582 1390 2637; x_wconf 67' lang='lat' dir='ltr'><strong>cristas</strong></span> <span class='ocrx_word' id='word_1_183' title='bbox 1418 2581 1472 2636; x_wconf 82' lang='lat' dir='ltr'><strong>ni</strong></span> <span class='ocrx_word' id='word_1_184' title='bbox 1509 2584 1699 2652; x_wconf 71' lang='lat' dir='ltr'><strong>armis,</strong></span> 
     </span>
    </p>
   </div>
   <div class='ocr_carea' id='block_1_25' title="bbox 107 2666 1704 2746">
    <p class='ocr_par' dir='ltr' id='par_1_25' title="bbox 107 2666 1704 2746">
     <span class='ocr_line' id='line_1_25' title="bbox 107 2666 1704 2746; baseline 0.007 -27"><span class='ocrx_word' id='word_1_185' title='bbox 107 2681 265 2721; x_wconf 72' lang='lat' dir='ltr'><strong>arare</strong></span> <span class='ocrx_word' id='word_1_186' title='bbox 283 2666 381 2740; x_wconf 82' lang='lat' dir='ltr'><strong>jah</strong></span> <span class='ocrx_word' id='word_1_187' title='bbox 423 2685 481 2724; x_wconf 81' lang='lat' dir='ltr'><strong>so</strong></span> <span class='ocrx_word' id='word_1_188' title='bbox 519 2667 814 2742; x_wconf 77' lang='lat' dir='ltr'><strong>galaubeim</strong></span> <span class='ocrx_word' id='word_1_189' title='bbox 857 2673 1031 2727; x_wconf 77' lang='lat' dir='ltr'><strong>izvara</strong></span> <span class='ocrx_word' id='word_1_190' title='bbox 1055 2674 1124 2727; x_wconf 83' lang='lat' dir='ltr'><strong>ist</strong></span> <span class='ocrx_word' id='word_1_191' title='bbox 1163 2673 1427 2745; x_wconf 68' lang='lat' dir='ltr'><strong>jam-nauli</strong></span> <span class='ocrx_word' id='word_1_192' title='bbox 1456 2673 1606 2746; x_wconf 74' lang='lat' dir='ltr'><strong>sijup</strong></span> <span class='ocrx_word' id='word_1_193' title='bbox 1648 2677 1704 2730; x_wconf 77' lang='lat' dir='ltr'><strong>iit</strong></span> 
     </span>
    </p>
   </div>
   <div class='ocr_carea' id='block_1_26' title="bbox 103 2761 1704 2844">
    <p class='ocr_par' dir='ltr' id='par_1_26' title="bbox 103 2761 1704 2844">
     <span class='ocr_line' id='line_1_26' title="bbox 103 2761 1704 2844; baseline 0.006 -30"><span class='ocrx_word' id='word_1_194' title='bbox 103 2761 448 2830; x_wconf 79' lang='lat' dir='ltr'><strong>fravaurhtim</strong></span> <span class='ocrx_word' id='word_1_195' title='bbox 483 2766 732 2819; x_wconf 75' lang='lat' dir='ltr'><strong>izvaraim</strong></span> <span class='ocrx_word' id='word_1_196' title='bbox 759 2803 775 2820; x_wconf 96' lang='lat'><strong>.</strong></span> <span class='ocrx_word' id='word_1_197' title='bbox 807 2761 1035 2839; x_wconf 66' lang='lat' dir='ltr'><strong>panni:</strong></span> <span class='ocrx_word' id='word_1_198' title='bbox 1076 2765 1226 2844; x_wconf 80' lang='grc' dir='ltr'>(ἄρα)</span> <span class='ocrx_word' id='word_1_199' title='bbox 1264 2767 1500 2840; x_wconf 74' lang='lat' dir='ltr'><strong>jap-pai</strong></span> <span class='ocrx_word' id='word_1_200' title='bbox 1537 2770 1704 2840; x_wconf 87' lang='lat' dir='ltr'><strong>gasle-</strong></span> 
     </span>
    </p>
   </div>
   <div class='ocr_carea' id='block_1_27' title="bbox 99 2855 1698 2934">
    <p class='ocr_par' dir='ltr' id='par_1_27' title="bbox 99 2855 1698 2934">
     <span class='ocr_line' id='line_1_27' title="bbox 99 2855 1698 2934; baseline 0.006 -27"><span class='ocrx_word' id='word_1_201' title='bbox 99 2855 346 2925; x_wconf 74' lang='lat' dir='ltr'><strong>pandens</strong></span> <span class='ocrx_word' id='word_1_202' title='bbox 382 2857 437 2910; x_wconf 82' lang='lat' dir='ltr'><strong>in</strong></span> <span class='ocrx_word' id='word_1_203' title='bbox 467 2857 670 2912; x_wconf 75' lang='lat' dir='ltr'><strong>xristau</strong></span> <span class='ocrx_word' id='word_1_204' title='bbox 693 2859 1156 2931; x_wconf 78' lang='lat' dir='ltr'><strong>fraqistnodedun;</strong></span> <span class='ocrx_word' id='word_1_205' title='bbox 1211 2860 1314 2915; x_wconf 83' lang='lat' dir='ltr'><strong>Mc.</strong></span> <span class='ocrx_word' id='word_1_206' title='bbox 1345 2877 1442 2926; x_wconf 84' lang='lat' dir='ltr'><strong>xu,</strong></span> <span class='ocrx_word' id='word_1_207' title='bbox 1473 2861 1507 2916; x_wconf 88' lang='lat'><strong>6</strong></span> <span class='ocrx_word' id='word_1_208' title='bbox 1535 2861 1698 2934; x_wconf 58' lang='grc' dir='ltr'><strong>αἴσιο-</strong></span> 
     </span>
    </p>
   </div>
   <div class='ocr_carea' id='block_1_28' title="bbox 99 2945 1704 3027">
    <p class='ocr_par' dir='ltr' id='par_1_28' title="bbox 99 2945 1704 3027">
     <span class='ocr_line' id='line_1_28' title="bbox 99 2945 1704 3027; baseline 0.004 -26"><span class='ocrx_word' id='word_1_209' title='bbox 99 2945 222 3003; x_wconf 74' lang='lat' dir='ltr'><strong>lum</strong></span> <span class='ocrx_word' id='word_1_210' title='bbox 257 2947 496 3006; x_wconf 80' lang='lat' dir='ltr'><strong>tkalftans</strong></span> <span class='ocrx_word' id='word_1_211' title='bbox 534 2968 816 3024; x_wconf 81' lang='lat' dir='ltr'><strong>managans</strong></span> <span class='ocrx_word' id='word_1_212' title='bbox 854 2993 868 3007; x_wconf 94' lang='lat'><strong>.</strong></span> <span class='ocrx_word' id='word_1_213' title='bbox 916 2951 1148 3026; x_wconf 72' lang='lat' dir='ltr'><strong>penult</strong></span> <span class='ocrx_word' id='word_1_214' title='bbox 1197 2949 1329 3027; x_wconf 68' lang='grc' dir='ltr'><strong>(οὖν)</strong></span> <span class='ocrx_word' id='word_1_215' title='bbox 1379 2953 1704 3026; x_wconf 72' lang='lat' dir='ltr'><strong>nauhpanuft</strong></span> 
     </span>
    </p>
   </div>
   <div class='ocr_carea' id='block_1_29' title="bbox 99 3043 1706 3118">
    <p class='ocr_par' dir='ltr' id='par_1_29' title="bbox 99 3043 1706 3118">
     <span class='ocr_line' id='line_1_29' title="bbox 99 3043 1706 3118; baseline 0.003 -23"><span class='ocrx_word' id='word_1_216' title='bbox 99 3043 308 3096; x_wconf 71' lang='lat' dir='ltr'><strong>uinaria</strong></span> <span class='ocrx_word' id='word_1_217' title='bbox 353 3058 487 3098; x_wconf 80' lang='lat' dir='ltr'><strong>sunu</strong></span> <span class='ocrx_word' id='word_1_218' title='bbox 515 3044 734 3116; x_wconf 79' lang='lat' dir='ltr'><strong>aigands</strong></span> <span class='ocrx_word' id='word_1_219' title='bbox 769 3045 984 3099; x_wconf 82' lang='lat' dir='ltr'><strong>liubmta</strong></span> <span class='ocrx_word' id='word_1_220' title='bbox 1010 3046 1080 3100; x_wconf 80' lang='lat' dir='ltr'><strong>sis</strong></span> <span class='ocrx_word' id='word_1_221' title='bbox 1106 3045 1382 3100; x_wconf 79' lang='lat' dir='ltr'><strong>insandida</strong></span> <span class='ocrx_word' id='word_1_222' title='bbox 1415 3045 1516 3118; x_wconf 83' lang='lat' dir='ltr'><strong>jah</strong></span> <span class='ocrx_word' id='word_1_223' title='bbox 1557 3045 1706 3118; x_wconf 69' lang='lat' dir='ltr'><strong>pana</strong></span> 
     </span>
    </p>
   </div>
   <div class='ocr_carea' id='block_1_30' title="bbox 97 3135 1166 3210">
    <p class='ocr_par' dir='ltr' id='par_1_30' title="bbox 97 3135 1166 3210">
     <span class='ocr_line' id='line_1_30' title="bbox 97 3135 1166 3210; baseline 0.006 -22"><span class='ocrx_word' id='word_1_224' title='bbox 97 3135 285 3189; x_wconf 82' lang='lat' dir='ltr'><strong>duim</strong></span> <span class='ocrx_word' id='word_1_225' title='bbox 313 3145 442 3206; x_wconf 91' lang='lat' dir='ltr'><strong>etc.,</strong></span> <span class='ocrx_word' id='word_1_226' title='bbox 475 3138 564 3193; x_wconf 90' lang='lat' dir='ltr'><strong>vid</strong></span> <span class='ocrx_word' id='word_1_227' title='bbox 591 3140 755 3210; x_wconf 89' lang='lat' dir='ltr'><strong>gloss.</strong></span> <span class='ocrx_word' id='word_1_228' title='bbox 787 3155 839 3193; x_wconf 89' lang='lat' dir='ltr'><strong>v.</strong></span> <span class='ocrx_word' id='word_1_229' title='bbox 876 3139 1060 3210; x_wconf 75' lang='lat' dir='ltr'><strong>panuh</strong></span> <span class='ocrx_word' id='word_1_230' title='bbox 1086 3139 1166 3210; x_wconf 75' lang='grc'><strong>4).</strong></span> 
     </span>
    </p>
   </div>
   <div class='ocr_carea' id='block_1_31' title="bbox 189 3230 1702 3306">
    <p class='ocr_par' dir='ltr' id='par_1_31' title="bbox 189 3230 1702 3306">
     <span class='ocr_line' id='line_1_31' title="bbox 189 3230 1702 3306; baseline 0.001 -24"><span class='ocrx_word' id='word_1_231' title='bbox 189 3245 210 3282; x_wconf 82' lang='grc' dir='ltr'><strong>ι</strong></span> <span class='ocrx_word' id='word_1_232' title='bbox 247 3230 534 3287; x_wconf 81' lang='lat' dir='ltr'><strong>Annotatio</strong></span> <span class='ocrx_word' id='word_1_233' title='bbox 560 3233 616 3290; x_wconf 82' lang='lat'><strong>5.</strong></span> <span class='ocrx_word' id='word_1_234' title='bbox 650 3263 722 3275; x_wconf 85' lang='lat'><strong>--</strong></span> <span class='ocrx_word' id='word_1_235' title='bbox 759 3232 1100 3289; x_wconf 89' lang='lat' dir='ltr'><strong>Geminatum</strong></span> <span class='ocrx_word' id='word_1_236' title='bbox 1143 3249 1213 3288; x_wconf 81' lang='lat' dir='ltr'><strong>nu</strong></span> <span class='ocrx_word' id='word_1_237' title='bbox 1243 3231 1434 3306; x_wconf 82' lang='lat' dir='ltr'><strong>(nunu)</strong></span> <span class='ocrx_word' id='word_1_238' title='bbox 1463 3231 1702 3301; x_wconf 79' lang='lat' dir='ltr'><strong>ponitur,</strong></span> 
     </span>
    </p>
   </div>
   <div class='ocr_carea' id='block_1_32' title="bbox 1213 437 2298 503">
    <p class='ocr_par' dir='ltr' id='par_1_32' title="bbox 1213 437 2298 503">
     <span class='ocr_line' id='line_1_32' title="bbox 1213 437 2298 503; baseline 0.006 -9"><span class='ocrx_word' id='word_1_239' title='bbox 1213 437 1302 495; x_wconf 87' lang='lat' dir='ltr'><strong>DE</strong></span> <span class='ocrx_word' id='word_1_240' title='bbox 1338 438 1833 498; x_wconf 82' lang='lat' dir='ltr'><strong>SUBORDINATIS</strong></span> <span class='ocrx_word' id='word_1_241' title='bbox 1868 443 2298 503; x_wconf 83' lang='lat' dir='ltr'><strong>SENTENTllS.</strong></span> 
     </span>
    </p>
   </div>
   <div class='ocr_carea' id='block_1_33' title="bbox 3245 451 3384 508">
    <p class='ocr_par' dir='ltr' id='par_1_33' title="bbox 3245 451 3384 508">
     <span class='ocr_line' id='line_1_33' title="bbox 3245 451 3384 508; baseline 0.022 -2"><span class='ocrx_word' id='word_1_242' title='bbox 3245 451 3384 508; x_wconf 87' lang='grc'><strong>1198</strong></span> 
     </span>
    </p>
   </div>
   <div class='ocr_carea' id='block_1_34' title="bbox 1802 558 3384 635">
    <p class='ocr_par' dir='ltr' id='par_1_34' title="bbox 1802 558 3384 635">
     <span class='ocr_line' id='line_1_34' title="bbox 1802 558 3384 635; baseline 0.006 -22"><span class='ocrx_word' id='word_1_243' title='bbox 1802 558 1894 614; x_wconf 88' lang='lat' dir='ltr'><strong>ubi</strong></span> <span class='ocrx_word' id='word_1_244' title='bbox 1941 561 2207 616; x_wconf 74' lang='lat' dir='ltr'><strong>sententia</strong></span> <span class='ocrx_word' id='word_1_245' title='bbox 2247 562 2304 616; x_wconf 79' lang='lat' dir='ltr'><strong>iit</strong></span> <span class='ocrx_word' id='word_1_246' title='bbox 2344 561 2664 631; x_wconf 87' lang='lat' dir='ltr'><strong>prohibitiva</strong></span> <span class='ocrx_word' id='word_1_247' title='bbox 2709 580 2723 616; x_wconf 90' lang='lat'><strong>:</strong></span> <span class='ocrx_word' id='word_1_248' title='bbox 2779 563 2912 620; x_wconf 74' lang='lat' dir='ltr'><strong>Mtb.</strong></span> <span class='ocrx_word' id='word_1_249' title='bbox 2948 581 3005 635; x_wconf 71' lang='grc' dir='ltr'><strong>ι,</strong></span> <span class='ocrx_word' id='word_1_250' title='bbox 3030 565 3102 622; x_wconf 77' lang='lat'><strong>26</strong></span> <span class='ocrx_word' id='word_1_251' title='bbox 3149 569 3203 622; x_wconf 83' lang='lat' dir='ltr'><strong>ni</strong></span> <span class='ocrx_word' id='word_1_252' title='bbox 3243 584 3384 622; x_wconf 73' lang='lat' dir='ltr'><strong>mina</strong></span> 
     </span>
    </p>
   </div>
   <div class='ocr_carea' id='block_1_35' title="bbox 1803 651 3381 728">
    <p class='ocr_par' dir='ltr' id='par_1_35' title="bbox 1803 651 3381 728">
     <span class='ocr_line' id='line_1_35' title="bbox 1803 651 3381 728; baseline 0.006 -22"><span class='ocrx_word' id='word_1_253' title='bbox 1803 651 1959 726; x_wconf 78' lang='lat' dir='ltr'><strong>ogeiI)</strong></span> <span class='ocrx_word' id='word_1_254' title='bbox 2005 655 2160 720; x_wconf 83' lang='lat' dir='ltr'><strong>izvis;</strong></span> <span class='ocrx_word' id='word_1_255' title='bbox 2202 653 2300 720; x_wconf 72' lang='grc' dir='ltr'><strong>δίς</strong></span> <span class='ocrx_word' id='word_1_256' title='bbox 2342 655 2500 710; x_wconf 95' lang='lat' dir='ltr'><strong>Rom.</strong></span> <span class='ocrx_word' id='word_1_257' title='bbox 2544 672 2653 724; x_wconf 86' lang='lat' dir='ltr'><strong>xtv,</strong></span> <span class='ocrx_word' id='word_1_258' title='bbox 2697 655 2784 724; x_wconf 84' lang='grc'><strong>15,</strong></span> <span class='ocrx_word' id='word_1_259' title='bbox 2823 657 2929 724; x_wconf 87' lang='lat'><strong>20;</strong></span> <span class='ocrx_word' id='word_1_260' title='bbox 2958 658 3097 715; x_wconf 86' lang='lat' dir='ltr'><strong>Tim.</strong></span> <span class='ocrx_word' id='word_1_261' title='bbox 3145 659 3207 722; x_wconf 88' lang='lat' dir='ltr'><strong>ll,</strong></span> <span class='ocrx_word' id='word_1_262' title='bbox 3246 675 3286 728; x_wconf 89' lang='grc' dir='ltr'><strong>ι,</strong></span> <span class='ocrx_word' id='word_1_263' title='bbox 3327 661 3381 724; x_wconf 89' lang='grc'><strong>8,</strong></span> 
     </span>
    </p>
   </div>
   <div class='ocr_carea' id='block_1_36' title="bbox 1802 748 3380 824">
    <p class='ocr_par' dir='ltr' id='par_1_36' title="bbox 1802 748 3380 824">
     <span class='ocr_line' id='line_1_36' title="bbox 1802 748 3380 824; baseline 0.006 -25"><span class='ocrx_word' id='word_1_264' title='bbox 1802 755 1963 815; x_wconf 91' lang='lat' dir='ltr'><strong>atque</strong></span> <span class='ocrx_word' id='word_1_265' title='bbox 1988 748 2329 818; x_wconf 81' lang='lat' dir='ltr'><strong>negationem</strong></span> <span class='ocrx_word' id='word_1_266' title='bbox 2359 750 2497 805; x_wconf 88' lang='lat' dir='ltr'><strong>inter</strong></span> <span class='ocrx_word' id='word_1_267' title='bbox 2543 758 2598 806; x_wconf 88' lang='lat' dir='ltr'><strong>et</strong></span> <span class='ocrx_word' id='word_1_268' title='bbox 2636 750 3010 820; x_wconf 83' lang='lat' dir='ltr'><strong>imperativum</strong></span> <span class='ocrx_word' id='word_1_269' title='bbox 3039 767 3251 824; x_wconf 79' lang='lat' dir='ltr'><strong>semper</strong></span> <span class='ocrx_word' id='word_1_270' title='bbox 3295 756 3380 808; x_wconf 60' lang='lat' dir='ltr'><strong>in.</strong></span> 
     </span>
    </p>
   </div>
   <div class='ocr_carea' id='block_1_37' title="bbox 1804 837 3386 914">
    <p class='ocr_par' dir='ltr' id='par_1_37' title="bbox 1804 837 3386 914">
     <span class='ocr_line' id='line_1_37' title="bbox 1804 837 3386 914; baseline 0.006 -22"><span class='ocrx_word' id='word_1_271' title='bbox 1804 837 2092 908; x_wconf 83' lang='lat' dir='ltr'><strong>terjicitur.</strong></span> <span class='ocrx_word' id='word_1_272' title='bbox 2148 840 2274 896; x_wconf 83' lang='lat' dir='ltr'><strong>dum</strong></span> <span class='ocrx_word' id='word_1_273' title='bbox 2304 842 2533 910; x_wconf 79' lang='lat' dir='ltr'><strong>simplex</strong></span> <span class='ocrx_word' id='word_1_274' title='bbox 2575 859 2645 896; x_wconf 85' lang='lat' dir='ltr'><strong>nu</strong></span> <span class='ocrx_word' id='word_1_275' title='bbox 2691 844 3066 913; x_wconf 79' lang='lat' dir='ltr'><strong>imperativum</strong></span> <span class='ocrx_word' id='word_1_276' title='bbox 3106 845 3386 914; x_wconf 84' lang='lat' dir='ltr'><strong>subsequi-</strong></span> 
     </span>
    </p>
   </div>
   <div class='ocr_carea' id='block_1_38' title="bbox 1806 931 3389 1007">
    <p class='ocr_par' dir='ltr' id='par_1_38' title="bbox 1806 931 3389 1007">
     <span class='ocr_line' id='line_1_38' title="bbox 1806 931 3389 1007; baseline 0.006 -24"><span class='ocrx_word' id='word_1_277' title='bbox 1806 937 1894 984; x_wconf 92' lang='lat' dir='ltr'><strong>tur</strong></span> <span class='ocrx_word' id='word_1_278' title='bbox 1933 947 1949 984; x_wconf 89' lang='lat'><strong>:</strong></span> <span class='ocrx_word' id='word_1_279' title='bbox 1991 931 2121 985; x_wconf 75' lang='lat' dir='ltr'><strong>nm.</strong></span> <span class='ocrx_word' id='word_1_280' title='bbox 2149 947 2223 1000; x_wconf 81' lang='lat' dir='ltr'><strong>v1,</strong></span> <span class='ocrx_word' id='word_1_281' title='bbox 2258 933 2292 989; x_wconf 90' lang='lat'><strong>8</strong></span> <span class='ocrx_word' id='word_1_282' title='bbox 2319 935 2372 986; x_wconf 82' lang='lat' dir='ltr'><strong>ni</strong></span> <span class='ocrx_word' id='word_1_283' title='bbox 2397 933 2643 1007; x_wconf 69' lang='lat' dir='ltr'><strong>galeikop</strong></span> <span class='ocrx_word' id='word_1_284' title='bbox 2671 952 2762 990; x_wconf 80' lang='lat' dir='ltr'><strong>nu.</strong></span> <span class='ocrx_word' id='word_1_285' title='bbox 2795 935 3094 1007; x_wconf 83' lang='lat' dir='ltr'><strong>Aliquando</strong></span> <span class='ocrx_word' id='word_1_286' title='bbox 3120 936 3280 994; x_wconf 86' lang='lat' dir='ltr'><strong>etiam</strong></span> <span class='ocrx_word' id='word_1_287' title='bbox 3314 952 3389 992; x_wconf 66' lang='lat' dir='ltr'><strong>nu</strong></span> 
     </span>
    </p>
   </div>
   <div class='ocr_carea' id='block_1_39' title="bbox 1808 1021 3390 1094">
    <p class='ocr_par' dir='ltr' id='par_1_39' title="bbox 1808 1021 3390 1094">
     <span class='ocr_line' id='line_1_39' title="bbox 1808 1021 3390 1094; baseline 0.008 -20"><span class='ocrx_word' id='word_1_288' title='bbox 1808 1021 2021 1076; x_wconf 84' lang='lat' dir='ltr'><strong>tertiam</strong></span> <span class='ocrx_word' id='word_1_289' title='bbox 2066 1024 2345 1079; x_wconf 69' lang='lat' dir='ltr'><strong>sententia:</strong></span> <span class='ocrx_word' id='word_1_290' title='bbox 2392 1025 2575 1082; x_wconf 86' lang='lat' dir='ltr'><strong>sedem</strong></span> <span class='ocrx_word' id='word_1_291' title='bbox 2616 1025 2841 1094; x_wconf 88' lang='lat' dir='ltr'><strong>obtinet,</strong></span> <span class='ocrx_word' id='word_1_292' title='bbox 2890 1035 2950 1084; x_wconf 88' lang='lat' dir='ltr'><strong>ut</strong></span> <span class='ocrx_word' id='word_1_293' title='bbox 2994 1027 3152 1084; x_wconf 86' lang='lat' dir='ltr'><strong>Rom.</strong></span> <span class='ocrx_word' id='word_1_294' title='bbox 3200 1043 3281 1094; x_wconf 79' lang='grc' dir='ltr'><strong>ιι,</strong></span> <span class='ocrx_word' id='word_1_295' title='bbox 3320 1026 3390 1087; x_wconf 83' lang='grc'><strong>19</strong></span> 
     </span>
    </p>
   </div>
   <div class='ocr_carea' id='block_1_40' title="bbox 1807 1111 2954 1196">
    <p class='ocr_par' dir='ltr' id='par_1_40' title="bbox 1807 1111 2954 1196">
     <span class='ocr_line' id='line_1_40' title="bbox 1807 1111 2954 1196; baseline 0.009 -32"><span class='ocrx_word' id='word_1_296' title='bbox 1807 1111 1951 1184; x_wconf 68' lang='grc' dir='ltr'><strong>ᾳὶῥίσ</strong></span> <span class='ocrx_word' id='word_1_297' title='bbox 1981 1115 2049 1166; x_wconf 83' lang='lat' dir='ltr'><strong>mi</strong></span> <span class='ocrx_word' id='word_1_298' title='bbox 2078 1131 2148 1168; x_wconf 85' lang='lat' dir='ltr'><strong>nu</strong></span> <span class='ocrx_word' id='word_1_299' title='bbox 2176 1125 2308 1184; x_wconf 86' lang='lat' dir='ltr'><strong>etc.,</strong></span> <span class='ocrx_word' id='word_1_300' title='bbox 2338 1115 2447 1196; x_wconf 78' lang='lat' dir='ltr'><strong>vid.</strong></span> <span class='ocrx_word' id='word_1_301' title='bbox 2473 1117 2637 1188; x_wconf 86' lang='lat' dir='ltr'><strong>gloss.</strong></span> <span class='ocrx_word' id='word_1_302' title='bbox 2669 1135 2724 1172; x_wconf 86' lang='lat' dir='ltr'><strong>v.</strong></span> <span class='ocrx_word' id='word_1_303' title='bbox 2757 1117 2850 1174; x_wconf 80' lang='lat' dir='ltr'><strong>Nu</strong></span> <span class='ocrx_word' id='word_1_304' title='bbox 2875 1121 2954 1191; x_wconf 82' lang='lat'><strong>2).</strong></span> 
     </span>
    </p>
   </div>
   <div class='ocr_carea' id='block_1_41' title="bbox 1886 1225 3392 1302">
    <p class='ocr_par' dir='ltr' id='par_1_41' title="bbox 1886 1225 3392 1302">
     <span class='ocr_line' id='line_1_41' title="bbox 1886 1225 3392 1302; baseline 0.009 -26"><span class='ocrx_word' id='word_1_305' title='bbox 1886 1243 1905 1276; x_wconf 87' lang='grc' dir='ltr'><strong>ι</strong></span> <span class='ocrx_word' id='word_1_306' title='bbox 1935 1225 2225 1282; x_wconf 85' lang='lat' dir='ltr'><strong>Annotatio</strong></span> <span class='ocrx_word' id='word_1_307' title='bbox 2268 1229 2321 1284; x_wconf 88' lang='lat'><strong>6.</strong></span> <span class='ocrx_word' id='word_1_308' title='bbox 2364 1259 2432 1270; x_wconf 88' lang='lat'><strong>-—-</strong></span> <span class='ocrx_word' id='word_1_309' title='bbox 2473 1229 2532 1284; x_wconf 85' lang='lat' dir='ltr'><strong>In</strong></span> <span class='ocrx_word' id='word_1_310' title='bbox 2577 1231 2959 1302; x_wconf 84' lang='lat' dir='ltr'><strong>interrogando</strong></span> <span class='ocrx_word' id='word_1_311' title='bbox 2997 1235 3105 1290; x_wconf 72' lang='lat' dir='ltr'><strong>nuli</strong></span> <span class='ocrx_word' id='word_1_312' title='bbox 3153 1235 3274 1291; x_wconf 86' lang='lat' dir='ltr'><strong>loco</strong></span> <span class='ocrx_word' id='word_1_313' title='bbox 3317 1250 3392 1290; x_wconf 81' lang='grc' dir='ltr'>ιιιι</span> 
     </span>
    </p>
   </div>
   <div class='ocr_carea' id='block_1_42' title="bbox 1812 1316 3390 1397">
    <p class='ocr_par' dir='ltr' id='par_1_42' title="bbox 1812 1316 3390 1397">
     <span class='ocr_line' id='line_1_42' title="bbox 1812 1316 3390 1397; baseline 0.008 -27"><span class='ocrx_word' id='word_1_314' title='bbox 1812 1319 2026 1387; x_wconf 88' lang='lat' dir='ltr'><strong>ponitur</strong></span> <span class='ocrx_word' id='word_1_315' title='bbox 2061 1334 2077 1372; x_wconf 87' lang='lat'><strong>:</strong></span> <span class='ocrx_word' id='word_1_316' title='bbox 2114 1318 2213 1376; x_wconf 76' lang='lat' dir='ltr'><strong>Mc.</strong></span> <span class='ocrx_word' id='word_1_317' title='bbox 2246 1316 2341 1386; x_wconf 68' lang='grc' dir='ltr'>ιιι,</span> <span class='ocrx_word' id='word_1_318' title='bbox 2373 1320 2406 1376; x_wconf 84' lang='grc'>9</span> <span class='ocrx_word' id='word_1_319' title='bbox 2451 1337 2528 1376; x_wconf 77' lang='lat' dir='ltr'><strong>tua</strong></span> <span class='ocrx_word' id='word_1_320' title='bbox 2575 1324 2708 1376; x_wconf 63' lang='lat' dir='ltr'><strong>nul:</strong></span> <span class='ocrx_word' id='word_1_321' title='bbox 2755 1326 2920 1397; x_wconf 79' lang='lat' dir='ltr'><strong>taujai</strong></span> <span class='ocrx_word' id='word_1_322' title='bbox 2967 1326 3187 1397; x_wconf 74' lang='lat' dir='ltr'><strong>frauja?</strong></span> <span class='ocrx_word' id='word_1_323' title='bbox 3232 1326 3390 1382; x_wconf 82' lang='lat' dir='ltr'><strong>Joan.</strong></span> 
     </span>
    </p>
   </div>
   <div class='ocr_carea' id='block_1_43' title="bbox 1808 1409 3394 1486">
    <p class='ocr_par' dir='ltr' id='par_1_43' title="bbox 1808 1409 3394 1486">
     <span class='ocr_line' id='line_1_43' title="bbox 1808 1409 3394 1486; baseline 0.007 -24"><span class='ocrx_word' id='word_1_324' title='bbox 1808 1422 1956 1472; x_wconf 86' lang='lat' dir='ltr'><strong>xvul,</strong></span> <span class='ocrx_word' id='word_1_325' title='bbox 1991 1410 2060 1464; x_wconf 78' lang='lat'><strong>57</strong></span> <span class='ocrx_word' id='word_1_326' title='bbox 2106 1426 2170 1464; x_wconf 86' lang='lat' dir='ltr'><strong>an</strong></span> <span class='ocrx_word' id='word_1_327' title='bbox 2217 1409 2348 1464; x_wconf 68' lang='lat' dir='ltr'><strong>nuli</strong></span> <span class='ocrx_word' id='word_1_328' title='bbox 2397 1410 2620 1483; x_wconf 75' lang='grc' dir='ltr'><strong>(οὐκοῦν)</strong></span> <span class='ocrx_word' id='word_1_329' title='bbox 2663 1411 2897 1484; x_wconf 72' lang='lat' dir='ltr'><strong>piudans</strong></span> <span class='ocrx_word' id='word_1_330' title='bbox 2934 1418 2978 1470; x_wconf 76' lang='lat' dir='ltr'><strong>is</strong></span> <span class='ocrx_word' id='word_1_331' title='bbox 3033 1415 3152 1472; x_wconf 80' lang='lat' dir='ltr'><strong>bu?</strong></span> <span class='ocrx_word' id='word_1_332' title='bbox 3191 1413 3319 1472; x_wconf 88' lang='lat' dir='ltr'><strong>Cor.</strong></span> <span class='ocrx_word' id='word_1_333' title='bbox 3349 1417 3394 1486; x_wconf 88' lang='lat' dir='ltr'><strong>l,</strong></span> 
     </span>
    </p>
   </div>
   <div class='ocr_carea' id='block_1_44' title="bbox 1805 1499 2989 1564">
    <p class='ocr_par' dir='ltr' id='par_1_44' title="bbox 1805 1499 2989 1564">
     <span class='ocr_line' id='line_1_44' title="bbox 1805 1499 2989 1564; baseline 0.007 -13"><span class='ocrx_word' id='word_1_334' title='bbox 1805 1512 1900 1564; x_wconf 82' lang='lat' dir='ltr'><strong>vn,</strong></span> <span class='ocrx_word' id='word_1_335' title='bbox 1935 1499 2001 1554; x_wconf 84' lang='grc'><strong>16</strong></span> <span class='ocrx_word' id='word_1_336' title='bbox 2027 1515 2144 1555; x_wconf 91' lang='lat' dir='ltr'><strong>cum</strong></span> <span class='ocrx_word' id='word_1_337' title='bbox 2177 1501 2212 1554; x_wconf 81' lang='lat' dir='ltr'><strong><em>h</em></strong></span> <span class='ocrx_word' id='word_1_338' title='bbox 2241 1502 2539 1557; x_wconf 89' lang='lat' dir='ltr'><strong>assimitato</strong></span> <span class='ocrx_word' id='word_1_339' title='bbox 2558 1521 2637 1558; x_wconf 87' lang='lat' dir='ltr'><strong>wa</strong></span> <span class='ocrx_word' id='word_1_340' title='bbox 2658 1505 2942 1560; x_wconf 80' lang='lat' dir='ltr'><strong>nuk-kannt</strong></span> <span class='ocrx_word' id='word_1_341' title='bbox 2963 1506 2989 1559; x_wconf 72' lang='grc' dir='ltr'><em>Ρ</em></span> 
     </span>
    </p>
   </div>
   <div class='ocr_carea' id='block_1_45' title="bbox 1880 1623 3386 1704">
    <p class='ocr_par' dir='ltr' id='par_1_45' title="bbox 1880 1623 3386 1704">
     <span class='ocr_line' id='line_1_45' title="bbox 1880 1623 3386 1704; baseline 0.009 -32"><span class='ocrx_word' id='word_1_342' title='bbox 1880 1637 1901 1672; x_wconf 77' lang='grc' dir='ltr'><strong>ι</strong></span> <span class='ocrx_word' id='word_1_343' title='bbox 1931 1623 2217 1679; x_wconf 79' lang='lat' dir='ltr'><strong>Annotatio</strong></span> <span class='ocrx_word' id='word_1_344' title='bbox 2245 1625 2299 1680; x_wconf 84' lang='lat'><strong>7.</strong></span> <span class='ocrx_word' id='word_1_345' title='bbox 2325 1655 2394 1666; x_wconf 89' lang='lat'><strong>-—</strong></span> <span class='ocrx_word' id='word_1_346' title='bbox 2421 1624 2551 1704; x_wconf 73' lang='grc' dir='ltr'>’Δριι</span> <span class='ocrx_word' id='word_1_347' title='bbox 2591 1623 2678 1683; x_wconf 73' lang='grc' dir='ltr'><strong>οὖν</strong></span> <span class='ocrx_word' id='word_1_348' title='bbox 2713 1628 2940 1698; x_wconf 64' lang='lat' dir='ltr'><strong>gothice‘</strong></span> <span class='ocrx_word' id='word_1_349' title='bbox 2961 1629 3160 1684; x_wconf 85' lang='lat' dir='ltr'><strong>dicitur</strong></span> <span class='ocrx_word' id='word_1_350' title='bbox 3197 1629 3386 1701; x_wconf 74' lang='lat' dir='ltr'><strong>pannu</strong></span> 
     </span>
    </p>
   </div>
   <div class='ocr_carea' id='block_1_46' title="bbox 1803 1711 3397 1789">
    <p class='ocr_par' dir='ltr' id='par_1_46' title="bbox 1803 1711 3397 1789">
     <span class='ocr_line' id='line_1_46' title="bbox 1803 1711 3397 1789; baseline 0.007 -23"><span class='ocrx_word' id='word_1_351' title='bbox 1803 1711 1918 1784; x_wconf 71' lang='lat' dir='ltr'><strong>pan</strong></span> <span class='ocrx_word' id='word_1_352' title='bbox 1947 1713 2104 1770; x_wconf 85' lang='lat' dir='ltr'><strong>Rom.</strong></span> <span class='ocrx_word' id='word_1_353' title='bbox 2134 1729 2235 1783; x_wconf 79' lang='lat' dir='ltr'><strong>vn,</strong></span> <span class='ocrx_word' id='word_1_354' title='bbox 2268 1719 2334 1781; x_wconf 79' lang='lat'><strong>5;</strong></span> <span class='ocrx_word' id='word_1_355' title='bbox 2365 1717 2555 1789; x_wconf 62' lang='lat' dir='ltr'><strong>[ianua</strong></span> <span class='ocrx_word' id='word_1_356' title='bbox 2586 1735 2655 1772; x_wconf 81' lang='lat' dir='ltr'><strong>nu</strong></span> <span class='ocrx_word' id='word_1_357' title='bbox 2683 1720 2841 1775; x_wconf 85' lang='lat' dir='ltr'><strong>Rom.</strong></span> <span class='ocrx_word' id='word_1_358' title='bbox 2863 1764 2878 1789; x_wconf 92' lang='lat'><strong>,</strong></span> <span class='ocrx_word' id='word_1_359' title='bbox 2912 1735 2990 1788; x_wconf 71' lang='grc' dir='ltr'><strong>ιι,</strong></span> <span class='ocrx_word' id='word_1_360' title='bbox 3019 1722 3074 1789; x_wconf 85' lang='grc'>6,</span> <span class='ocrx_word' id='word_1_361' title='bbox 3120 1730 3248 1787; x_wconf 90' lang='lat' dir='ltr'><strong>etc.,</strong></span> <span class='ocrx_word' id='word_1_362' title='bbox 3283 1722 3397 1777; x_wconf 80' lang='lat' dir='ltr'><strong>vid.</strong></span> 
     </span>
    </p>
   </div>
   <div class='ocr_carea' id='block_1_47' title="bbox 1805 1803 3400 1881">
    <p class='ocr_par' dir='ltr' id='par_1_47' title="bbox 1805 1803 3400 1881">
     <span class='ocr_line' id='line_1_47' title="bbox 1805 1803 3400 1881; baseline 0.004 -23"><span class='ocrx_word' id='word_1_363' title='bbox 1805 1803 1984 1860; x_wconf 84' lang='lat' dir='ltr'><strong>Gloss.</strong></span> <span class='ocrx_word' id='word_1_364' title='bbox 2015 1822 2066 1860; x_wconf 81' lang='grc' dir='ltr'><strong>ν.</strong></span> <span class='ocrx_word' id='word_1_365' title='bbox 2097 1806 2316 1877; x_wconf 63' lang='lat' dir='ltr'><strong>paulo;</strong></span> <span class='ocrx_word' id='word_1_366' title='bbox 2348 1808 2542 1880; x_wconf 65' lang='lat' dir='ltr'><strong>[Janus</strong></span> <span class='ocrx_word' id='word_1_367' title='bbox 2570 1826 2638 1863; x_wconf 77' lang='grc' dir='ltr'>ιιιι</span> <span class='ocrx_word' id='word_1_368' title='bbox 2657 1811 2742 1881; x_wconf 81' lang='lat' dir='ltr'><strong>jai</strong></span> <span class='ocrx_word' id='word_1_369' title='bbox 2773 1811 2929 1866; x_wconf 88' lang='lat' dir='ltr'><strong>Rom.</strong></span> <span class='ocrx_word' id='word_1_370' title='bbox 2961 1826 3048 1878; x_wconf 73' lang='grc' dir='ltr'><strong>ιι,</strong></span> <span class='ocrx_word' id='word_1_371' title='bbox 3082 1811 3184 1876; x_wconf 85' lang='grc'><strong>18;</strong></span> <span class='ocrx_word' id='word_1_372' title='bbox 3222 1813 3301 1866; x_wconf 80' lang='lat' dir='ltr'><strong>sai</strong></span> <span class='ocrx_word' id='word_1_373' title='bbox 3327 1827 3400 1865; x_wconf 69' lang='lat' dir='ltr'><strong>nu</strong></span> 
     </span>
    </p>
   </div>
   <div class='ocr_carea' id='block_1_48' title="bbox 1807 1897 3402 1971">
    <p class='ocr_par' dir='ltr' id='par_1_48' title="bbox 1807 1897 3402 1971">
     <span class='ocr_line' id='line_1_48' title="bbox 1807 1897 3402 1971; baseline 0.005 -20"><span class='ocrx_word' id='word_1_374' title='bbox 1807 1897 1945 1966; x_wconf 83' lang='lat' dir='ltr'><strong>Eph.</strong></span> <span class='ocrx_word' id='word_1_375' title='bbox 1974 1914 2035 1966; x_wconf 87' lang='grc' dir='ltr'><strong>ιι,</strong></span> <span class='ocrx_word' id='word_1_376' title='bbox 2071 1901 2155 1955; x_wconf 81' lang='lat' dir='ltr'><strong>i9.</strong></span> <span class='ocrx_word' id='word_1_377' title='bbox 2193 1901 2258 1955; x_wconf 83' lang='lat' dir='ltr'><strong>lli</strong></span> <span class='ocrx_word' id='word_1_378' title='bbox 2298 1911 2475 1958; x_wconf 87' lang='lat' dir='ltr'><strong>tamen</strong></span> <span class='ocrx_word' id='word_1_379' title='bbox 2507 1903 2889 1971; x_wconf 83' lang='lat' dir='ltr'><strong>particularum</strong></span> <span class='ocrx_word' id='word_1_380' title='bbox 2931 1917 3208 1960; x_wconf 89' lang='lat' dir='ltr'><strong>connexs</strong></span> <span class='ocrx_word' id='word_1_381' title='bbox 3234 1903 3402 1959; x_wconf 78' lang='lat' dir='ltr'><strong>etiam</strong></span> 
     </span>
    </p>
   </div>
   <div class='ocr_carea' id='block_1_49' title="bbox 1807 1995 3400 2069">
    <p class='ocr_par' dir='ltr' id='par_1_49' title="bbox 1807 1995 3400 2069">
     <span class='ocr_line' id='line_1_49' title="bbox 1807 1995 3400 2069; baseline 0.003 -23"><span class='ocrx_word' id='word_1_382' title='bbox 1807 1995 1908 2061; x_wconf 84' lang='lat' dir='ltr'><strong>pro</strong></span> <span class='ocrx_word' id='word_1_383' title='bbox 1937 1995 2091 2048; x_wconf 82' lang='lat' dir='ltr'><strong>unica</strong></span> <span class='ocrx_word' id='word_1_384' title='bbox 2117 2007 2294 2064; x_wconf 74' lang='lat' dir='ltr'><strong>graeca</strong></span> <span class='ocrx_word' id='word_1_385' title='bbox 2325 2005 2651 2067; x_wconf 72' lang='lat' dir='ltr'><strong>usurpentur</strong></span> <span class='ocrx_word' id='word_1_386' title='bbox 2676 2014 2690 2050; x_wconf 92' lang='lat'><strong>:</strong></span> <span class='ocrx_word' id='word_1_387' title='bbox 2721 1995 2916 2069; x_wconf 68' lang='lat' dir='ltr'><strong>appar:</strong></span> <span class='ocrx_word' id='word_1_388' title='bbox 2939 2015 3008 2052; x_wconf 81' lang='lat' dir='ltr'><strong>nu</strong></span> <span class='ocrx_word' id='word_1_389' title='bbox 3029 2000 3189 2054; x_wconf 82' lang='lat' dir='ltr'><strong>Rom.</strong></span> <span class='ocrx_word' id='word_1_390' title='bbox 3212 2013 3308 2064; x_wconf 85' lang='lat' dir='ltr'><strong>vn,</strong></span> <span class='ocrx_word' id='word_1_391' title='bbox 3329 1997 3400 2051; x_wconf 68' lang='grc'><strong>19</strong></span> 
     </span>
    </p>
   </div>
   <div class='ocr_carea' id='block_1_50' title="bbox 1810 2081 3398 2159">
    <p class='ocr_par' dir='ltr' id='par_1_50' title="bbox 1810 2081 3398 2159">
     <span class='ocr_line' id='line_1_50' title="bbox 1810 2081 3398 2159; baseline 0.005 -23"><span class='ocrx_word' id='word_1_392' title='bbox 1810 2081 2027 2153; x_wconf 59' lang='lat' dir='ltr'><strong>(ﬁcu);</strong></span> <span class='ocrx_word' id='word_1_393' title='bbox 2056 2083 2178 2137; x_wconf 67' lang='lat' dir='ltr'><strong>(lor.</strong></span> <span class='ocrx_word' id='word_1_394' title='bbox 2211 2084 2263 2153; x_wconf 90' lang='lat' dir='ltr'><strong>l,</strong></span> <span class='ocrx_word' id='word_1_395' title='bbox 2296 2099 2374 2154; x_wconf 81' lang='lat' dir='ltr'><strong>Ix,</strong></span> <span class='ocrx_word' id='word_1_396' title='bbox 2399 2085 2472 2140; x_wconf 79' lang='lat'><strong>26</strong></span> <span class='ocrx_word' id='word_1_397' title='bbox 2497 2087 2744 2157; x_wconf 62' lang='lat' dir='ltr'><strong>(eciam);</strong></span> <span class='ocrx_word' id='word_1_398' title='bbox 2781 2087 2963 2159; x_wconf 62' lang='lat' dir='ltr'><strong>paulu</strong></span> <span class='ocrx_word' id='word_1_399' title='bbox 2991 2105 3062 2144; x_wconf 71' lang='lat' dir='ltr'><strong>mi</strong></span> <span class='ocrx_word' id='word_1_400' title='bbox 3086 2090 3212 2144; x_wconf 86' lang='lat' dir='ltr'><strong>Cor.</strong></span> <span class='ocrx_word' id='word_1_401' title='bbox 3246 2089 3291 2156; x_wconf 85' lang='grc' dir='ltr'>Ι,</span> <span class='ocrx_word' id='word_1_402' title='bbox 3321 2104 3398 2157; x_wconf 73' lang='grc' dir='ltr'>ιν,</span> 
     </span>
    </p>
   </div>
   <div class='ocr_carea' id='block_1_51' title="bbox 1811 2171 3404 2258">
    <p class='ocr_par' dir='ltr' id='par_1_51' title="bbox 1811 2171 3404 2258">
     <span class='ocr_line' id='line_1_51' title="bbox 1811 2171 3404 2258; baseline 0.009 -32"><span class='ocrx_word' id='word_1_403' title='bbox 1811 2171 1845 2225; x_wconf 83' lang='lat'><strong>5</strong></span> <span class='ocrx_word' id='word_1_404' title='bbox 1874 2172 2086 2243; x_wconf 53' lang='lat' dir='ltr'><strong>(dare);</strong></span> <span class='ocrx_word' id='word_1_405' title='bbox 2114 2173 2300 2246; x_wconf 64' lang='lat' dir='ltr'><strong>panno</strong></span> <span class='ocrx_word' id='word_1_406' title='bbox 2325 2193 2396 2231; x_wconf 71' lang='lat' dir='ltr'><strong>mi</strong></span> <span class='ocrx_word' id='word_1_407' title='bbox 2410 2179 2494 2258; x_wconf 61' lang='lat' dir='ltr'><strong>isi</strong></span> <span class='ocrx_word' id='word_1_408' title='bbox 2524 2179 2681 2236; x_wconf 89' lang='lat' dir='ltr'><strong>Rom.</strong></span> <span class='ocrx_word' id='word_1_409' title='bbox 2702 2194 2775 2247; x_wconf 73' lang='grc' dir='ltr'><strong>ιι,</strong></span> <span class='ocrx_word' id='word_1_410' title='bbox 2804 2180 2876 2235; x_wconf 84' lang='lat'><strong>20</strong></span> <span class='ocrx_word' id='word_1_411' title='bbox 2897 2181 3213 2256; x_wconf 63' lang='lat' dir='ltr'><strong>(paeane);</strong></span> <span class='ocrx_word' id='word_1_412' title='bbox 3241 2180 3308 2254; x_wconf 73' lang='lat' dir='ltr'><strong>ip</strong></span> <span class='ocrx_word' id='word_1_413' title='bbox 3333 2195 3404 2240; x_wconf 75' lang='lat' dir='ltr'><strong>ntt</strong></span> 
     </span>
    </p>
   </div>
   <div class='ocr_carea' id='block_1_52' title="bbox 1813 2262 2152 2331">
    <p class='ocr_par' dir='ltr' id='par_1_52' title="bbox 1813 2262 2152 2331">
     <span class='ocr_line' id='line_1_52' title="bbox 1813 2262 2152 2331; baseline 0.006 -11"><span class='ocrx_word' id='word_1_414' title='bbox 1813 2262 1992 2320; x_wconf 80' lang='lat' dir='ltr'><strong>Skeir.</strong></span> <span class='ocrx_word' id='word_1_415' title='bbox 2022 2266 2064 2331; x_wconf 85' lang='lat' dir='ltr'><strong>i,</strong></span> <span class='ocrx_word' id='word_1_416' title='bbox 2097 2267 2152 2323; x_wconf 82' lang='grc' dir='ltr'><strong>(ἰ.</strong></span> 
     </span>
    </p>
   </div>
   <div class='ocr_carea' id='block_1_53' title="bbox 1889 2391 3405 2453">
    <p class='ocr_par' dir='ltr' id='par_1_53' title="bbox 1889 2391 3405 2453">
     <span class='ocr_line' id='line_1_53' title="bbox 1889 2391 3405 2453; baseline 0.005 -10"><span class='ocrx_word' id='word_1_417' title='bbox 1889 2410 1908 2443; x_wconf 80' lang='grc' dir='ltr'><strong>ι</strong></span> <span class='ocrx_word' id='word_1_418' title='bbox 1947 2393 2234 2449; x_wconf 87' lang='lat' dir='ltr'><strong>Annotatio</strong></span> <span class='ocrx_word' id='word_1_419' title='bbox 2274 2393 2330 2450; x_wconf 88' lang='lat'><strong>8.</strong></span> <span class='ocrx_word' id='word_1_420' title='bbox 2359 2423 2429 2435; x_wconf 92' lang='lat'><strong><em>—</em></strong></span> <span class='ocrx_word' id='word_1_421' title='bbox 2474 2395 2575 2452; x_wconf 90' lang='lat' dir='ltr'><strong>Ubi</strong></span> <span class='ocrx_word' id='word_1_422' title='bbox 2610 2391 2698 2452; x_wconf 74' lang='grc' dir='ltr'><strong>οὖν</strong></span> <span class='ocrx_word' id='word_1_423' title='bbox 2738 2410 2888 2453; x_wconf 90' lang='lat' dir='ltr'><strong>mera</strong></span> <span class='ocrx_word' id='word_1_424' title='bbox 2937 2403 3024 2453; x_wconf 92' lang='lat' dir='ltr'><strong>est</strong></span> <span class='ocrx_word' id='word_1_425' title='bbox 3065 2395 3405 2453; x_wconf 83' lang='lat' dir='ltr'><strong>transitionis</strong></span> 
     </span>
    </p>
   </div>
   <div class='ocr_carea' id='block_1_54' title="bbox 1812 2484 3406 2562">
    <p class='ocr_par' dir='ltr' id='par_1_54' title="bbox 1812 2484 3406 2562">
     <span class='ocr_line' id='line_1_54' title="bbox 1812 2484 3406 2562; baseline 0.005 -24"><span class='ocrx_word' id='word_1_426' title='bbox 1812 2486 2076 2555; x_wconf 88' lang='lat' dir='ltr'><strong>particula</strong></span> <span class='ocrx_word' id='word_1_427' title='bbox 2121 2485 2301 2557; x_wconf 90' lang='lat' dir='ltr'><strong>(nunc</strong></span> <span class='ocrx_word' id='word_1_428' title='bbox 2347 2503 2496 2555; x_wconf 91' lang='lat' dir='ltr'><strong>vero,</strong></span> <span class='ocrx_word' id='word_1_429' title='bbox 2527 2489 2653 2560; x_wconf 87' lang='lat' dir='ltr'><strong>gall.</strong></span> <span class='ocrx_word' id='word_1_430' title='bbox 2696 2496 2745 2543; x_wconf 83' lang='lat' dir='ltr'><strong>et</strong></span> <span class='ocrx_word' id='word_1_431' title='bbox 2778 2487 3157 2562; x_wconf 81' lang='lat' dir='ltr'><strong>maintenant),</strong></span> <span class='ocrx_word' id='word_1_432' title='bbox 3189 2484 3406 2561; x_wconf 78' lang='lat' dir='ltr'><strong>gothice</strong></span> 
     </span>
    </p>
   </div>
   <div class='ocr_carea' id='block_1_55' title="bbox 1813 2575 3406 2657">
    <p class='ocr_par' dir='ltr' id='par_1_55' title="bbox 1813 2575 3406 2657">
     <span class='ocr_line' id='line_1_55' title="bbox 1813 2575 3406 2657; baseline 0.004 -26"><span class='ocrx_word' id='word_1_433' title='bbox 1813 2577 1974 2631; x_wconf 86' lang='lat' dir='ltr'><strong>etiam</strong></span> <span class='ocrx_word' id='word_1_434' title='bbox 2004 2589 2101 2647; x_wconf 90' lang='lat' dir='ltr'><strong>per</strong></span> <span class='ocrx_word' id='word_1_435' title='bbox 2127 2575 2350 2650; x_wconf 69' lang='lat' dir='ltr'><strong>paproh</strong></span> <span class='ocrx_word' id='word_1_436' title='bbox 2376 2579 2492 2651; x_wconf 80' lang='lat' dir='ltr'><strong>[mn</strong></span> <span class='ocrx_word' id='word_1_437' title='bbox 2522 2581 2708 2651; x_wconf 87' lang='lat' dir='ltr'><strong>(Joan.</strong></span> <span class='ocrx_word' id='word_1_438' title='bbox 2739 2595 2832 2647; x_wconf 89' lang='grc' dir='ltr'>ιιι,</span> <span class='ocrx_word' id='word_1_439' title='bbox 2861 2580 2965 2647; x_wconf 89' lang='lat'><strong>25;</strong></span> <span class='ocrx_word' id='word_1_440' title='bbox 3000 2582 3268 2653; x_wconf 81' lang='lat' dir='ltr'><strong>xvttl,7),</strong></span> <span class='ocrx_word' id='word_1_441' title='bbox 3290 2582 3406 2657; x_wconf 80' lang='lat' dir='ltr'><strong>[mn</strong></span> 
     </span>
    </p>
   </div>
   <div class='ocr_carea' id='block_1_56' title="bbox 1812 2666 3405 2744">
    <p class='ocr_par' dir='ltr' id='par_1_56' title="bbox 1812 2666 3405 2744">
     <span class='ocr_line' id='line_1_56' title="bbox 1812 2666 3405 2744; baseline 0.004 -21"><span class='ocrx_word' id='word_1_442' title='bbox 1812 2666 1941 2743; x_wconf 82' lang='lat' dir='ltr'><strong>(Mc.</strong></span> <span class='ocrx_word' id='word_1_443' title='bbox 1975 2685 2065 2736; x_wconf 91' lang='grc' dir='ltr'>ιιι,</span> <span class='ocrx_word' id='word_1_444' title='bbox 2109 2671 2204 2742; x_wconf 68' lang='lat' dir='ltr'><strong>Si)</strong></span> <span class='ocrx_word' id='word_1_445' title='bbox 2241 2681 2295 2727; x_wconf 86' lang='lat' dir='ltr'><strong>et</strong></span> <span class='ocrx_word' id='word_1_446' title='bbox 2330 2673 2436 2726; x_wconf 80' lang='lat' dir='ltr'><strong>-uh</strong></span> <span class='ocrx_word' id='word_1_447' title='bbox 2468 2671 2655 2743; x_wconf 85' lang='lat' dir='ltr'><strong>(Joan.</strong></span> <span class='ocrx_word' id='word_1_448' title='bbox 2701 2689 2808 2739; x_wconf 75' lang='lat' dir='ltr'><strong>xvr,</strong></span> <span class='ocrx_word' id='word_1_449' title='bbox 2845 2671 2942 2744; x_wconf 85' lang='grc'><strong>18)</strong></span> <span class='ocrx_word' id='word_1_450' title='bbox 2991 2673 3258 2739; x_wconf 88' lang='lat' dir='ltr'><strong>redditur;</strong></span> <span class='ocrx_word' id='word_1_451' title='bbox 3316 2673 3405 2729; x_wconf 91' lang='lat' dir='ltr'><strong>ubi</strong></span> 
     </span>
    </p>
   </div>
   <div class='ocr_carea' id='block_1_57' title="bbox 1814 2759 3407 2841">
    <p class='ocr_par' dir='ltr' id='par_1_57' title="bbox 1814 2759 3407 2841">
     <span class='ocr_line' id='line_1_57' title="bbox 1814 2759 3407 2841; baseline 0.003 -23"><span class='ocrx_word' id='word_1_452' title='bbox 1814 2759 1918 2841; x_wconf 76' lang='grc' dir='ltr'><strong>ἄρα</strong></span> <span class='ocrx_word' id='word_1_453' title='bbox 1944 2766 2204 2834; x_wconf 88' lang='lat' dir='ltr'><strong>particula</strong></span> <span class='ocrx_word' id='word_1_454' title='bbox 2236 2773 2320 2821; x_wconf 87' lang='lat' dir='ltr'><strong>est</strong></span> <span class='ocrx_word' id='word_1_455' title='bbox 2349 2766 2720 2822; x_wconf 85' lang='lat' dir='ltr'><strong>affirmationis</strong></span> <span class='ocrx_word' id='word_1_456' title='bbox 2752 2765 3045 2838; x_wconf 88' lang='lat' dir='ltr'><strong>(profecto,</strong></span> <span class='ocrx_word' id='word_1_457' title='bbox 3079 2767 3278 2835; x_wconf 88' lang='lat' dir='ltr'><strong>certe),</strong></span> <span class='ocrx_word' id='word_1_458' title='bbox 3312 2783 3407 2839; x_wconf 77' lang='lat' dir='ltr'><strong>go-</strong></span> 
     </span>
    </p>
   </div>
   <div class='ocr_carea' id='block_1_58' title="bbox 1815 2857 3407 2933">
    <p class='ocr_par' dir='ltr' id='par_1_58' title="bbox 1815 2857 3407 2933">
     <span class='ocr_line' id='line_1_58' title="bbox 1815 2857 3407 2933; baseline 0.002 -22"><span class='ocrx_word' id='word_1_459' title='bbox 1815 2860 1958 2914; x_wconf 90' lang='lat' dir='ltr'><strong>thice</strong></span> <span class='ocrx_word' id='word_1_460' title='bbox 2002 2860 2229 2914; x_wconf 75' lang='lat' dir='ltr'><strong>vertitur</strong></span> <span class='ocrx_word' id='word_1_461' title='bbox 2255 2873 2349 2930; x_wconf 87' lang='lat' dir='ltr'><strong>per</strong></span> <span class='ocrx_word' id='word_1_462' title='bbox 2386 2859 2501 2931; x_wconf 74' lang='lat' dir='ltr'><strong>pan</strong></span> <span class='ocrx_word' id='word_1_463' title='bbox 2530 2860 2676 2932; x_wconf 88' lang='lat' dir='ltr'><strong>(Cor.</strong></span> <span class='ocrx_word' id='word_1_464' title='bbox 2723 2858 2774 2926; x_wconf 93' lang='grc' dir='ltr'>Ι,</span> <span class='ocrx_word' id='word_1_465' title='bbox 2805 2877 2903 2925; x_wconf 84' lang='lat' dir='ltr'><strong>xv,</strong></span> <span class='ocrx_word' id='word_1_466' title='bbox 2932 2860 3024 2933; x_wconf 69' lang='lat' dir='ltr'><strong>i4)</strong></span> <span class='ocrx_word' id='word_1_467' title='bbox 3073 2860 3160 2915; x_wconf 76' lang='lat' dir='ltr'><strong>vel</strong></span> <span class='ocrx_word' id='word_1_468' title='bbox 3191 2857 3407 2932; x_wconf 70' lang='lat' dir='ltr'><strong>aippau</strong></span> 
     </span>
    </p>
   </div>
   <div class='ocr_carea' id='block_1_59' title="bbox 1813 2948 3406 3022">
    <p class='ocr_par' dir='ltr' id='par_1_59' title="bbox 1813 2948 3406 3022">
     <span class='ocr_line' id='line_1_59' title="bbox 1813 2948 3406 3022; baseline -0.001 -17"><span class='ocrx_word' id='word_1_469' title='bbox 1813 2948 1964 3022; x_wconf 89' lang='lat' dir='ltr'><strong>(Gal.</strong></span> <span class='ocrx_word' id='word_1_470' title='bbox 2000 2965 2067 3017; x_wconf 88' lang='grc' dir='ltr'><strong>ιι,</strong></span> <span class='ocrx_word' id='word_1_471' title='bbox 2098 2949 2213 3020; x_wconf 87' lang='lat'><strong>2|).</strong></span> <span class='ocrx_word' id='word_1_472' title='bbox 2270 2949 2579 3006; x_wconf 84' lang='lat' dir='ltr'><strong>incorrecte</strong></span> <span class='ocrx_word' id='word_1_473' title='bbox 2619 2960 2798 3007; x_wconf 88' lang='lat' dir='ltr'><strong>autem</strong></span> <span class='ocrx_word' id='word_1_474' title='bbox 2829 2951 3038 3008; x_wconf 87' lang='lat' dir='ltr'><strong>Gothus</strong></span> <span class='ocrx_word' id='word_1_475' title='bbox 3073 2952 3192 3012; x_wconf 89' lang='lat' dir='ltr'><strong>Gal.</strong></span> <span class='ocrx_word' id='word_1_476' title='bbox 3230 2967 3304 3017; x_wconf 89' lang='grc' dir='ltr'><strong>ιι,</strong></span> <span class='ocrx_word' id='word_1_477' title='bbox 3341 2951 3406 3004; x_wconf 86' lang='grc'><strong>17</strong></span> 
     </span>
    </p>
   </div>
   <div class='ocr_carea' id='block_1_60' title="bbox 1813 3037 3408 3119">
    <p class='ocr_par' dir='ltr' id='par_1_60' title="bbox 1813 3037 3408 3119">
     <span class='ocr_line' id='line_1_60' title="bbox 1813 3037 3408 3119; baseline 0.003 -23"><span class='ocrx_word' id='word_1_478' title='bbox 1813 3037 1917 3119; x_wconf 77' lang='grc' dir='ltr'><strong>ἆρα</strong></span> <span class='ocrx_word' id='word_1_479' title='bbox 1941 3057 2037 3112; x_wconf 89' lang='lat' dir='ltr'><strong>per</strong></span> <span class='ocrx_word' id='word_1_480' title='bbox 2075 3043 2263 3114; x_wconf 71' lang='lat' dir='ltr'><strong>pannu</strong></span> <span class='ocrx_word' id='word_1_481' title='bbox 2294 3043 2677 3114; x_wconf 81' lang='lat' dir='ltr'><strong>interpretatus</strong></span> <span class='ocrx_word' id='word_1_482' title='bbox 2717 3055 2829 3112; x_wconf 88' lang='lat' dir='ltr'><strong>est,</strong></span> <span class='ocrx_word' id='word_1_483' title='bbox 2860 3045 3005 3115; x_wconf 91' lang='lat' dir='ltr'><strong>quod</strong></span> <span class='ocrx_word' id='word_1_484' title='bbox 3035 3045 3120 3100; x_wconf 88' lang='lat' dir='ltr'><strong>hic</strong></span> <span class='ocrx_word' id='word_1_485' title='bbox 3150 3059 3272 3099; x_wconf 91' lang='lat' dir='ltr'><strong>cum</strong></span> <span class='ocrx_word' id='word_1_486' title='bbox 3304 3040 3408 3119; x_wconf 80' lang='grc' dir='ltr'><strong><em>ἄρα</em></strong></span> 
     </span>
    </p>
   </div>
   <div class='ocr_carea' id='block_1_61' title="bbox 1814 3135 3406 3220">
    <p class='ocr_par' dir='ltr' id='par_1_61' title="bbox 1814 3135 3406 3220">
     <span class='ocr_line' id='line_1_61' title="bbox 1814 3135 3406 3220; baseline 0.003 -31"><span class='ocrx_word' id='word_1_487' title='bbox 1814 3136 2088 3202; x_wconf 85' lang='lat' dir='ltr'><strong>confudit;</strong></span> <span class='ocrx_word' id='word_1_488' title='bbox 2124 3135 2228 3215; x_wconf 79' lang='grc' dir='ltr'><strong><em>ἄρα</em></strong></span> <span class='ocrx_word' id='word_1_489' title='bbox 2265 3139 2317 3194; x_wconf 90' lang='lat' dir='ltr'><strong>in</strong></span> <span class='ocrx_word' id='word_1_490' title='bbox 2360 3138 2780 3210; x_wconf 77' lang='lat' dir='ltr'><strong>interrogatione</strong></span> <span class='ocrx_word' id='word_1_491' title='bbox 2816 3143 2870 3198; x_wconf 82' lang='grc' dir='ltr'><strong>τί</strong></span> <span class='ocrx_word' id='word_1_492' title='bbox 2907 3139 3012 3220; x_wconf 78' lang='grc' dir='ltr'><strong>ἄρα</strong></span> <span class='ocrx_word' id='word_1_493' title='bbox 3056 3137 3216 3214; x_wconf 90' lang='lat' dir='ltr'><strong>(quid</strong></span> <span class='ocrx_word' id='word_1_494' title='bbox 3240 3135 3406 3212; x_wconf 79' lang='lat' dir='ltr'><strong>ergo)</strong></span> 
     </span>
    </p>
   </div>
   <div class='ocr_carea' id='block_1_62' title="bbox 1814 3225 2709 3294">
    <p class='ocr_par' dir='ltr' id='par_1_62' title="bbox 1814 3225 2709 3294">
     <span class='ocr_line' id='line_1_62' title="bbox 1814 3225 2709 3294; baseline 0.004 -12"><span class='ocrx_word' id='word_1_495' title='bbox 1814 3225 1944 3283; x_wconf 91' lang='lat' dir='ltr'><strong>Luc.</strong></span> <span class='ocrx_word' id='word_1_496' title='bbox 1973 3243 2010 3294; x_wconf 90' lang='grc' dir='ltr'><strong>ι,</strong></span> <span class='ocrx_word' id='word_1_497' title='bbox 2035 3228 2104 3283; x_wconf 87' lang='lat'><strong>66</strong></span> <span class='ocrx_word' id='word_1_498' title='bbox 2131 3245 2236 3284; x_wconf 92' lang='lat' dir='ltr'><strong>non</strong></span> <span class='ocrx_word' id='word_1_499' title='bbox 2261 3245 2579 3286; x_wconf 72' lang='lat' dir='ltr'><strong>conversum</strong></span> <span class='ocrx_word' id='word_1_500' title='bbox 2608 3241 2709 3288; x_wconf 90' lang='lat' dir='ltr'><strong>est.</strong></span> 
     </span>
    </p>
   </div>
   <div class='ocr_carea' id='block_1_63' title="bbox 111 3367 3400 3398">
    <p class='ocr_par' dir='ltr' id='par_1_63' title="bbox 111 3367 3400 3398">
     <span class='ocr_line' id='line_1_63' title="bbox 111 3367 3400 3398; baseline 0.005 -15"><span class='ocrx_word' id='word_1_501' title='bbox 111 3367 3400 3398; x_wconf 65' lang='lat'><strong>-———-——-—————-————————-—_———————————-——————_‘—</strong></span> 
     </span>
    </p>
   </div>
   <div class='ocr_carea' id='block_1_64' title="bbox 1114 3475 2393 3542">
    <p class='ocr_par' dir='ltr' id='par_1_64' title="bbox 1114 3475 2393 3542">
     <span class='ocr_line' id='line_1_64' title="bbox 1114 3475 2393 3542; baseline -0.002 0"><span class='ocrx_word' id='word_1_502' title='bbox 1114 3481 1196 3542; x_wconf 87' lang='lat' dir='ltr'><strong>Il.</strong></span> <span class='ocrx_word' id='word_1_503' title='bbox 1258 3476 1842 3540; x_wconf 66' lang='lat' dir='ltr'><strong>SUBORDINATIE</strong></span> <span class='ocrx_word' id='word_1_504' title='bbox 1899 3475 2393 3538; x_wconf 63' lang='lat' dir='ltr'><strong>SENTENTIIE.</strong></span> 
     </span>
    </p>
   </div>
   <div class='ocr_carea' id='block_1_65' title="bbox 185 3691 1706 3767">
    <p class='ocr_par' dir='ltr' id='par_1_65' title="bbox 185 3691 1706 3767">
     <span class='ocr_line' id='line_1_65' title="bbox 185 3691 1706 3767; baseline 0.001 -21"><span class='ocrx_word' id='word_1_505' title='bbox 185 3694 215 3767; x_wconf 63' lang='grc' dir='ltr'>ᾗ</span> <span class='ocrx_word' id='word_1_506' title='bbox 238 3691 368 3748; x_wconf 76' lang='lat'><strong>265.</strong></span> <span class='ocrx_word' id='word_1_507' title='bbox 394 3692 520 3747; x_wconf 62' lang='lat' dir='ltr'><strong>Hac</strong></span> <span class='ocrx_word' id='word_1_508' title='bbox 539 3692 958 3762; x_wconf 89' lang='lat' dir='ltr'><strong>compositarum</strong></span> <span class='ocrx_word' id='word_1_509' title='bbox 980 3693 1375 3748; x_wconf 79' lang='lat' dir='ltr'><strong>sententiarum</strong></span> <span class='ocrx_word' id='word_1_510' title='bbox 1408 3693 1616 3764; x_wconf 86' lang='lat' dir='ltr'><strong>species</strong></span> <span class='ocrx_word' id='word_1_511' title='bbox 1638 3705 1706 3747; x_wconf 80' lang='lat' dir='ltr'><strong>ao</strong></span> 
     </span>
    </p>
   </div>
   <div class='ocr_carea' id='block_1_66' title="bbox 94 3784 1708 3856">
    <p class='ocr_par' dir='ltr' id='par_1_66' title="bbox 94 3784 1708 3856">
     <span class='ocr_line' id='line_1_66' title="bbox 94 3784 1708 3856; baseline -0.003 -13"><span class='ocrx_word' id='word_1_512' title='bbox 94 3786 414 3856; x_wconf 85' lang='lat' dir='ltr'><strong>simplicem</strong></span> <span class='ocrx_word' id='word_1_513' title='bbox 445 3784 629 3840; x_wconf 89' lang='lat' dir='ltr'><strong>reduci</strong></span> <span class='ocrx_word' id='word_1_514' title='bbox 665 3793 871 3854; x_wconf 88' lang='lat' dir='ltr'><strong>potest,</strong></span> <span class='ocrx_word' id='word_1_515' title='bbox 904 3784 1066 3839; x_wconf 90' lang='lat' dir='ltr'><strong>modo</strong></span> <span class='ocrx_word' id='word_1_516' title='bbox 1097 3784 1419 3839; x_wconf 89' lang='lat' dir='ltr'><strong>secundaria</strong></span> <span class='ocrx_word' id='word_1_517' title='bbox 1447 3799 1546 3840; x_wconf 89' lang='lat' dir='ltr'><strong>seu</strong></span> <span class='ocrx_word' id='word_1_518' title='bbox 1576 3784 1708 3840; x_wconf 88' lang='lat' dir='ltr'><strong>sub-</strong></span> 
     </span>
    </p>
   </div>
   <div class='ocr_carea' id='block_1_67' title="bbox 93 3877 1704 3946">
    <p class='ocr_par' dir='ltr' id='par_1_67' title="bbox 93 3877 1704 3946">
     <span class='ocr_line' id='line_1_67' title="bbox 93 3877 1704 3946; baseline -0.002 -11"><span class='ocrx_word' id='word_1_519' title='bbox 93 3878 361 3936; x_wconf 85' lang='lat' dir='ltr'><strong>ordinata</strong></span> <span class='ocrx_word' id='word_1_520' title='bbox 414 3877 701 3941; x_wconf 80' lang='lat' dir='ltr'><strong>sententia,</strong></span> <span class='ocrx_word' id='word_1_521' title='bbox 738 3886 798 3932; x_wconf 89' lang='lat' dir='ltr'><strong>ut</strong></span> <span class='ocrx_word' id='word_1_522' title='bbox 851 3877 1280 3946; x_wconf 88' lang='lat' dir='ltr'><strong>circumscriptio</strong></span> <span class='ocrx_word' id='word_1_523' title='bbox 1327 3877 1570 3933; x_wconf 88' lang='lat' dir='ltr'><strong>attributi</strong></span> <span class='ocrx_word' id='word_1_524' title='bbox 1617 3877 1704 3933; x_wconf 87' lang='lat' dir='ltr'><strong>vel</strong></span> 
     </span>
    </p>
   </div>
   <div class='ocr_carea' id='block_1_68' title="bbox 92 3970 1703 4043">
    <p class='ocr_par' dir='ltr' id='par_1_68' title="bbox 92 3970 1703 4043">
     <span class='ocr_line' id='line_1_68' title="bbox 92 3970 1703 4043; baseline -0.002 -15"><span class='ocrx_word' id='word_1_525' title='bbox 92 3971 313 4042; x_wconf 82' lang='lat' dir='ltr'><strong>objecti</strong></span> <span class='ocrx_word' id='word_1_526' title='bbox 359 3971 616 4043; x_wconf 89' lang='lat' dir='ltr'><strong>simplicis</strong></span> <span class='ocrx_word' id='word_1_527' title='bbox 667 3971 950 4027; x_wconf 73' lang='lat' dir='ltr'><strong>sententia:</strong></span> <span class='ocrx_word' id='word_1_528' title='bbox 1008 3981 1303 4042; x_wconf 88' lang='lat' dir='ltr'><strong>spectetur.</strong></span> <span class='ocrx_word' id='word_1_529' title='bbox 1344 3970 1596 4026; x_wconf 81' lang='lat' dir='ltr'><strong>Jamvero</strong></span> <span class='ocrx_word' id='word_1_530' title='bbox 1636 3971 1703 4025; x_wconf 88' lang='lat' dir='ltr'><strong>ad</strong></span> 
     </span>
    </p>
   </div>
   <div class='ocr_carea' id='block_1_69' title="bbox 92 4063 1706 4135">
    <p class='ocr_par' dir='ltr' id='par_1_69' title="bbox 92 4063 1706 4135">
     <span class='ocr_line' id='line_1_69' title="bbox 92 4063 1706 4135; baseline -0.002 -15"><span class='ocrx_word' id='word_1_531' title='bbox 92 4063 666 4135; x_wconf 85' lang='lat' dir='ltr'><strong>circumscriptionem</strong></span> <span class='ocrx_word' id='word_1_532' title='bbox 708 4063 946 4119; x_wconf 87' lang='lat' dir='ltr'><strong>attributi</strong></span> <span class='ocrx_word' id='word_1_533' title='bbox 997 4063 1231 4119; x_wconf 78' lang='lat' dir='ltr'><strong>refertur</strong></span> <span class='ocrx_word' id='word_1_534' title='bbox 1274 4064 1540 4120; x_wconf 87' lang='lat' dir='ltr'><strong>sententia</strong></span> <span class='ocrx_word' id='word_1_535' title='bbox 1585 4076 1706 4117; x_wconf 88' lang='lat' dir='ltr'><strong>cum</strong></span> 
     </span>
    </p>
   </div>
   <div class='ocr_carea' id='block_1_70' title="bbox 92 4156 1706 4228">
    <p class='ocr_par' dir='ltr' id='par_1_70' title="bbox 92 4156 1706 4228">
     <span class='ocr_line' id='line_1_70' title="bbox 92 4156 1706 4228; baseline -0.005 -10"><span class='ocrx_word' id='word_1_536' title='bbox 92 4159 343 4218; x_wconf 81' lang='lat' dir='ltr'><strong>relativo</strong></span> <span class='ocrx_word' id='word_1_537' title='bbox 388 4158 682 4228; x_wconf 86' lang='lat' dir='ltr'><strong>(sententia</strong></span> <span class='ocrx_word' id='word_1_538' title='bbox 713 4159 1002 4228; x_wconf 87' lang='lat' dir='ltr'><strong>relativa);</strong></span> <span class='ocrx_word' id='word_1_539' title='bbox 1044 4157 1112 4212; x_wconf 86' lang='lat' dir='ltr'><strong>ad</strong></span> <span class='ocrx_word' id='word_1_540' title='bbox 1152 4156 1706 4226; x_wconf 86' lang='lat' dir='ltr'><strong>circumscriptionem</strong></span> 
     </span>
    </p>
   </div>
   <div class='ocr_carea' id='block_1_71' title="bbox 92 4249 1708 4320">
    <p class='ocr_par' dir='ltr' id='par_1_71' title="bbox 92 4249 1708 4320">
     <span class='ocr_line' id='line_1_71' title="bbox 92 4249 1708 4320; baseline -0.004 -12"><span class='ocrx_word' id='word_1_541' title='bbox 92 4265 244 4308; x_wconf 83' lang='lat' dir='ltr'><strong>vero</strong></span> <span class='ocrx_word' id='word_1_542' title='bbox 272 4249 488 4320; x_wconf 85' lang='lat' dir='ltr'><strong>objecti,</strong></span> <span class='ocrx_word' id='word_1_543' title='bbox 520 4249 785 4320; x_wconf 80' lang='lat' dir='ltr'><strong>objectiva</strong></span> <span class='ocrx_word' id='word_1_544' title='bbox 815 4249 1082 4306; x_wconf 86' lang='lat' dir='ltr'><strong>sententia</strong></span> <span class='ocrx_word' id='word_1_545' title='bbox 1113 4249 1402 4319; x_wconf 64' lang='lat' dir='ltr'><strong>praecipue,</strong></span> <span class='ocrx_word' id='word_1_546' title='bbox 1436 4258 1490 4306; x_wconf 89' lang='lat' dir='ltr'><strong>et</strong></span> <span class='ocrx_word' id='word_1_547' title='bbox 1517 4263 1708 4306; x_wconf 84' lang='lat' dir='ltr'><strong>causa-</strong></span> 
     </span>
    </p>
   </div>
   <div class='ocr_carea' id='block_1_72' title="bbox 91 4341 1436 4412">
    <p class='ocr_par' dir='ltr' id='par_1_72' title="bbox 91 4341 1436 4412">
     <span class='ocr_line' id='line_1_72' title="bbox 91 4341 1436 4412; baseline -0.007 -8"><span class='ocrx_word' id='word_1_548' title='bbox 91 4346 203 4412; x_wconf 82' lang='lat' dir='ltr'><strong>lis,</strong></span> <span class='ocrx_word' id='word_1_549' title='bbox 232 4355 440 4398; x_wconf 88' lang='lat' dir='ltr'><strong>necnon</strong></span> <span class='ocrx_word' id='word_1_550' title='bbox 463 4341 688 4397; x_wconf 89' lang='lat' dir='ltr'><strong>modalis</strong></span> <span class='ocrx_word' id='word_1_551' title='bbox 715 4351 769 4397; x_wconf 90' lang='lat' dir='ltr'><strong>et</strong></span> <span class='ocrx_word' id='word_1_552' title='bbox 797 4341 1113 4412; x_wconf 88' lang='lat' dir='ltr'><strong>temporalis</strong></span> <span class='ocrx_word' id='word_1_553' title='bbox 1144 4342 1436 4398; x_wconf 87' lang='lat' dir='ltr'><strong>sententia.</strong></span> 
     </span>
    </p>
   </div>
   <div class='ocr_carea' id='block_1_73' title="bbox 234 4452 1590 4516">
    <p class='ocr_par' dir='ltr' id='par_1_73' title="bbox 234 4452 1590 4516">
     <span class='ocr_line' id='line_1_73' title="bbox 234 4452 1590 4516; baseline -0.001 -11"><span class='ocrx_word' id='word_1_554' title='bbox 234 4454 282 4505; x_wconf 88' lang='grc'><strong>1.</strong></span> <span class='ocrx_word' id='word_1_555' title='bbox 349 4452 784 4506; x_wconf 74' lang='lat' dir='ltr'><strong>ATTRIBUTIVA</strong></span> <span class='ocrx_word' id='word_1_556' title='bbox 832 4452 1209 4516; x_wconf 79' lang='lat' dir='ltr'><strong>SENTENTIA,</strong></span> <span class='ocrx_word' id='word_1_557' title='bbox 1275 4453 1590 4505; x_wconf 76' lang='lat' dir='ltr'><strong>RELATIVA</strong></span> 
     </span>
    </p>
   </div>
   <div class='ocr_carea' id='block_1_74' title="bbox 719 4538 1096 4590">
    <p class='ocr_par' dir='ltr' id='par_1_74' title="bbox 719 4538 1096 4590">
     <span class='ocr_line' id='line_1_74' title="bbox 719 4538 1096 4590; baseline 0 0"><span class='ocrx_word' id='word_1_558' title='bbox 719 4538 1096 4590; x_wconf 78' lang='lat' dir='ltr'><strong>SENTENTIA.</strong></span> 
     </span>
    </p>
   </div>
   <div class='ocr_carea' id='block_1_75' title="bbox 183 4641 1702 4719">
    <p class='ocr_par' dir='ltr' id='par_1_75' title="bbox 183 4641 1702 4719">
     <span class='ocr_line' id='line_1_75' title="bbox 183 4641 1702 4719; baseline -0.003 -17"><span class='ocrx_word' id='word_1_559' title='bbox 183 4645 214 4719; x_wconf 68' lang='grc' dir='ltr'><strong>ς</strong></span> <span class='ocrx_word' id='word_1_560' title='bbox 247 4645 376 4702; x_wconf 70' lang='grc'><strong>264.</strong></span> <span class='ocrx_word' id='word_1_561' title='bbox 410 4647 462 4716; x_wconf 90' lang='grc'><strong>1)</strong></span> <span class='ocrx_word' id='word_1_562' title='bbox 495 4647 797 4703; x_wconf 87' lang='lat' dir='ltr'><strong>Pronomen</strong></span> <span class='ocrx_word' id='word_1_563' title='bbox 828 4647 1110 4703; x_wconf 82' lang='lat' dir='ltr'><strong>relativum</strong></span> <span class='ocrx_word' id='word_1_564' title='bbox 1145 4646 1251 4702; x_wconf 72' lang='grc' dir='ltr'><strong>σαεξ</strong></span> <span class='ocrx_word' id='word_1_565' title='bbox 1280 4643 1408 4716; x_wconf 80' lang='grc' dir='ltr'><strong>(ὅς,</strong></span> <span class='ocrx_word' id='word_1_566' title='bbox 1440 4642 1616 4709; x_wconf 76' lang='grc' dir='ltr'><strong>ὅστις,</strong></span> <span class='ocrx_word' id='word_1_567' title='bbox 1647 4641 1702 4704; x_wconf 78' lang='grc' dir='ltr'><strong>ὃς</strong></span> 
     </span>
    </p>
   </div>
   <div class='ocr_carea' id='block_1_76' title="bbox 85 4737 1706 4811">
    <p class='ocr_par' dir='ltr' id='par_1_76' title="bbox 85 4737 1706 4811">
     <span class='ocr_line' id='line_1_76' title="bbox 85 4737 1706 4811; baseline -0.005 -14"><span class='ocrx_word' id='word_1_568' title='bbox 85 4739 193 4808; x_wconf 75' lang='grc' dir='ltr'><strong>ἄν,</strong></span> <span class='ocrx_word' id='word_1_569' title='bbox 219 4737 361 4811; x_wconf 80' lang='grc' dir='ltr'><strong>ὅσος)</strong></span> <span class='ocrx_word' id='word_1_570' title='bbox 393 4738 744 4803; x_wconf 87' lang='lat' dir='ltr'><strong>substantivo,</strong></span> <span class='ocrx_word' id='word_1_571' title='bbox 777 4738 922 4810; x_wconf 91' lang='lat' dir='ltr'><strong>quod</strong></span> <span class='ocrx_word' id='word_1_572' title='bbox 943 4739 1132 4796; x_wconf 83' lang='lat' dir='ltr'><strong>stricte</strong></span> <span class='ocrx_word' id='word_1_573' title='bbox 1155 4738 1501 4804; x_wconf 87' lang='lat' dir='ltr'><strong>determinat,</strong></span> <span class='ocrx_word' id='word_1_574' title='bbox 1527 4737 1580 4790; x_wconf 91' lang='lat' dir='ltr'><strong>in</strong></span> <span class='ocrx_word' id='word_1_575' title='bbox 1607 4751 1706 4790; x_wconf 88' lang='lat' dir='ltr'><strong>nu-</strong></span> 
     </span>
    </p>
   </div>
   <div class='ocr_carea' id='block_1_77' title="bbox 84 4828 1703 4903">
    <p class='ocr_par' dir='ltr' id='par_1_77' title="bbox 84 4828 1703 4903">
     <span class='ocr_line' id='line_1_77' title="bbox 84 4828 1703 4903; baseline -0.004 -13"><span class='ocrx_word' id='word_1_576' title='bbox 84 4847 270 4890; x_wconf 87' lang='lat' dir='ltr'><strong>mero</strong></span> <span class='ocrx_word' id='word_1_577' title='bbox 301 4841 352 4886; x_wconf 89' lang='lat' dir='ltr'><strong>et</strong></span> <span class='ocrx_word' id='word_1_578' title='bbox 399 4845 595 4903; x_wconf 85' lang='lat' dir='ltr'><strong>genere</strong></span> <span class='ocrx_word' id='word_1_579' title='bbox 627 4832 906 4902; x_wconf 75' lang='lat' dir='ltr'><strong>congruit;</strong></span> <span class='ocrx_word' id='word_1_580' title='bbox 939 4831 1280 4900; x_wconf 84' lang='lat' dir='ltr'><strong>excipiuntur</strong></span> <span class='ocrx_word' id='word_1_581' title='bbox 1319 4840 1495 4885; x_wconf 88' lang='lat' dir='ltr'><strong>tamen</strong></span> <span class='ocrx_word' id='word_1_582' title='bbox 1533 4828 1703 4884; x_wconf 89' lang='lat' dir='ltr'><strong>colle-</strong></span> 
     </span>
    </p>
   </div>
   <div class='ocr_carea' id='block_1_78' title="bbox 82 4919 1707 4996">
    <p class='ocr_par' dir='ltr' id='par_1_78' title="bbox 82 4919 1707 4996">
     <span class='ocr_line' id='line_1_78' title="bbox 82 4919 1707 4996; baseline -0.006 -12"><span class='ocrx_word' id='word_1_583' title='bbox 82 4925 258 4984; x_wconf 85' lang='lat' dir='ltr'><strong>ctiva</strong></span> <span class='ocrx_word' id='word_1_584' title='bbox 279 4921 346 4978; x_wconf 91' lang='lat' dir='ltr'><strong>de</strong></span> <span class='ocrx_word' id='word_1_585' title='bbox 361 4923 550 4993; x_wconf 87' lang='lat' dir='ltr'><strong>quibus</strong></span> <span class='ocrx_word' id='word_1_586' title='bbox 568 4921 598 4996; x_wconf 63' lang='grc' dir='ltr'><strong>ς</strong></span> <span class='ocrx_word' id='word_1_587' title='bbox 613 4920 717 4979; x_wconf 87' lang='lat'><strong>209</strong></span> <span class='ocrx_word' id='word_1_588' title='bbox 737 4923 790 4994; x_wconf 76' lang='grc' dir='ltr'><strong>ὅ)</strong></span> <span class='ocrx_word' id='word_1_589' title='bbox 809 4923 1010 4979; x_wconf 90' lang='lat' dir='ltr'><strong>dictum</strong></span> <span class='ocrx_word' id='word_1_590' title='bbox 1036 4932 1141 4988; x_wconf 89' lang='lat' dir='ltr'><strong>est,</strong></span> <span class='ocrx_word' id='word_1_591' title='bbox 1161 4931 1215 4978; x_wconf 90' lang='lat' dir='ltr'><strong>et</strong></span> <span class='ocrx_word' id='word_1_592' title='bbox 1229 4922 1315 4977; x_wconf 89' lang='lat' dir='ltr'><strong>ubi</strong></span> <span class='ocrx_word' id='word_1_593' title='bbox 1335 4920 1618 4977; x_wconf 84' lang='lat' dir='ltr'><strong>relativum</strong></span> <span class='ocrx_word' id='word_1_594' title='bbox 1639 4919 1707 4975; x_wconf 88' lang='lat' dir='ltr'><strong>ad</strong></span> 
     </span>
    </p>
   </div>
   <div class='ocr_carea' id='block_1_79' title="bbox 85 5011 1702 5089">
    <p class='ocr_par' dir='ltr' id='par_1_79' title="bbox 85 5011 1702 5089">
     <span class='ocr_line' id='line_1_79' title="bbox 85 5011 1702 5089; baseline -0.004 -17"><span class='ocrx_word' id='word_1_595' title='bbox 85 5019 268 5089; x_wconf 79' lang='lat' dir='ltr'><strong>plura</strong></span> <span class='ocrx_word' id='word_1_596' title='bbox 309 5013 641 5070; x_wconf 75' lang='lat' dir='ltr'><strong>substantive</strong></span> <span class='ocrx_word' id='word_1_597' title='bbox 678 5015 946 5082; x_wconf 82' lang='lat' dir='ltr'><strong>refertur,</strong></span> <span class='ocrx_word' id='word_1_598' title='bbox 978 5015 1120 5070; x_wconf 88' lang='lat' dir='ltr'><strong>valet</strong></span> <span class='ocrx_word' id='word_1_599' title='bbox 1160 5013 1302 5084; x_wconf 90' lang='lat' dir='ltr'><strong>quod</strong></span> <span class='ocrx_word' id='word_1_600' title='bbox 1348 5015 1374 5086; x_wconf 65' lang='grc' dir='ltr'><strong>ς</strong></span> <span class='ocrx_word' id='word_1_601' title='bbox 1411 5013 1518 5069; x_wconf 86' lang='lat'><strong>209</strong></span> <span class='ocrx_word' id='word_1_602' title='bbox 1545 5014 1617 5082; x_wconf 74' lang='grc'><strong>4)</strong></span> <span class='ocrx_word' id='word_1_603' title='bbox 1649 5011 1702 5084; x_wconf 88' lang='lat' dir='ltr'><strong>b)</strong></span> 
     </span>
    </p>
   </div>
   <div class='ocr_carea' id='block_1_80' title="bbox 83 5104 1699 5180">
    <p class='ocr_par' dir='ltr' id='par_1_80' title="bbox 83 5104 1699 5180">
     <span class='ocr_line' id='line_1_80' title="bbox 83 5104 1699 5180; baseline -0.002 -16"><span class='ocrx_word' id='word_1_604' title='bbox 83 5108 505 5180; x_wconf 75' lang='lat' dir='ltr'><strong>praecepimus;</strong></span> <span class='ocrx_word' id='word_1_605' title='bbox 532 5109 707 5178; x_wconf 89' lang='lat' dir='ltr'><strong>quoad</strong></span> <span class='ocrx_word' id='word_1_606' title='bbox 739 5115 915 5164; x_wconf 89' lang='lat' dir='ltr'><strong>autem</strong></span> <span class='ocrx_word' id='word_1_607' title='bbox 939 5121 1148 5174; x_wconf 88' lang='lat' dir='ltr'><strong>casum,</strong></span> <span class='ocrx_word' id='word_1_608' title='bbox 1168 5106 1215 5161; x_wconf 89' lang='lat' dir='ltr'><strong>is</strong></span> <span class='ocrx_word' id='word_1_609' title='bbox 1241 5104 1489 5162; x_wconf 88' lang='lat' dir='ltr'><strong>adhiberi</strong></span> <span class='ocrx_word' id='word_1_610' title='bbox 1519 5106 1699 5173; x_wconf 87' lang='lat' dir='ltr'><strong>debet,</strong></span> 
     </span>
    </p>
   </div>
   <div class='ocr_carea' id='block_1_81' title="bbox 80 5196 1706 5271">
    <p class='ocr_par' dir='ltr' id='par_1_81' title="bbox 80 5196 1706 5271">
     <span class='ocr_line' id='line_1_81' title="bbox 80 5196 1706 5271; baseline -0.001 -18"><span class='ocrx_word' id='word_1_611' title='bbox 80 5211 275 5271; x_wconf 84' lang='lat' dir='ltr'><strong>quem</strong></span> <span class='ocrx_word' id='word_1_612' title='bbox 308 5196 528 5252; x_wconf 84' lang='lat' dir='ltr'><strong>verbum</strong></span> <span class='ocrx_word' id='word_1_613' title='bbox 557 5199 840 5254; x_wconf 72' lang='lat' dir='ltr'><strong>sententia:</strong></span> <span class='ocrx_word' id='word_1_614' title='bbox 873 5199 1110 5254; x_wconf 78' lang='lat' dir='ltr'><strong>relativue</strong></span> <span class='ocrx_word' id='word_1_615' title='bbox 1133 5197 1271 5269; x_wconf 88' lang='lat' dir='ltr'><strong>regit</strong></span> <span class='ocrx_word' id='word_1_616' title='bbox 1296 5197 1546 5269; x_wconf 86' lang='lat' dir='ltr'><strong>(excepto</strong></span> <span class='ocrx_word' id='word_1_617' title='bbox 1578 5212 1706 5252; x_wconf 87' lang='lat' dir='ltr'><strong>casu</strong></span> 
     </span>
    </p>
   </div>
   <div class='ocr_carea' id='block_1_82' title="bbox 81 5289 1710 5362">
    <p class='ocr_par' dir='ltr' id='par_1_82' title="bbox 81 5289 1710 5362">
     <span class='ocr_line' id='line_1_82' title="bbox 81 5289 1710 5362; baseline -0.001 -16"><span class='ocrx_word' id='word_1_618' title='bbox 81 5289 449 5346; x_wconf 85' lang='lat' dir='ltr'><strong>attractionis</strong></span> <span class='ocrx_word' id='word_1_619' title='bbox 472 5289 500 5361; x_wconf 82' lang='lat'>§</span> <span class='ocrx_word' id='word_1_620' title='bbox 520 5290 678 5362; x_wconf 86' lang='lat'><strong>266):</strong></span> <span class='ocrx_word' id='word_1_621' title='bbox 699 5291 875 5348; x_wconf 77' lang='lat' dir='ltr'><strong>Skeir.</strong></span> <span class='ocrx_word' id='word_1_622' title='bbox 896 5291 1007 5358; x_wconf 82' lang='lat' dir='ltr'><strong>Vll,</strong></span> <span class='ocrx_word' id='word_1_623' title='bbox 1033 5306 1058 5344; x_wconf 89' lang='lat' dir='ltr'><strong>a</strong></span> <span class='ocrx_word' id='word_1_624' title='bbox 1077 5293 1145 5346; x_wconf 85' lang='lat' dir='ltr'><strong>ist</strong></span> <span class='ocrx_word' id='word_1_625' title='bbox 1175 5307 1314 5362; x_wconf 81' lang='lat' dir='ltr'><strong>mag</strong></span> <span class='ocrx_word' id='word_1_626' title='bbox 1331 5306 1363 5344; x_wconf 86' lang='lat' dir='ltr'><strong>u</strong></span> <span class='ocrx_word' id='word_1_627' title='bbox 1382 5291 1444 5344; x_wconf 85' lang='grc' dir='ltr'>ια</span> <span class='ocrx_word' id='word_1_628' title='bbox 1469 5290 1575 5354; x_wconf 77' lang='lat' dir='ltr'><strong>her,</strong></span> <span class='ocrx_word' id='word_1_629' title='bbox 1602 5291 1710 5344; x_wconf 85' lang='lat' dir='ltr'><strong>saei</strong></span> 
     </span>
    </p>
   </div>
   <div class='ocr_carea' id='block_1_83' title="bbox 79 5378 1702 5456">
    <p class='ocr_par' dir='ltr' id='par_1_83' title="bbox 79 5378 1702 5456">
     <span class='ocr_line' id='line_1_83' title="bbox 79 5378 1702 5456; baseline -0.002 -18"><span class='ocrx_word' id='word_1_630' title='bbox 79 5378 650 5452; x_wconf 63' lang='lat' dir='ltr'><strong>habaip&#39;rhlaibans</strong></span> <span class='ocrx_word' id='word_1_631' title='bbox 677 5383 997 5439; x_wconf 78' lang='lat' dir='ltr'><strong>barizeinans</strong></span> <span class='ocrx_word' id='word_1_632' title='bbox 1017 5383 1110 5456; x_wconf 80' lang='lat' dir='ltr'><strong>jah</strong></span> <span class='ocrx_word' id='word_1_633' title='bbox 1145 5393 1289 5437; x_wconf 76' lang='lat' dir='ltr'><strong>(vam</strong></span> <span class='ocrx_word' id='word_1_634' title='bbox 1311 5383 1501 5451; x_wconf 73' lang='lat' dir='ltr'><strong>ﬁskans</strong></span> <span class='ocrx_word' id='word_1_635' title='bbox 1519 5401 1540 5450; x_wconf 89' lang='lat'><strong><em>;</em></strong></span> <span class='ocrx_word' id='word_1_636' title='bbox 1573 5382 1702 5437; x_wconf 93' lang='lat' dir='ltr'><strong>Luc.</strong></span> 
     </span>
    </p>
   </div>
   <div class='ocr_carea' id='block_1_84' title="bbox 78 5471 1704 5547">
    <p class='ocr_par' dir='ltr' id='par_1_84' title="bbox 78 5471 1704 5547">
     <span class='ocr_line' id='line_1_84' title="bbox 78 5471 1704 5547; baseline -0.002 -15"><span class='ocrx_word' id='word_1_637' title='bbox 78 5493 228 5540; x_wconf 83' lang='lat' dir='ltr'><strong>vm,</strong></span> <span class='ocrx_word' id='word_1_638' title='bbox 261 5471 299 5527; x_wconf 82' lang='lat'><strong>2</strong></span> <span class='ocrx_word' id='word_1_639' title='bbox 326 5489 478 5528; x_wconf 73' lang='lat' dir='ltr'><strong>omni</strong></span> <span class='ocrx_word' id='word_1_640' title='bbox 497 5475 614 5547; x_wconf 73' lang='lat' dir='ltr'><strong>mil)</strong></span> <span class='ocrx_word' id='word_1_641' title='bbox 641 5477 787 5531; x_wconf 84' lang='lat' dir='ltr'><strong>iesua</strong></span> <span class='ocrx_word' id='word_1_642' title='bbox 820 5477 1085 5547; x_wconf 83' lang='lat' dir='ltr'><strong>qinons,</strong></span> <span class='ocrx_word' id='word_1_643' title='bbox 1126 5474 1326 5545; x_wconf 71' lang='lat' dir='ltr'><strong>posci</strong></span> <span class='ocrx_word' id='word_1_644' title='bbox 1357 5490 1511 5528; x_wconf 85' lang='lat' dir='ltr'><strong>vesun</strong></span> <span class='ocrx_word' id='word_1_645' title='bbox 1541 5473 1704 5544; x_wconf 81' lang='lat' dir='ltr'><strong>galei-</strong></span> 
     </span>
    </p>
   </div>
   <div class='ocr_carea' id='block_1_85' title="bbox 76 5564 1703 5640">
    <p class='ocr_par' dir='ltr' id='par_1_85' title="bbox 76 5564 1703 5640">
     <span class='ocr_line' id='line_1_85' title="bbox 76 5564 1703 5640; baseline -0.003 -16"><span class='ocrx_word' id='word_1_646' title='bbox 76 5564 332 5624; x_wconf 75' lang='lat' dir='ltr'><strong>kinodos</strong></span> <span class='ocrx_word' id='word_1_647' title='bbox 358 5566 555 5634; x_wconf 76' lang='lat' dir='ltr'><strong>sauhte,</strong></span> <span class='ocrx_word' id='word_1_648' title='bbox 580 5570 678 5640; x_wconf 85' lang='lat' dir='ltr'><strong>jah</strong></span> <span class='ocrx_word' id='word_1_649' title='bbox 714 5584 848 5622; x_wconf 85' lang='lat' dir='ltr'><strong>mar</strong></span> <span class='ocrx_word' id='word_1_650' title='bbox 855 5570 961 5640; x_wconf 85' lang='lat' dir='ltr'><strong>ja,</strong></span> <span class='ocrx_word' id='word_1_651' title='bbox 990 5570 1086 5622; x_wconf 82' lang='lat' dir='ltr'><strong>sei</strong></span> <span class='ocrx_word' id='word_1_652' title='bbox 1124 5568 1332 5621; x_wconf 79' lang='lat' dir='ltr'><strong>naitana</strong></span> <span class='ocrx_word' id='word_1_653' title='bbox 1358 5584 1446 5621; x_wconf 84' lang='lat' dir='ltr'><strong>vas</strong></span> <span class='ocrx_word' id='word_1_654' title='bbox 1479 5567 1703 5637; x_wconf 79' lang='lat' dir='ltr'><strong>magda-</strong></span> 
     </span>
    </p>
   </div>
   <div class='ocr_carea' id='block_1_86' title="bbox 81 5658 1698 5736">
    <p class='ocr_par' dir='ltr' id='par_1_86' title="bbox 81 5658 1698 5736">
     <span class='ocr_line' id='line_1_86' title="bbox 81 5658 1698 5736; baseline -0.002 -18"><span class='ocrx_word' id='word_1_655' title='bbox 81 5664 254 5725; x_wconf 80' lang='lat' dir='ltr'><strong>lene,</strong></span> <span class='ocrx_word' id='word_1_656' title='bbox 300 5675 362 5713; x_wconf 81' lang='lat' dir='ltr'><strong>us</strong></span> <span class='ocrx_word' id='word_1_657' title='bbox 397 5659 651 5730; x_wconf 60' lang='lat' dir='ltr'><strong>bizuiei</strong></span> <span class='ocrx_word' id='word_1_658' title='bbox 681 5661 992 5736; x_wconf 80' lang='lat' dir='ltr'><strong>usiddjedun</strong></span> <span class='ocrx_word' id='word_1_659' title='bbox 1031 5658 1339 5732; x_wconf 71' lang='lat' dir='ltr'><strong>unhulpons</strong></span> <span class='ocrx_word' id='word_1_660' title='bbox 1380 5663 1565 5724; x_wconf 82' lang='lat' dir='ltr'><strong>sibnn;</strong></span> <span class='ocrx_word' id='word_1_661' title='bbox 1597 5661 1698 5715; x_wconf 77' lang='lat' dir='ltr'><strong>Mc.</strong></span> 
     </span>
    </p>
   </div>
   <div class='ocr_carea' id='block_1_87' title="bbox 80 5749 1698 5825">
    <p class='ocr_par' dir='ltr' id='par_1_87' title="bbox 80 5749 1698 5825">
     <span class='ocr_line' id='line_1_87' title="bbox 80 5749 1698 5825; baseline -0.002 -17"><span class='ocrx_word' id='word_1_662' title='bbox 80 5768 174 5817; x_wconf 68' lang='grc' dir='ltr'><strong>ιι,</strong></span> <span class='ocrx_word' id='word_1_663' title='bbox 204 5749 275 5804; x_wconf 77' lang='lat' dir='ltr'><strong>2i</strong></span> <span class='ocrx_word' id='word_1_664' title='bbox 301 5751 791 5824; x_wconf 79' lang='lat' dir='ltr'><strong>smakkabagms</strong></span> <span class='ocrx_word' id='word_1_665' title='bbox 821 5752 1020 5824; x_wconf 71' lang='grc' dir='ltr'>[ιιιηεὶ</span> <span class='ocrx_word' id='word_1_666' title='bbox 1050 5757 1261 5824; x_wconf 79' lang='lat' dir='ltr'><strong>fraqast,</strong></span> <span class='ocrx_word' id='word_1_667' title='bbox 1285 5752 1698 5825; x_wconf 72' lang='lat' dir='ltr'><strong>gapaursnoda;</strong></span> 
     </span>
    </p>
   </div>
   <div class='ocr_carea' id='block_1_88' title="bbox 1815 3687 3402 3768">
    <p class='ocr_par' dir='ltr' id='par_1_88' title="bbox 1815 3687 3402 3768">
     <span class='ocr_line' id='line_1_88' title="bbox 1815 3687 3402 3768; baseline 0.009 -27"><span class='ocrx_word' id='word_1_668' title='bbox 1815 3687 1960 3759; x_wconf 64' lang='lat' dir='ltr'><strong>gulis</strong></span> <span class='ocrx_word' id='word_1_669' title='bbox 1987 3689 2347 3743; x_wconf 86' lang='lat' dir='ltr'><strong>anabusnai</strong></span> <span class='ocrx_word' id='word_1_670' title='bbox 2389 3691 2605 3755; x_wconf 82' lang='lat' dir='ltr'><strong>izvarai,</strong></span> <span class='ocrx_word' id='word_1_671' title='bbox 2641 3691 2727 3764; x_wconf 69' lang='lat' dir='ltr'><strong>pa</strong></span> <span class='ocrx_word' id='word_1_672' title='bbox 2748 3693 2804 3747; x_wconf 86' lang='lat' dir='ltr'><strong>ei</strong></span> <span class='ocrx_word' id='word_1_673' title='bbox 2839 3693 3180 3768; x_wconf 71' lang='lat' dir='ltr'><strong>anafulltup;</strong></span> <span class='ocrx_word' id='word_1_674' title='bbox 3223 3698 3402 3756; x_wconf 82' lang='lat' dir='ltr'><strong>Skeir.</strong></span> 
     </span>
    </p>
   </div>
   <div class='ocr_carea' id='block_1_89' title="bbox 1811 3780 3395 3855">
    <p class='ocr_par' dir='ltr' id='par_1_89' title="bbox 1811 3780 3395 3855">
     <span class='ocr_line' id='line_1_89' title="bbox 1811 3780 3395 3855; baseline 0.005 -19"><span class='ocrx_word' id='word_1_675' title='bbox 1811 3780 1903 3846; x_wconf 72' lang='grc' dir='ltr'>ιν,</span> <span class='ocrx_word' id='word_1_676' title='bbox 1950 3781 1984 3835; x_wconf 85' lang='lat' dir='ltr'><strong>ti</strong></span> <span class='ocrx_word' id='word_1_677' title='bbox 2031 3782 2226 3851; x_wconf 74' lang='lat' dir='ltr'><strong>afguda</strong></span> <span class='ocrx_word' id='word_1_678' title='bbox 2281 3781 2468 3852; x_wconf 82' lang='lat' dir='ltr'><strong>haifsts</strong></span> <span class='ocrx_word' id='word_1_679' title='bbox 2501 3784 2800 3838; x_wconf 78' lang='lat' dir='ltr'><strong>sabailliaus</strong></span> <span class='ocrx_word' id='word_1_680' title='bbox 2852 3789 2941 3855; x_wconf 77' lang='lat' dir='ltr'><strong>ioh</strong></span> <span class='ocrx_word' id='word_1_681' title='bbox 2995 3789 3395 3855; x_wconf 79' lang='lat' dir='ltr'><strong>markailliaus,</strong></span> 
     </span>
    </p>
   </div>
   <div class='ocr_carea' id='block_1_90' title="bbox 1807 3871 3403 3953">
    <p class='ocr_par' dir='ltr' id='par_1_90' title="bbox 1807 3871 3403 3953">
     <span class='ocr_line' id='line_1_90' title="bbox 1807 3871 3403 3953; baseline 0.008 -27"><span class='ocrx_word' id='word_1_682' title='bbox 1807 3871 1998 3944; x_wconf 69' lang='lat' dir='ltr'><strong>paiei</strong></span> <span class='ocrx_word' id='word_1_683' title='bbox 2037 3875 2224 3927; x_wconf 83' lang='lat' dir='ltr'><strong>ainana</strong></span> <span class='ocrx_word' id='word_1_684' title='bbox 2266 3875 2717 3946; x_wconf 67' lang='lat' dir='ltr'><strong>anananpidedun</strong></span> <span class='ocrx_word' id='word_1_685' title='bbox 2743 3877 2910 3950; x_wconf 67' lang='lat' dir='ltr'><strong>qipan</strong></span> <span class='ocrx_word' id='word_1_686' title='bbox 2941 3890 3081 3935; x_wconf 85' lang='lat' dir='ltr'><strong>atlan</strong></span> <span class='ocrx_word' id='word_1_687' title='bbox 3105 3881 3201 3953; x_wconf 81' lang='lat' dir='ltr'><strong>jah</strong></span> <span class='ocrx_word' id='word_1_688' title='bbox 3231 3900 3403 3952; x_wconf 83' lang='lat' dir='ltr'><strong>sunu;</strong></span> 
     </span>
    </p>
   </div>
   <div class='ocr_carea' id='block_1_91' title="bbox 1811 3964 3406 4040">
    <p class='ocr_par' dir='ltr' id='par_1_91' title="bbox 1811 3964 3406 4040">
     <span class='ocr_line' id='line_1_91' title="bbox 1811 3964 3406 4040; baseline 0.006 -21"><span class='ocrx_word' id='word_1_689' title='bbox 1811 3964 1926 4019; x_wconf 86' lang='lat' dir='ltr'><strong>Col.</strong></span> <span class='ocrx_word' id='word_1_690' title='bbox 1955 3980 2014 4030; x_wconf 88' lang='grc' dir='ltr'><strong>ιι,</strong></span> <span class='ocrx_word' id='word_1_691' title='bbox 2045 3964 2116 4018; x_wconf 81' lang='lat'><strong>25</strong></span> <span class='ocrx_word' id='word_1_692' title='bbox 2145 3965 2192 4019; x_wconf 85' lang='lat' dir='ltr'><strong>bi</strong></span> <span class='ocrx_word' id='word_1_693' title='bbox 2237 3969 2630 4022; x_wconf 82' lang='lat' dir='ltr'><strong>anabusnim</strong></span> <span class='ocrx_word' id='word_1_694' title='bbox 2668 3971 2770 4040; x_wconf 80' lang='lat' dir='ltr'><strong>jalt</strong></span> <span class='ocrx_word' id='word_1_695' title='bbox 2815 3971 3170 4027; x_wconf 78' lang='lat' dir='ltr'><strong>laiseinim</strong></span> <span class='ocrx_word' id='word_1_696' title='bbox 3219 3989 3406 4029; x_wconf 66' lang='lat' dir='ltr'><strong>manu:</strong></span> 
     </span>
    </p>
   </div>
   <div class='ocr_carea' id='block_1_92' title="bbox 1811 4054 3405 4135">
    <p class='ocr_par' dir='ltr' id='par_1_92' title="bbox 1811 4054 3405 4135">
     <span class='ocr_line' id='line_1_92' title="bbox 1811 4054 3405 4135; baseline 0.008 -26"><span class='ocrx_word' id='word_1_697' title='bbox 1811 4054 1981 4125; x_wconf 69' lang='grc' dir='ltr'><strong>Ι)υεὶ</strong></span> <span class='ocrx_word' id='word_1_698' title='bbox 2033 4058 2148 4110; x_wconf 82' lang='lat' dir='ltr'><strong>sind</strong></span> <span class='ocrx_word' id='word_1_699' title='bbox 2195 4057 2427 4129; x_wconf 71' lang='lat' dir='ltr'><strong>srepanh</strong></span> <span class='ocrx_word' id='word_1_700' title='bbox 2479 4061 2642 4113; x_wconf 81' lang='lat' dir='ltr'><strong>vanrd</strong></span> <span class='ocrx_word' id='word_1_701' title='bbox 2692 4060 2999 4117; x_wconf 78' lang='lat' dir='ltr'><strong>habandona</strong></span> <span class='ocrx_word' id='word_1_702' title='bbox 3046 4066 3405 4135; x_wconf 81' lang='lat' dir='ltr'><strong>lmndugeins;</strong></span> 
     </span>
    </p>
   </div>
   <div class='ocr_carea' id='block_1_93' title="bbox 1811 4147 3407 4227">
    <p class='ocr_par' dir='ltr' id='par_1_93' title="bbox 1811 4147 3407 4227">
     <span class='ocr_line' id='line_1_93' title="bbox 1811 4147 3407 4227; baseline 0.006 -24"><span class='ocrx_word' id='word_1_703' title='bbox 1811 4147 1938 4203; x_wconf 87' lang='lat' dir='ltr'><strong>Cor.</strong></span> <span class='ocrx_word' id='word_1_704' title='bbox 1974 4147 2021 4212; x_wconf 90' lang='grc' dir='ltr'>Ι,</span> <span class='ocrx_word' id='word_1_705' title='bbox 2051 4165 2170 4215; x_wconf 77' lang='lat' dir='ltr'><strong>xvr,</strong></span> <span class='ocrx_word' id='word_1_706' title='bbox 2207 4151 2272 4206; x_wconf 80' lang='grc'><strong>19</strong></span> <span class='ocrx_word' id='word_1_707' title='bbox 2305 4151 2484 4223; x_wconf 68' lang='lat' dir='ltr'><strong>galeip</strong></span> <span class='ocrx_word' id='word_1_708' title='bbox 2512 4153 2638 4208; x_wconf 78' lang='lat' dir='ltr'><strong>izvis</strong></span> <span class='ocrx_word' id='word_1_709' title='bbox 2670 4153 2893 4209; x_wconf 79' lang='lat' dir='ltr'><strong>akvila</strong></span> <span class='ocrx_word' id='word_1_710' title='bbox 2922 4157 3020 4226; x_wconf 80' lang='lat' dir='ltr'><strong>jult</strong></span> <span class='ocrx_word' id='word_1_711' title='bbox 3063 4157 3326 4227; x_wconf 62' lang='lat' dir='ltr'><strong>priska,’</strong></span> <span class='ocrx_word' id='word_1_712' title='bbox 3355 4170 3407 4213; x_wconf 88' lang='lat' dir='ltr'><strong>at</strong></span> 
     </span>
    </p>
   </div>
   <div class='ocr_carea' id='block_1_94' title="bbox 1812 4239 3422 4322">
    <p class='ocr_par' dir='ltr' id='par_1_94' title="bbox 1812 4239 3422 4322">
     <span class='ocr_line' id='line_1_94' title="bbox 1812 4239 3422 4322; baseline 0.007 -29"><span class='ocrx_word' id='word_1_713' title='bbox 1812 4239 2067 4312; x_wconf 70' lang='lat' dir='ltr'><strong>paimei</strong></span> <span class='ocrx_word' id='word_1_714' title='bbox 2089 4241 2187 4312; x_wconf 52' lang='grc' dir='ltr'><strong>,ὶαή</strong></span> <span class='ocrx_word' id='word_1_715' title='bbox 2226 4243 2399 4314; x_wconf 81' lang='lat' dir='ltr'><strong>salja;</strong></span> <span class='ocrx_word' id='word_1_716' title='bbox 2433 4242 2590 4297; x_wconf 89' lang='lat' dir='ltr'><strong>Rom.</strong></span> <span class='ocrx_word' id='word_1_717' title='bbox 2624 4260 2706 4308; x_wconf 70' lang='grc' dir='ltr'><strong>ιι,</strong></span> <span class='ocrx_word' id='word_1_718' title='bbox 2748 4244 2822 4299; x_wconf 81' lang='lat'><strong>2&#39;5</strong></span> <span class='ocrx_word' id='word_1_719' title='bbox 2855 4246 3152 4316; x_wconf 80' lang='lat' dir='ltr'><strong>gakannida</strong></span> <span class='ocrx_word' id='word_1_720' title='bbox 3178 4249 3290 4320; x_wconf 71' lang='lat' dir='ltr'><strong>gn];</strong></span> <span class='ocrx_word' id='word_1_721' title='bbox 3315 4253 3422 4322; x_wconf 81' lang='lat' dir='ltr'><strong>ga-‘</strong></span> 
     </span>
    </p>
   </div>
   <div class='ocr_carea' id='block_1_95' title="bbox 1814 4335 3407 4413">
    <p class='ocr_par' dir='ltr' id='par_1_95' title="bbox 1814 4335 3407 4413">
     <span class='ocr_line' id='line_1_95' title="bbox 1814 4335 3407 4413; baseline 0.004 -24"><span class='ocrx_word' id='word_1_722' title='bbox 1814 4337 1926 4391; x_wconf 79' lang='lat' dir='ltr'><strong>bein</strong></span> <span class='ocrx_word' id='word_1_723' title='bbox 1947 4335 2033 4389; x_wconf 70' lang='lat' dir='ltr'><strong>aut</strong></span> <span class='ocrx_word' id='word_1_724' title='bbox 2035 4335 2176 4406; x_wconf 81' lang='lat' dir='ltr'><strong>[mus</strong></span> <span class='ocrx_word' id='word_1_725' title='bbox 2196 4337 2348 4390; x_wconf 79' lang='lat' dir='ltr'><strong>seinis</strong></span> <span class='ocrx_word' id='word_1_726' title='bbox 2373 4337 2425 4390; x_wconf 77' lang='lat' dir='ltr'><strong>bi</strong></span> <span class='ocrx_word' id='word_1_727' title='bbox 2461 4335 2490 4390; x_wconf 83' lang='lat' dir='ltr'><strong><em>k</em></strong></span> <span class='ocrx_word' id='word_1_728' title='bbox 2503 4353 2534 4390; x_wconf 90' lang='lat' dir='ltr'><strong>a</strong></span> <span class='ocrx_word' id='word_1_729' title='bbox 2549 4354 2573 4390; x_wconf 73' lang='grc' dir='ltr'><strong>ι</strong></span> <span class='ocrx_word' id='word_1_730' title='bbox 2590 4355 2620 4391; x_wconf 84' lang='grc' dir='ltr'><strong>ιι</strong></span> <span class='ocrx_word' id='word_1_731' title='bbox 2635 4354 2685 4390; x_wconf 92' lang='lat' dir='ltr'><strong>m</strong></span> <span class='ocrx_word' id='word_1_732' title='bbox 2705 4342 2985 4404; x_wconf 84' lang='lat' dir='ltr'><strong>armaious,</strong></span> <span class='ocrx_word' id='word_1_733' title='bbox 3011 4337 3056 4411; x_wconf 75' lang='lat' dir='ltr'><strong>p</strong></span> <span class='ocrx_word' id='word_1_734' title='bbox 3071 4356 3100 4394; x_wconf 91' lang='grc' dir='ltr'><strong><em>ο</em></strong></span> <span class='ocrx_word' id='word_1_735' title='bbox 3113 4343 3170 4394; x_wconf 83' lang='lat' dir='ltr'><strong>ei</strong></span> <span class='ocrx_word' id='word_1_736' title='bbox 3202 4343 3373 4413; x_wconf 81' lang='lat' dir='ltr'><strong>(grain</strong></span> <span class='ocrx_word' id='word_1_737' title='bbox 3385 4368 3407 4383; x_wconf 83' lang='lat'><strong>-</strong></span> 
     </span>
    </p>
   </div>
   <div class='ocr_carea' id='block_1_96' title="bbox 1815 4428 3405 4506">
    <p class='ocr_par' dir='ltr' id='par_1_96' title="bbox 1815 4428 3405 4506">
     <span class='ocr_line' id='line_1_96' title="bbox 1815 4428 3405 4506; baseline 0.004 -22"><span class='ocrx_word' id='word_1_738' title='bbox 1815 4429 2008 4485; x_wconf 88' lang='lat' dir='ltr'><strong>matice</strong></span> <span class='ocrx_word' id='word_1_739' title='bbox 2028 4428 2280 4500; x_wconf 83' lang='lat' dir='ltr'><strong>relatum)</strong></span> <span class='ocrx_word' id='word_1_740' title='bbox 2311 4431 2776 4501; x_wconf 76' lang='lat' dir='ltr'><strong>fauragamanvida</strong></span> <span class='ocrx_word' id='word_1_741' title='bbox 2799 4433 2870 4486; x_wconf 82' lang='lat' dir='ltr'><strong>du</strong></span> <span class='ocrx_word' id='word_1_742' title='bbox 2901 4432 3121 4505; x_wconf 70' lang='lat' dir='ltr'><strong>vutpau,</strong></span> <span class='ocrx_word' id='word_1_743' title='bbox 3153 4433 3198 4506; x_wconf 69' lang='grc' dir='ltr'>[ι</span> <span class='ocrx_word' id='word_1_744' title='bbox 3213 4451 3244 4489; x_wconf 83' lang='lat' dir='ltr'><strong>a</strong></span> <span class='ocrx_word' id='word_1_745' title='bbox 3258 4451 3289 4489; x_wconf 82' lang='grc' dir='ltr'><em>η</em></span> <span class='ocrx_word' id='word_1_746' title='bbox 3303 4435 3405 4490; x_wconf 80' lang='lat' dir='ltr'><strong>zei</strong></span> 
     </span>
    </p>
   </div>
   <div class='ocr_carea' id='block_1_97' title="bbox 1819 4522 3408 4596">
    <p class='ocr_par' dir='ltr' id='par_1_97' title="bbox 1819 4522 3408 4596">
     <span class='ocr_line' id='line_1_97' title="bbox 1819 4522 3408 4596; baseline 0.004 -20"><span class='ocrx_word' id='word_1_747' title='bbox 1819 4523 1907 4593; x_wconf 84' lang='lat' dir='ltr'><strong>(ad</strong></span> <span class='ocrx_word' id='word_1_748' title='bbox 1935 4523 2174 4594; x_wconf 84' lang='lat' dir='ltr'><strong>synesim</strong></span> <span class='ocrx_word' id='word_1_749' title='bbox 2203 4522 2455 4594; x_wconf 83' lang='lat' dir='ltr'><strong>relatum)</strong></span> <span class='ocrx_word' id='word_1_750' title='bbox 2472 4526 2572 4595; x_wconf 83' lang='lat' dir='ltr'><strong>jah</strong></span> <span class='ocrx_word' id='word_1_751' title='bbox 2605 4523 2803 4596; x_wconf 69' lang='lat' dir='ltr'><strong>(apoda</strong></span> <span class='ocrx_word' id='word_1_752' title='bbox 2834 4542 2963 4593; x_wconf 84' lang='lat' dir='ltr'><strong>um;</strong></span> <span class='ocrx_word' id='word_1_753' title='bbox 2996 4525 3156 4582; x_wconf 84' lang='lat' dir='ltr'><strong>Skeir</strong></span> <span class='ocrx_word' id='word_1_754' title='bbox 3208 4526 3344 4594; x_wconf 84' lang='lat' dir='ltr'><strong>Vill,</strong></span> <span class='ocrx_word' id='word_1_755' title='bbox 3377 4541 3408 4583; x_wconf 91' lang='lat' dir='ltr'><strong>c</strong></span> 
     </span>
    </p>
   </div>
   <div class='ocr_carea' id='block_1_98' title="bbox 1813 4616 3407 4692">
    <p class='ocr_par' dir='ltr' id='par_1_98' title="bbox 1813 4616 3407 4692">
     <span class='ocr_line' id='line_1_98' title="bbox 1813 4616 3407 4692; baseline 0.003 -22"><span class='ocrx_word' id='word_1_756' title='bbox 1813 4631 1870 4672; x_wconf 81' lang='lat' dir='ltr'><strong>so</strong></span> <span class='ocrx_word' id='word_1_757' title='bbox 1898 4618 2210 4688; x_wconf 83' lang='lat' dir='ltr'><strong>managei</strong></span> <span class='ocrx_word' id='word_1_758' title='bbox 2250 4616 2443 4689; x_wconf 74' lang='lat' dir='ltr'><strong>[misi</strong></span> <span class='ocrx_word' id='word_1_759' title='bbox 2487 4618 2539 4672; x_wconf 83' lang='lat' dir='ltr'><strong>ni</strong></span> <span class='ocrx_word' id='word_1_760' title='bbox 2565 4617 2776 4673; x_wconf 69' lang='lat' dir='ltr'><strong>(cunmm</strong></span> <span class='ocrx_word' id='word_1_761' title='bbox 2801 4620 2976 4686; x_wconf 76' lang='lat' dir='ltr'><strong>vitod;</strong></span> <span class='ocrx_word' id='word_1_762' title='bbox 3004 4620 3199 4677; x_wconf 85' lang='lat' dir='ltr'><strong>Thess.</strong></span> <span class='ocrx_word' id='word_1_763' title='bbox 3231 4623 3294 4689; x_wconf 92' lang='lat' dir='ltr'><strong>li,</strong></span> <span class='ocrx_word' id='word_1_764' title='bbox 3325 4637 3407 4692; x_wconf 84' lang='grc' dir='ltr'>ιιι,</span> 
     </span>
    </p>
   </div>
   <div class='ocr_carea' id='block_1_99' title="bbox 1819 4711 3407 4786">
    <p class='ocr_par' dir='ltr' id='par_1_99' title="bbox 1819 4711 3407 4786">
     <span class='ocr_line' id='line_1_99' title="bbox 1819 4711 3407 4786; baseline 0.004 -22"><span class='ocrx_word' id='word_1_765' title='bbox 1819 4712 1880 4764; x_wconf 86' lang='grc'><strong>17</strong></span> <span class='ocrx_word' id='word_1_766' title='bbox 1905 4727 1960 4764; x_wconf 79' lang='lat' dir='ltr'><strong>ro</strong></span> <span class='ocrx_word' id='word_1_767' title='bbox 1979 4711 2174 4782; x_wconf 77' lang='lat' dir='ltr'><strong>goleins</strong></span> <span class='ocrx_word' id='word_1_768' title='bbox 2197 4712 2392 4766; x_wconf 75' lang='lat' dir='ltr'><strong>meinai</strong></span> <span class='ocrx_word' id='word_1_769' title='bbox 2409 4711 2642 4779; x_wconf 79' lang='lat' dir='ltr'><strong>handau,</strong></span> <span class='ocrx_word' id='word_1_770' title='bbox 2668 4711 2711 4784; x_wconf 68' lang='grc' dir='ltr'>[ι</span> <span class='ocrx_word' id='word_1_771' title='bbox 2730 4721 2790 4767; x_wconf 85' lang='lat' dir='ltr'><strong>at</strong></span> <span class='ocrx_word' id='word_1_772' title='bbox 2810 4715 2871 4768; x_wconf 81' lang='lat' dir='ltr'><strong>ei</strong></span> <span class='ocrx_word' id='word_1_773' title='bbox 2895 4714 3126 4786; x_wconf 86' lang='lat' dir='ltr'><strong>(scilicet</strong></span> <span class='ocrx_word' id='word_1_774' title='bbox 3156 4716 3407 4770; x_wconf 89' lang='lat' dir='ltr'><strong>salutatio</strong></span> 
     </span>
    </p>
   </div>
   <div class='ocr_carea' id='block_1_100' title="bbox 1815 4803 3406 4879">
    <p class='ocr_par' dir='ltr' id='par_1_100' title="bbox 1815 4803 3406 4879">
     <span class='ocr_line' id='line_1_100' title="bbox 1815 4803 3406 4879; baseline 0.003 -23"><span class='ocrx_word' id='word_1_775' title='bbox 1815 4817 1932 4857; x_wconf 86' lang='lat' dir='ltr'><strong>mea</strong></span> <span class='ocrx_word' id='word_1_776' title='bbox 1961 4818 2122 4858; x_wconf 89' lang='lat' dir='ltr'><strong>manu</strong></span> <span class='ocrx_word' id='word_1_777' title='bbox 2155 4803 2322 4866; x_wconf 83' lang='lat' dir='ltr'><strong>Pauli,</strong></span> <span class='ocrx_word' id='word_1_778' title='bbox 2349 4804 2472 4876; x_wconf 87' lang='lat' dir='ltr'><strong>qui)</strong></span> <span class='ocrx_word' id='word_1_779' title='bbox 2501 4806 2567 4859; x_wconf 80' lang='lat' dir='ltr'><strong>ist</strong></span> <span class='ocrx_word' id='word_1_780' title='bbox 2599 4804 2798 4860; x_wconf 77' lang='lat' dir='ltr'><strong>bandvo</strong></span> <span class='ocrx_word' id='word_1_781' title='bbox 2820 4823 2920 4862; x_wconf 86' lang='lat' dir='ltr'><strong>ana</strong></span> <span class='ocrx_word' id='word_1_782' title='bbox 2941 4806 3125 4861; x_wconf 80' lang='lat' dir='ltr'><strong>altaim</strong></span> <span class='ocrx_word' id='word_1_783' title='bbox 3155 4809 3406 4879; x_wconf 80' lang='lat' dir='ltr'><strong>aipistau-</strong></span> 
     </span>
    </p>
   </div>
   <div class='ocr_carea' id='block_1_101' title="bbox 1817 4893 3405 4972">
    <p class='ocr_par' dir='ltr' id='par_1_101' title="bbox 1817 4893 3405 4972">
     <span class='ocr_line' id='line_1_101' title="bbox 1817 4893 3405 4972; baseline 0.004 -24"><span class='ocrx_word' id='word_1_784' title='bbox 1817 4893 1937 4949; x_wconf 84' lang='lat' dir='ltr'><strong>leim</strong></span> <span class='ocrx_word' id='word_1_785' title='bbox 1965 4897 2234 4963; x_wconf 84' lang='lat' dir='ltr'><strong>meinaim;</strong></span> <span class='ocrx_word' id='word_1_786' title='bbox 2269 4897 2399 4953; x_wconf 93' lang='lat' dir='ltr'><strong>Luc.</strong></span> <span class='ocrx_word' id='word_1_787' title='bbox 2436 4915 2492 4966; x_wconf 90' lang='lat' dir='ltr'><strong>v,</strong></span> <span class='ocrx_word' id='word_1_788' title='bbox 2516 4898 2758 4971; x_wconf 72' lang='lat' dir='ltr'><strong>5galaip</strong></span> <span class='ocrx_word' id='word_1_789' title='bbox 2789 4903 2845 4955; x_wconf 85' lang='lat' dir='ltr'><strong>in</strong></span> <span class='ocrx_word' id='word_1_790' title='bbox 2882 4901 2988 4954; x_wconf 80' lang='lat' dir='ltr'><strong>ain</strong></span> <span class='ocrx_word' id='word_1_791' title='bbox 3015 4901 3173 4972; x_wconf 72' lang='lat' dir='ltr'><strong>pize</strong></span> <span class='ocrx_word' id='word_1_792' title='bbox 3207 4901 3405 4972; x_wconf 82' lang='lat' dir='ltr'><strong>skipe,</strong></span> 
     </span>
    </p>
   </div>
   <div class='ocr_carea' id='block_1_102' title="bbox 1815 4988 3410 5062">
    <p class='ocr_par' dir='ltr' id='par_1_102' title="bbox 1815 4988 3410 5062">
     <span class='ocr_line' id='line_1_102' title="bbox 1815 4988 3410 5062; baseline 0.001 -19"><span class='ocrx_word' id='word_1_793' title='bbox 1815 4988 2003 5062; x_wconf 67' lang='lat' dir='ltr'><strong>putei</strong></span> <span class='ocrx_word' id='word_1_794' title='bbox 2036 4990 2234 5062; x_wconf 77' lang='grc' dir='ltr'><strong>(πλοῖον</strong></span> <span class='ocrx_word' id='word_1_795' title='bbox 2273 4990 2324 5062; x_wconf 82' lang='grc' dir='ltr'><strong>ὅ)</strong></span> <span class='ocrx_word' id='word_1_796' title='bbox 2350 5007 2440 5045; x_wconf 77' lang='lat' dir='ltr'><strong>vas</strong></span> <span class='ocrx_word' id='word_1_797' title='bbox 2475 4992 2746 5056; x_wconf 82' lang='lat' dir='ltr'><strong>seimonis;</strong></span> <span class='ocrx_word' id='word_1_798' title='bbox 2783 5006 2866 5057; x_wconf 78' lang='lat' dir='ltr'><strong>Ix,</strong></span> <span class='ocrx_word' id='word_1_799' title='bbox 2901 4992 2973 5049; x_wconf 77' lang='lat'><strong>50</strong></span> <span class='ocrx_word' id='word_1_800' title='bbox 3007 4993 3061 5045; x_wconf 84' lang='lat' dir='ltr'><strong>ni</strong></span> <span class='ocrx_word' id='word_1_801' title='bbox 3093 4990 3311 5045; x_wconf 81' lang='lat' dir='ltr'><strong>ainslmn</strong></span> <span class='ocrx_word' id='word_1_802' title='bbox 3342 4994 3410 5045; x_wconf 77' lang='lat' dir='ltr'><strong>ist</strong></span> 
     </span>
    </p>
   </div>
   <div class='ocr_carea' id='block_1_103' title="bbox 1813 5080 3048 5154">
    <p class='ocr_par' dir='ltr' id='par_1_103' title="bbox 1813 5080 3048 5154">
     <span class='ocr_line' id='line_1_103' title="bbox 1813 5080 3048 5154; baseline 0.001 -20"><span class='ocrx_word' id='word_1_803' title='bbox 1813 5096 2052 5150; x_wconf 70' lang='lat' dir='ltr'><strong>manna,</strong></span> <span class='ocrx_word' id='word_1_804' title='bbox 2091 5083 2230 5135; x_wconf 74' lang='grc' dir='ltr'><strong>εςαεί</strong></span> <span class='ocrx_word' id='word_1_805' title='bbox 2262 5081 2282 5152; x_wconf 94' lang='grc'>(</span> <span class='ocrx_word' id='word_1_806' title='bbox 2313 5081 2471 5154; x_wconf 80' lang='lat' dir='ltr'><strong>Vulg.</strong></span> <span class='ocrx_word' id='word_1_807' title='bbox 2503 5097 2663 5137; x_wconf 89' lang='lat' dir='ltr'><strong>nemo</strong></span> <span class='ocrx_word' id='word_1_808' title='bbox 2693 5089 2775 5136; x_wconf 92' lang='lat' dir='ltr'><strong>est</strong></span> <span class='ocrx_word' id='word_1_809' title='bbox 2803 5080 2918 5153; x_wconf 92' lang='lat' dir='ltr'><strong>qui)</strong></span> <span class='ocrx_word' id='word_1_810' title='bbox 2941 5089 3048 5136; x_wconf 88' lang='lat' dir='ltr'><strong>etc.</strong></span> 
     </span>
    </p>
   </div>
   <div class='ocr_carea' id='block_1_104' title="bbox 1892 5193 3408 5266">
    <p class='ocr_par' dir='ltr' id='par_1_104' title="bbox 1892 5193 3408 5266">
     <span class='ocr_line' id='line_1_104' title="bbox 1892 5193 3408 5266; baseline 0 -18"><span class='ocrx_word' id='word_1_811' title='bbox 1892 5215 1911 5248; x_wconf 84' lang='grc'><strong><em>‹</em></strong></span> <span class='ocrx_word' id='word_1_812' title='bbox 1942 5196 2231 5252; x_wconf 80' lang='lat' dir='ltr'><strong>Annotatio</strong></span> <span class='ocrx_word' id='word_1_813' title='bbox 2262 5197 2315 5251; x_wconf 86' lang='grc'><strong>1.</strong></span> <span class='ocrx_word' id='word_1_814' title='bbox 2342 5227 2410 5237; x_wconf 94' lang='grc'><strong>--</strong></span> <span class='ocrx_word' id='word_1_815' title='bbox 2445 5195 2747 5266; x_wconf 82' lang='lat' dir='ltr'><strong>Aliquando</strong></span> <span class='ocrx_word' id='word_1_816' title='bbox 2782 5193 3066 5250; x_wconf 87' lang='lat' dir='ltr'><strong>relativum</strong></span> <span class='ocrx_word' id='word_1_817' title='bbox 3105 5208 3210 5248; x_wconf 93' lang='lat' dir='ltr'><strong>non</strong></span> <span class='ocrx_word' id='word_1_818' title='bbox 3253 5193 3408 5265; x_wconf 56' lang='lat' dir='ltr'><strong>equi.</strong></span> 
     </span>
    </p>
   </div>
   <div class='ocr_carea' id='block_1_105' title="bbox 1815 5287 3408 5359">
    <p class='ocr_par' dir='ltr' id='par_1_105' title="bbox 1815 5287 3408 5359">
     <span class='ocr_line' id='line_1_105' title="bbox 1815 5287 3408 5359; baseline -0.003 -14"><span class='ocrx_word' id='word_1_819' title='bbox 1815 5287 1939 5345; x_wconf 87' lang='lat' dir='ltr'><strong>dem</strong></span> <span class='ocrx_word' id='word_1_820' title='bbox 1971 5290 2329 5357; x_wconf 87' lang='lat' dir='ltr'><strong>substantivo,</strong></span> <span class='ocrx_word' id='word_1_821' title='bbox 2353 5290 2418 5344; x_wconf 89' lang='lat' dir='ltr'><strong>ad</strong></span> <span class='ocrx_word' id='word_1_822' title='bbox 2446 5289 2586 5359; x_wconf 87' lang='lat' dir='ltr'><strong>quod</strong></span> <span class='ocrx_word' id='word_1_823' title='bbox 2613 5288 2866 5352; x_wconf 78' lang='lat' dir='ltr'><strong>refertur,</strong></span> <span class='ocrx_word' id='word_1_824' title='bbox 2895 5289 2989 5343; x_wconf 91' lang='lat' dir='ltr'><strong>sed</strong></span> <span class='ocrx_word' id='word_1_825' title='bbox 3016 5287 3304 5358; x_wconf 64' lang='lat' dir='ltr'><strong>prmdicato</strong></span> <span class='ocrx_word' id='word_1_826' title='bbox 3325 5302 3408 5341; x_wconf 89' lang='lat' dir='ltr'><strong>re-</strong></span> 
     </span>
    </p>
   </div>
   <div class='ocr_carea' id='block_1_106' title="bbox 1817 5375 3408 5451">
    <p class='ocr_par' dir='ltr' id='par_1_106' title="bbox 1817 5375 3408 5451">
     <span class='ocr_line' id='line_1_106' title="bbox 1817 5375 3408 5451; baseline -0.004 -14"><span class='ocrx_word' id='word_1_827' title='bbox 1817 5382 1994 5437; x_wconf 64' lang='lat' dir='ltr'><strong>lative:</strong></span> <span class='ocrx_word' id='word_1_828' title='bbox 2019 5381 2301 5437; x_wconf 69' lang='lat' dir='ltr'><strong>sententiae</strong></span> <span class='ocrx_word' id='word_1_829' title='bbox 2333 5382 2387 5436; x_wconf 93' lang='lat' dir='ltr'><strong>in</strong></span> <span class='ocrx_word' id='word_1_830' title='bbox 2413 5396 2614 5451; x_wconf 83' lang='lat' dir='ltr'><strong>genere</strong></span> <span class='ocrx_word' id='word_1_831' title='bbox 2645 5380 2892 5450; x_wconf 76' lang='lat' dir='ltr'><strong>congruit</strong></span> <span class='ocrx_word' id='word_1_832' title='bbox 2918 5397 2931 5433; x_wconf 88' lang='lat'><strong>:</strong></span> <span class='ocrx_word' id='word_1_833' title='bbox 2967 5379 3064 5435; x_wconf 81' lang='lat' dir='ltr'><strong>Mc.</strong></span> <span class='ocrx_word' id='word_1_834' title='bbox 3102 5393 3194 5444; x_wconf 90' lang='lat' dir='ltr'><strong>xv,</strong></span> <span class='ocrx_word' id='word_1_835' title='bbox 3227 5375 3298 5430; x_wconf 63' lang='lat'><strong>42</strong></span> <span class='ocrx_word' id='word_1_836' title='bbox 3321 5392 3408 5431; x_wconf 84' lang='lat' dir='ltr'><strong>vas</strong></span> 
     </span>
    </p>
   </div>
   <div class='ocr_carea' id='block_1_107' title="bbox 1815 5467 3408 5546">
    <p class='ocr_par' dir='ltr' id='par_1_107' title="bbox 1815 5467 3408 5546">
     <span class='ocr_line' id='line_1_107' title="bbox 1815 5467 3408 5546; baseline -0.003 -18"><span class='ocrx_word' id='word_1_837' title='bbox 1815 5473 2242 5546; x_wconf 80' lang='lat' dir='ltr'><strong>paraskaiue,</strong></span> <span class='ocrx_word' id='word_1_838' title='bbox 2275 5475 2408 5529; x_wconf 82' lang='lat' dir='ltr'><strong>saei</strong></span> <span class='ocrx_word' id='word_1_839' title='bbox 2433 5477 2499 5529; x_wconf 83' lang='lat' dir='ltr'><strong>ist</strong></span> <span class='ocrx_word' id='word_1_840' title='bbox 2521 5474 2695 5546; x_wconf 77' lang='lat' dir='ltr'><strong>[ruma</strong></span> <span class='ocrx_word' id='word_1_841' title='bbox 2725 5473 2954 5545; x_wconf 85' lang='lat' dir='ltr'><strong>(scilicet</strong></span> <span class='ocrx_word' id='word_1_842' title='bbox 2973 5469 3155 5545; x_wconf 84' lang='lat' dir='ltr'><strong>dags)</strong></span> <span class='ocrx_word' id='word_1_843' title='bbox 3176 5467 3408 5535; x_wconf 80' lang='lat' dir='ltr'><strong>sabbato;</strong></span> 
     </span>
    </p>
   </div>
   <div class='ocr_carea' id='block_1_108' title="bbox 1816 5565 3410 5641">
    <p class='ocr_par' dir='ltr' id='par_1_108' title="bbox 1816 5565 3410 5641">
     <span class='ocr_line' id='line_1_108' title="bbox 1816 5565 3410 5641; baseline -0.001 -18"><span class='ocrx_word' id='word_1_844' title='bbox 1816 5569 1952 5638; x_wconf 87' lang='lat' dir='ltr'><strong>Eph.</strong></span> <span class='ocrx_word' id='word_1_845' title='bbox 1979 5585 2054 5634; x_wconf 71' lang='grc' dir='ltr'>γι,</span> <span class='ocrx_word' id='word_1_846' title='bbox 2079 5567 2152 5624; x_wconf 85' lang='grc'><strong>-17</strong></span> <span class='ocrx_word' id='word_1_847' title='bbox 2183 5569 2386 5641; x_wconf 70' lang='lat' dir='ltr'><strong>nimail)</strong></span> <span class='ocrx_word' id='word_1_848' title='bbox 2412 5567 2577 5622; x_wconf 84' lang='lat' dir='ltr'><strong>meki</strong></span> <span class='ocrx_word' id='word_1_849' title='bbox 2615 5567 2839 5636; x_wconf 82' lang='lat' dir='ltr'><strong>ahmins,</strong></span> <span class='ocrx_word' id='word_1_850' title='bbox 2871 5565 3064 5638; x_wconf 68' lang='lat' dir='ltr'><strong>putei</strong></span> <span class='ocrx_word' id='word_1_851' title='bbox 3103 5567 3170 5621; x_wconf 78' lang='lat' dir='ltr'><strong>ist</strong></span> <span class='ocrx_word' id='word_1_852' title='bbox 3204 5567 3410 5621; x_wconf 82' lang='lat' dir='ltr'><strong>uaurd</strong></span> 
     </span>
    </p>
   </div>
   <div class='ocr_carea' id='block_1_109' title="bbox 1812 5657 3408 5732">
    <p class='ocr_par' dir='ltr' id='par_1_109' title="bbox 1812 5657 3408 5732">
     <span class='ocr_line' id='line_1_109' title="bbox 1812 5657 3408 5732; baseline -0.001 -18"><span class='ocrx_word' id='word_1_853' title='bbox 1812 5659 1976 5732; x_wconf 72' lang='lat' dir='ltr'><strong>gups.</strong></span> <span class='ocrx_word' id='word_1_854' title='bbox 2013 5661 2265 5728; x_wconf 87' lang='lat' dir='ltr'><strong>Quamvis</strong></span> <span class='ocrx_word' id='word_1_855' title='bbox 2301 5660 2506 5716; x_wconf 90' lang='lat' dir='ltr'><strong>Gothus</strong></span> <span class='ocrx_word' id='word_1_856' title='bbox 2539 5659 2692 5715; x_wconf 85' lang='lat' dir='ltr'><strong>Joan.</strong></span> <span class='ocrx_word' id='word_1_857' title='bbox 2731 5676 2823 5724; x_wconf 82' lang='lat' dir='ltr'><strong>xv,</strong></span> <span class='ocrx_word' id='word_1_858' title='bbox 2867 5658 2937 5714; x_wconf 87' lang='lat'><strong>26</strong></span> <span class='ocrx_word' id='word_1_859' title='bbox 2967 5657 3081 5730; x_wconf 75' lang='lat' dir='ltr'><strong>pan</strong></span> <span class='ocrx_word' id='word_1_860' title='bbox 3107 5657 3276 5730; x_wconf 77' lang='lat' dir='ltr'><strong>qimip</strong></span> <span class='ocrx_word' id='word_1_861' title='bbox 3305 5674 3408 5729; x_wconf 79' lang='lat' dir='ltr'><strong>pa-</strong></span> 
     </span>
    </p>
   </div>
   <div class='ocr_carea' id='block_1_110' title="bbox 1809 5754 3406 5828">
    <p class='ocr_par' dir='ltr' id='par_1_110' title="bbox 1809 5754 3406 5828">
     <span class='ocr_line' id='line_1_110' title="bbox 1809 5754 3406 5828; baseline -0.004 -16"><span class='ocrx_word' id='word_1_862' title='bbox 1809 5757 2154 5823; x_wconf 79' lang='lat' dir='ltr'><strong>rakletus,</strong></span> <span class='ocrx_word' id='word_1_863' title='bbox 2202 5755 2420 5828; x_wconf 70' lang='lat' dir='ltr'><strong>pauci</strong></span> <span class='ocrx_word' id='word_1_864' title='bbox 2465 5755 2517 5808; x_wconf 79' lang='lat' dir='ltr'><strong>ik</strong></span> <span class='ocrx_word' id='word_1_865' title='bbox 2560 5754 2747 5826; x_wconf 76' lang='lat' dir='ltr'><strong>sandja</strong></span> <span class='ocrx_word' id='word_1_866' title='bbox 2783 5756 2945 5820; x_wconf 80' lang='lat' dir='ltr'><strong>izvis,</strong></span> <span class='ocrx_word' id='word_1_867' title='bbox 3000 5758 3234 5808; x_wconf 82' lang='lat' dir='ltr'><strong>ahman</strong></span> <span class='ocrx_word' id='word_1_868' title='bbox 3281 5769 3406 5805; x_wconf 76' lang='lat' dir='ltr'><strong>sun-</strong></span> 
     </span>
    </p>
   </div>
   <div class='ocr_carea' id='block_1_111' title="bbox 79 5837 3400 5936">
    <p class='ocr_par' dir='ltr' id='par_1_111' title="bbox 79 5837 3400 5936">
     <span class='ocr_line' id='line_1_111' title="bbox 79 5837 3400 5936; baseline -0.002 -31"><span class='ocrx_word' id='word_1_869' title='bbox 79 5857 201 5905; x_wconf 71' lang='lat' dir='ltr'><strong>XII.</strong></span> <span class='ocrx_word' id='word_1_870' title='bbox 225 5841 303 5896; x_wconf 64' lang='lat'><strong>9-0</strong></span> <span class='ocrx_word' id='word_1_871' title='bbox 331 5842 530 5915; x_wconf 61' lang='lat' dir='ltr'><strong>inpia»:</strong></span> <span class='ocrx_word' id='word_1_872' title='bbox 567 5845 990 5916; x_wconf 73' lang='lat' dir='ltr'><strong>gavalidane,</strong></span> <span class='ocrx_word' id='word_1_873' title='bbox 1022 5843 1198 5917; x_wconf 68' lang='lat' dir='ltr'><strong>15am</strong></span> <span class='ocrx_word' id='word_1_874' title='bbox 1217 5846 1269 5899; x_wconf 74' lang='lat' dir='ltr'><strong>ei</strong></span> <span class='ocrx_word' id='word_1_875' title='bbox 1308 5837 1573 5917; x_wconf 61' lang='lat' dir='ltr'><strong>gavit/ida.</strong></span> <span class='ocrx_word' id='word_1_876' title='bbox 1601 5862 1694 5915; x_wconf 73' lang='grc' dir='ltr'><strong>θα·-</strong></span> <span class='ocrx_word' id='word_1_877' title='bbox 1769 5849 2714 5936; x_wconf 67' lang='lat' dir='ltr'><strong>.jar,etc.,correcteinterpretatus</strong></span> <span class='ocrx_word' id='word_1_878' title='bbox 2733 5844 3400 5913; x_wconf 79' lang='lat' dir='ltr'><strong>fuerit,attamendubium</strong></span> 
     </span>
    </p>
   </div>
   <div class='ocr_carea' id='block_1_112' title="bbox 79 5938 3400 6016">
    <p class='ocr_par' dir='ltr' id='par_1_112' title="bbox 79 5938 3400 6016">
     <span class='ocr_line' id='line_1_112' title="bbox 79 5938 3400 6016; baseline -0.006 -4"><span class='ocrx_word' id='word_1_879' title='bbox 79 5940 387 6011; x_wconf 70' lang='lat' dir='ltr'><strong>maurgida</strong></span> <span class='ocrx_word' id='word_1_880' title='bbox 429 5938 571 6013; x_wconf 70' lang='grc' dir='ltr'><strong>Ραηδ</strong></span> <span class='ocrx_word' id='word_1_881' title='bbox 613 5943 836 6014; x_wconf 52' lang='lat' dir='ltr'><strong>desunt;</strong></span> <span class='ocrx_word' id='word_1_882' title='bbox 869 5959 972 6014; x_wconf 78' lang='lat' dir='ltr'><strong>VII,</strong></span> <span class='ocrx_word' id='word_1_883' title='bbox 1004 5945 1071 6002; x_wconf 79' lang='grc'><strong>15</strong></span> <span class='ocrx_word' id='word_1_884' title='bbox 1107 5947 1159 5999; x_wconf 80' lang='lat' dir='ltr'><strong>ni</strong></span> <span class='ocrx_word' id='word_1_885' title='bbox 1204 5941 1492 6016; x_wconf 66' lang='lat' dir='ltr'><strong>blaupjaip</strong></span> <span class='ocrx_word' id='word_1_886' title='bbox 1529 5945 1695 5998; x_wconf 84' lang='lat' dir='ltr'><strong>vaurd</strong></span> <span class='ocrx_word' id='word_1_887' title='bbox 1803 5957 1907 6014; x_wconf 90' lang='lat' dir='ltr'><strong>est,</strong></span> <span class='ocrx_word' id='word_1_888' title='bbox 1939 5963 2008 6004; x_wconf 84' lang='lat' dir='ltr'><strong>an</strong></span> <span class='ocrx_word' id='word_1_889' title='bbox 2047 5948 2236 6002; x_wconf 78' lang='lat' dir='ltr'><strong>ahman</strong></span> <span class='ocrx_word' id='word_1_890' title='bbox 2267 5953 2322 6002; x_wconf 90' lang='lat' dir='ltr'><strong>ut</strong></span> <span class='ocrx_word' id='word_1_891' title='bbox 2351 5947 2744 6014; x_wconf 74' lang='lat' dir='ltr'><strong>appositiunem</strong></span> <span class='ocrx_word' id='word_1_892' title='bbox 2776 5941 2842 5997; x_wconf 87' lang='lat' dir='ltr'><strong>ad</strong></span> <span class='ocrx_word' id='word_1_893' title='bbox 2873 5942 3155 5997; x_wconf 85' lang='lat' dir='ltr'><strong>relativam</strong></span> <span class='ocrx_word' id='word_1_894' title='bbox 3185 5945 3400 5995; x_wconf 82' lang='lat' dir='ltr'><strong>senten-</strong></span> 
     </span>
    </p>
   </div>
  </div>
