3816 6530
524 456 660 512 1205

520 587 660 639 μενοι
689 562 767 622 ὅτι
794 566 914 622 δαιτὶ
953 563 1196 622 ἔτι-ιστολή
1235 566 1459 637 Χριστοῦ
1483 597 1500 624 ,
1530 558 1657 613 dum
1705 556 1925 612 evidens
1967 563 2051 611 est
2073 595 2090 621 ,

521 658 664 727 quod
721 656 852 712 estis
875 686 946 696 —
969 696 984 721 ,
1033 654 1246 728 gothice
1292 653 1518 707 venitur
1555 663 1708 705 more
1745 647 2052 719 germanico
2075 687 2092 712 ,

1585 441 2036 503 GRAHIIATICA
2070 434 2388 500 GOTHiCE
2425 431 2725 491 LlNGUE.

2197 551 2406 627 gibais
2453 548 2643 603 haubid
2670 545 2946 609 iohannis;
2994 559 3064 610 ιι,
3101 544 3172 599 50
3210 544 3262 598 ni
3294 543 3495 608 vittis,
3536 547 3650 600 rice

2200 639 2725 707 vissedi;‘Joan.
2781 651 2862 700 ιιι,
2913 637 2976 690 3i
3029 632 3293 707 θεοειίρ
3344 635 3407 688 de
3440 634 3651 699 Μαίη,ιὶ

3560 429 3644 485 Mi

521 725 828 824 s—uikunp
874 725 1037 820 patri.
1073 744 1225 819 εἰ]υρ
1275 742 1549 816 aipistartle
1593 741 1858 808 xristaus,
1911 739 2097 794 codice
2201 733 2460 809 greitai
2494 728 3142 824 jainar;Ai9Agoq_er-nun
3263 725 3651 824 merpenjahmr-

521 853 702 899 tamen
741 842 790 898 Δ
829 837 1195 910 ευίιίυηραί
1238 836 1389 908 putei
1417 832 1598 908 sijuﬁ,
1641 833 1934 889 secundum
1965 845 2099 902 gra-

523 953 646 993 cum
686 937 922 1008 legente.
965 933 1092 988 Hac
1129 940 1308 986 autem
1362 928 1610 984 attractio
1656 925 1986 998 frequentior
2015 933 2101 980 est

525 1044 625 1100 pro
652 1027 814 1086 δοκεῖν
845 1025 1140 1094 reddendo,
1169 1032 1228 1078 ut
1253 1021 1380 1078 Cor.
1413 1022 1432 1077 Ι
1474 1021 1761 1093 subscript.
1794 1021 1866 1075 du
1891 1019 2102 1074 [taurin-

527 1120 681 1196 pium
725 1119 914 1192 [τανιιεὶ
957 1113 1276 1191 ῥυςιιεὶῥ
1329 1113 1583 1184 ηιειξίάα
1637 1113 1827 1167 visan
1875 1129 1934 1167 us
1973 1111 2103 1170 asisi

529 1229 628 1284 pro
658 1211 889 1279 videtur,
906 1208 1050 1280 quod
1073 1208 1218 1278 prior
1249 1207 1314 1262 ad
1340 1205 1648 1261 Corinthios
1669 1221 1733 1261 ex
1757 1204 1881 1260 Asia
1907 1205 2107 1274 scripta

529 1307 692 1366 inerit
718 1304 889 1378 (prior
912 1302 979 1358 ad
999 1301 1309 1359 Corinthios
1328 1299 1524 1369 scripta
1547 1296 1714 1352 fuisse
1729 1297 1939 1353 videtur
1951 1297 2104 1368 etc.),

530 1399 662 1457 item
690 1397 818 1454 Cor.
866 1396 933 1463 Il,
966 1411 1024 1461 x,
1052 1393 1120 1460 9;
1162 1392 1281 1450 Gal.
1329 1407 1391 1458 ιι,
1435 1389 1504 1457 9;
1536 1389 1708 1447 Skeir.
1749 1389 1792 1455 l,
1821 1403 1881 1457 c;
1916 1387 2007 1456 IV,
2036 1404 2106 1454 c;

525 1489 624 1560 Vl,
655 1505 709 1558 ι,
735 1489 860 1546 dum
894 1487 980 1542 hic
1007 1500 1153 1558 sape
1173 1482 1558 1554 impersonale,
1582 1480 1797 1536 videtur
1825 1477 1980 1546 mihi,
2012 1493 2110 1549 pro

532 1589 746 1652 videor,
775 1583 1064 1642 adhibetur
1114 1581 1218 1655 (ut
1244 1580 1376 1635 Mth.
1425 1593 1501 1647 vr,
1534 1577 1604 1642 7;
1655 1575 1786 1631 Luc.
1841 1590 1959 1642 ιιι,
2011 1573 2108 1641 ii,

532 1679 659 1740 Cor.
687 1681 755 1748 il,
791 1694 866 1735 ιιι
887 1721 902 1746 ,
949 1677 1050 1744 19;
1089 1673 1210 1732 Gal.
1239 1689 1316 1742 ιι,
1343 1671 1416 1744 2)
1443 1714 1457 1737 ,
1493 1669 1637 1742 quod
1667 1679 1847 1725 tamen
1876 1668 1980 1724 huc
2005 1681 2112 1723 non

533 1773 785 1846 pertinet.
827 1769 922 1826 Sic
947 1769 1109 1823 etiam
1147 1764 1281 1821 Luc.
1327 1777 1409 1831 ιιι,
1437 1762 1510 1817 25
1535 1763 1670 1816 svaei
1698 1776 1860 1815 sunus
1888 1758 2072 1814 mund
2093 1774 2118 1812 s

535 1879 643 1916 vas
684 1861 855 1930 ioseﬁs
884 1873 951 1914 ex
981 1857 1128 1912 fonte
1163 1855 1328 1910 latino
1351 1852 1432 1925 (ut
1457 1859 1674 1924 putatus
1703 1850 1812 1919 est)
1855 1849 2118 1904 redditur.

538 1953 772 2009 Econtra
804 1952 920 2004 hac
954 1947 1291 2004 attractionis
1333 1943 1542 2014 species
1605 1942 1924 2012 regulariter
1963 1955 2122 1995 usur-

539 2055 692 2127 patur
719 2052 775 2097 ut
797 2042 997 2112 lingua
1015 2038 1245 2110 gothica
1272 2035 1579 2114 idiotismus
1606 2048 1730 2090 cum
1765 2031 1944 2087 skutds
1976 2032 2121 2086 oisan

489 2152 492 2155 ·
539 2124 595 2192 et
624 2134 790 2189 malm
828 2134 1008 2200 oisan,
1039 2132 1112 2186 ita
1141 2139 1198 2184 ut
1230 2143 1326 2199 pro
1373 2134 1588 2198 oportet
1613 2134 1674 2182 ut
1697 2139 1820 2197 ego,
1865 2124 2120 2195 possibile

539 2234 643 2290 est,
679 2232 736 2278 ut
783 2232 841 2278 tu
888 2230 1021 2291 etc.,
1070 2220 1508 2292 dicatur:cogor
1539 2218 1697 2276 ad—
1725 2259 1742 2287 ,
1801 2226 1958 2290 potes
1986 2225 2118 2284 etc.,

540 2315 652 2375 vid.
685 2313 714 2390 ι
747 2315 876 2390 176,
903 2319 1090 2373 annot.
1119 2313 1155 2367 4
1184 2311 1263 2384 d).
1301 2331 1321 2364 ι

910 2435 959 2484 2.
996 2428 1342 2488 OBJECTIVA
1371 2426 1748 2486 SENTENTIA.

618 2539 796 2615 §267.
826 2539 1068 2608 Quatuor
1092 2538 1376 2610 objectiva
1412 2537 1894 2595 determinationes
1917 2529 2125 2610 simplie

544 2635 624 2691 cis
669 2633 952 2691 sententia
991 2647 1088 2704 per
1135 2632 1430 2688 sententias
1472 2631 1714 2702 proprias
1759 2629 2124 2701 principaliter

545 2725 1062 2785 circumibantur
1091 2742 1106 2778 :
1135 2725 1342 2782 scilicet
1363 2724 1637 2796 proprium
1662 2722 1958 2795 obiectum,
1981 2721 2125 2793 quod

543 2817 760 2876 casibus
784 2817 1018 2890 obliquis
1063 2817 1422 2892 exprimitur,
1467 2817 1733 2886 causali,
1790 2814 2020 2872 modslis
2068 2825 2127 2873 et

543 2912 880 2984 temporalis.

545 3024 624 3085 Δ.
669 3020 1014 3089 oueerru
1042 3039 1401 3088 snitum-rs
1435 3027 1501 3087 in
1533 3027 1755 3090 stricto
1780 3039 1978 3089 sensu
2011 3041 2128 3088 seu

667 3145 1055 3192 Ασουεηιη
1090 3128 1305 3210 (etiam
1331 3145 1568 3193 nuru
1589 3134 1650 3193 el
1678 3126 2006 3210 sem-riu)

1142 3247 1518 3291 SENTENTIA.

621 3347 650 3420 ᾗ
678 3347 806 3407 9.68.
836 3349 936 3406 Hic
965 3360 1076 3407 tres
1102 3350 1518 3408 discriminandi
1548 3361 1676 3407 sunt
1717 3366 1878 3408 casus
1909 3365 2008 3423 pro
2040 3366 2131 3408 va-

555 3439 652 3498 riis
715 3443 1048 3512 respectibus
1100 3444 1329 3499 actionis
1385 3444 1691 3514 principalis
1744 3443 1811 3500 ad
1857 3444 2129 3516 objecturn

551 3531 918 3590 subordinata
982 3535 1288 3589 sententia.
1339 3533 1439 3590 Vel
1500 3535 1640 3590 enim
1709 3534 1811 3590 hoc
1859 3535 2128 3604 objectum

550 3621 753 3678 nullam
784 3625 901 3680 iere
929 3624 1172 3678 intimam
1203 3625 1595 3680 connexionem
1644 3625 2008 3698 (relationem)
2037 3628 2132 3683 ha-

511 3713 659 3781 bet,
696 3715 769 3770 ita
817 3724 877 3772 ut
922 3717 993 3772 sit
1035 3717 1355 3786 simpliciter
1401 3717 1671 3786 obiectum
1711 3720 1939 3776 actionis
1967 3723 2131 3778 verbo

549 3803 860 3878 principalis
885 3807 1171 3863 sententia
1196 3823 1500 3878 expressa;
1552 3811 1634 3868 vel
1683 3810 1737 3866 in
1765 3811 1980 3870 actione
2015 3813 2130 3883 ipsa

547 3896 697 3953 verbi
749 3898 1060 3974 principalis
1107 3900 1393 3956 sententia
1455 3902 1720 3958 rationem
1779 3905 1975 3969 sumit,
2033 3919 2134 3975 qua

543 3989 783 4062 existat,
831 3988 974 4060 unde
1016 3998 1102 4046 est
1142 3989 1381 4060 emeatus;
1436 3991 1522 4046 vel
1583 3991 1854 4062 objectum
1905 3993 1975 4050 de
2026 4010 2132 4064 quo

546 4076 775 4148 quaestio
799 4085 884 4134 est
907 4120 921 4145 ,
958 4079 1196 4144 nondum
1224 4078 1428 4146 existit,
1459 4079 1555 4136 sed
1606 4084 1817 4138 actione
1849 4084 2127 4154 principa-

548 4171 616 4226 lis
638 4172 920 4227 sententia
949 4171 1355 4241 producendum
1378 4182 1462 4228 est
1485 4213 1503 4240 ,
1532 4183 1589 4229 et
1625 4173 1693 4229 ab
1723 4185 1918 4246 agente
1948 4176 2128 4234 inten-

547 4261 690 4316 ditur
721 4258 891 4332 (ilnis)
924 4261 968 4315 ⁸.
1024 4258 1142 4317 Jam
1181 4276 1310 4317 vero
1345 4262 1411 4317 ad
1439 4261 1689 4320 effectum
1716 4265 2028 4324 referendus
2049 4277 2133 4323 est

545 4365 725 4420 casus,
756 4352 849 4407 ubi
891 4351 1164 4422 obiectum
1193 4357 1255 4408 ut
1283 4355 1668 4424 consequentia
1698 4355 1980 4426 cujusdam
2007 4374 2130 4430 gra-

543 4443 688 4510 dus,
727 4457 1031 4511 mensura,
1080 4443 1790 4516 extensionisqueoactionis
1839 4447 2130 4506 exhibetur

544 4534 956 4608 (consecutio),
1008 4537 1077 4592 ad
1103 4538 1270 4594 finem
1295 4552 1426 4594 vero
1454 4553 1635 4608 casus,
1666 4541 1757 4598 ubi
1786 4543 2128 4613 peculiariter

545 4626 888 4696 exprimitur,
915 4628 1061 4698 quod
1083 4641 1247 4698 agens
1275 4629 1510 4685 intendit
1536 4631 1788 4704 (scapus).
1822 4632 1920 4690 Ubi
1944 4642 2126 4691 autem

542 4717 711 4773 verba
742 4717 1052 4789 principalis
1079 4719 1368 4775 sententia
1396 4721 1449 4775 in
1477 4723 1689 4792 passivo
1714 4731 2119 4794 construuntur,

529 4809 813 4881 objectlva
841 4811 1105 4868 sententia
1134 4812 1313 4867 evadit
1334 4813 1631 4883 subjectiva

619 4901 796 4975 $260.
829 4903 984 4972 Quod
1029 4904 1098 4959 ad
1144 4907 1557 4961 consecutionem
1599 4917 1877 4980 temporum
1924 4908 1978 4966 in
2020 4907 2128 4967 illis

543 4994 825 5051 sententiis
853 5003 1090 5074 spectat,
1122 4997 1224 5052 hoc
1249 4996 1788 5054 animadvertendum
1820 5009 1906 5056 est
1935 5019 1949 5055 ε

616 5088 672 5158 1)
699 5083 933 5158 Tempus
952 5087 1316 5144 subordinata
1335 5091 1621 5147 sententia
1642 5091 1715 5145 ita
1739 5105 1860 5148 cum
1881 5101 2127 5164 tempore

543 5179 858 5250 principalis
886 5180 1170 5239 sententia
1196 5181 1510 5250 concordat,
1540 5188 1600 5237 ut
1636 5183 1727 5240 ubi
1759 5199 1997 5251 prasens
2041 5190 2124 5246 vel

542 5273 876 5344 praeteritum
916 5274 978 5330 in
1027 5274 1308 5345 principali
1363 5282 1693 5346 usurpatur,
1750 5277 2124 5349 coniunctivus

543 5367 832 5434 prasentis
857 5365 944 5421 vel
973 5366 1233 5436 prateriti
1261 5365 1315 5422 in
1347 5367 1693 5424 subordinata
1722 5369 2122 5429 adhibeantur:

543 5459 700 5514 Joan.
729 5474 857 5527 xm,
888 5458 958 5514 i5
981 5461 1038 5514 ni
1079 5460 1272 5531 bidja
1306 5461 1447 5534 ραι,
1495 5465 1543 5519 ei
1591 5465 1921 5521 usuimais
1959 5470 2039 5522 ins
2065 5484 2124 5522 us

544 5548 763 5620 parum
793 5551 1030 5622 μήκων,
1058 5551 1122 5607 alt
1150 5553 1198 5607 ei
1251 5554 1484 5627 bairga
1505 5557 1558 5610 is
1593 5557 1666 5610 im
1714 5560 1867 5628 [aura
1911 5557 2125 5630 [iamma

541 5643 800 5714 unseljitt:
836 5643 970 5700 Luc.
1008 5660 1104 5715 vn,
1133 5645 1205 5716 ω
1251 5645 1384 5718 bop
1435 5649 1527 5703 ina
1569 5665 1712 5704 sums
1754 5651 2029 5722 fareisaie,
2079 5654 2126 5706 ei

542 5738 902 5797 Ittatidedi
937 5737 1055 5810 «ip
1083 5741 1270 5807 intima;
1301 5741 1405 5799 Mc.
1442 5759 1514 5812 vr,
1540 5741 1612 5800 25
1638 5744 1878 5822 giljau,
1932 5745 1979 5801 ei
2031 5747 2125 5801 mis

2193 827 2334 898 jan,
2391 825 2438 880 ei
2497 819 3126 894 gaprafstidedeina
3185 821 3290 873 izos
3325 820 3368 872 bi
3410 818 3654 891 bropariu;

2207 913 2346 969 Titu.
2380 915 2421 982 l,
2452 931 2506 982 v,
2534 915 2606 970 20
2631 912 2998 984 fravaurhtans
3018 913 3073 969 in
3096 911 3401 983 andvairpja
3437 911 3654 984 altaisrgr-

2208 1008 2372 1076 sak,
2419 1008 2464 1062 ei
2491 1006 2591 1080 jah
2636 1005 2734 1078 poi
2763 1003 2990 1074 ιιηρωαὶ
3027 1005 3136 1075 agis
3185 1004 3485 1070 habaine;
3512 1003 3608 1059 Phil.
3636 1021 3656 1068 ι,

2210 1103 2280 1157 2'2
2299 1118 2374 1156 wa
2402 1100 2516 1174 pou
2543 1097 2823 1169 ualjau,
2854 1098 2906 1152 m'
2935 1096 3140 1164 Itann;
3167 1095 3293 1152 Luc.
3321 1111 3452 1166 mu,
3475 1095 3528 1150 36
3549 1097 3658 1165 (rei,

2210 1212 2288 1252 wa
2314 1195 2444 1250 vesi
2473 1192 2626 1268 pata.

2278 1286 2334 1357 ‘2)
2383 1287 2512 1340 Cum
2563 1283 2774 1354 passivo
2817 1282 3021 1338 nullum
3066 1282 3140 1339 sit
3181 1283 3524 1362 prateritum,
3555 1285 3662 1337 ιειὶι

2211 1379 2369 1451 hujus
2399 1378 2570 1432 locum
2603 1391 2837 1447 prasens
2866 1374 3134 1441 subditur,
3164 1374 3250 1431 vel
3279 1373 3435 1430 forma
3459 1373 3663 1446 periphas

2219 1474 2324 1528 tica
2348 1473 2400 1526 in
2429 1470 2702 1540 praterito
2730 1469 2944 1540 ponitur
2976 1487 2989 1522 ε
3013 1469 3174 1525 Rom.
3201 1485 3313 1535 vni,
3341 1470 3370 1522 4
3409 1468 3665 1540 garargitt

2217 1563 2482 1636 {ravaurht
2519 1566 2574 1618 in
2611 1561 2781 1631 leika,
2827 1562 2874 1616 ei
2912 1562 3169 1633 goraihtei
3210 1560 3383 1620 vitodis
3407 1560 3666 1632 ssfuiijai—

2221 1660 2342 1713 dou
2388 1662 2444 1713 in
2501 1674 2638 1725 uns;
2687 1655 2813 1713 Cor.
2862 1655 3001 1724 1,1,
3044 1656 3109 1711 Π
3158 1656 3213 1712 sti
3275 1652 3667 1710 insendidasu’i

2219 1754 2410 1810 aristas
2440 1752 2672 1824 daupjast
2701 1750 2764 1806 ait
2807 1750 3145 1822 veilame’rjan
3167 1789 3185 1816 ,
3217 1747 3269 1801 ni
3292 1748 3343 1801 in
3385 1746 3568 1802 matteis
3583 1760 3668 1797 uu-

2220 1845 2318 1911 dis,
2347 1845 2395 1898 ei
2447 1843 2500 1897 ni
2551 1841 2959 1912 lausjaidau
3006 1842 3162 1916 galga
3196 1840 3446 1904 cristatis;
3481 1837 3668 1902 il,nt,9;

2221 1950 2300 2001 xr,
2329 1935 2363 1988 7
2394 1943 2533 2000 etc.;
2568 1932 2698 1988 Luc.
2731 1949 2790 1998 ιι,
2822 1933 2857 1988 5
2898 1932 3240 2003 iddjcdun
3267 1929 3404 1996 aitai,
3434 1931 3473 1986 ri
3496 1927 3671 1983 mriiiri

2223 2043 2325 2082 ves
2346 2028 2499 2081 sine
2529 2027 2550 2095 (
2576 2024 3003 2103 ἀπογράφεσθαι)
3047 2024 3299 2095 warjisuh
3335 2025 3387 2076 iu
3407 2022 3670 2088 seinaibssrg;

2228 2121 2365 2190 Eph.
2391 2135 2473 2187 lu,
2504 2120 2571 2175 10
2611 2120 2706 2173 mis
2746 2117 3060 2188 atgibana
3100 2115 3270 2190 uarp
3308 2121 3435 2172 ants
3474 2129 3517 2168 so
3549 2110 3673 2181 inpii-

2229 2213 2347 2267 dom
2375 2212 2714 2284 oailamerjan
2763 2211 2946 2284 gabein
2981 2210 3238 2280 xristaus,
3287 2208 3331 2264 ei
3371 2203 3570 2277 kansip
3605 2203 3674 2260 uti

2231 2304 2252 2380 (
2275 2311 2524 2384 γνωρισθῇ
2547 2305 2568 2378 )
2595 2304 2808 2378 reikjam
2843 2304 2943 2376 jah
2971 2301 3283 2374 voldufnjau
3324 2299 3539 2373 handuga'
3570 2294 3672 2370 gris;

2226 2399 2420 2456 Thess.
2452 2400 2496 2467 Ι,
2528 2416 2609 2468 ιιι,
2645 2401 2673 2456 1
2717 2408 2823 2456 etc.

2299 2492 2354 2563 5)
2379 2491 2512 2547 Cum
2539 2489 2746 2548 Gothus
2766 2491 2981 2548 unicum
3012 2491 3213 2546 habeat
3235 2488 3542 2560 pratetiturs.
3565 2483 3673 2538 hocin

2225 2587 2494 2649 sententia
2538 2584 2882 2644 subet-dinam
2930 2583 3092 2639 etiam
3127 2591 3188 2640 ut
3233 2581 3493 2658 perfectum
3513 2577 3674 2640 adhibet,

2230 2683 2320 2739 ubi
2370 2697 2611 2754 prasens
2639 2685 2795 2739 adest
2845 2683 2899 2738 in
2927 2681 3225 2752 principali
3257 2697 3270 2732 :
3300 2678 3439 2734 Joan.
3475 2691 3534 2742 ix,
3557 2671 3599 2726 l9
3627 2685 3676 2723 ut

2228 2782 2295 2838 ist
2349 2795 2408 2834 sa
2457 2793 2614 2833 simus
2655 2780 2798 2832 isvar
2837 2775 3002 2849 pauci
3047 2777 3109 2847 qi
3125 2775 3202 2846 [)i
3215 2773 3290 2846 p,
3320 2772 3447 2845 patri
3469 2769 3594 2824 blind:
3621 2782 3676 2836 gr-

2233 2872 2531 2928 baurans
2579 2870 2824 2941 ocurpi
2871 2867 3072 2941 (natus
3104 2866 3251 2938 sit)?
3289 2864 3403 2921 Cor.
3440 2865 3568 2931 ll,xr,
3596 2857 3677 2913 iiii

2234 2965 2536 3038 unsveripai
2560 2965 2622 3037 qi
2639 2965 2725 3038 pa
2752 2981 2835 3020 sue
2860 2963 3008 3036 putei
3035 2964 3141 3017 usis
3170 2963 3332 3016 siukai
3357 2959 3582 3015 vestitu
3607 2953 3677 3022 (lti-

2233 3061 2417 3129 mus);
2448 3058 2569 3114 Gal.
2617 3073 2693 3126 tv,
2731 3059 2790 3114 11
2835 3059 2945 3130 og‘,
2974 3057 3081 3112 ibei
3111 3073 3255 3114 suere
3295 3047 3677 3118 orboididtdju

2240 3153 2640 3225 (laboraverim)
2669 3152 2723 3204 iu
2762 3151 2908 3205 iwis.

2308 3243 2364 3312 4)
2400 3243 2499 3300 Ubi
2522 3243 2854 3313 prateritum
2900 3241 2956 3298 in
2991 3241 3260 3298 sententia
3288 3227 3674 3311 principaliptﬂtﬂi

2238 3337 2682 3409 significationem
2716 3349 2828 3405 pra
2855 3349 2916 3390 se
2945 3333 3074 3402 fert,
3101 3334 3342 3404 sequitur
3367 3331 3416 3385 in
3449 3324 3675 3384 subordinru

2242 3445 2501 3501 prasens,
2533 3443 2655 3484 cum
2685 3443 2799 3483 rem
2841 3436 3128 3483 venturam
3177 3441 3296 3483 esse
3329 3423 3593 3480 enuntiatur:
3614 3412 3672 3466 ιιι.

2240 3541 2313 3590 ix,
2352 3525 2416 3581 1‘2
2455 3522 2908 3598 gamelip—ist
2950 3524 2998 3578 bi
3022 3540 3160 3578 sunu
3189 3539 3363 3591 mons,
3393 3511 3672 3583 eimanagtit'

2241 3620 2358 3673 nai
2400 3616 2489 3691 fait
2518 3616 2777 3689 frakunpr
2797 3615 3034 3688 oairpai;
3070 3633 3171 3685 xu,
3202 3616 3271 3671 i9
3299 3629 3441 3670 more:
3464 3600 3674 3685 gameiidt

2245 3711 2502 3785 (scripsit,
2544 3710 2804 3781 scriptum
2834 3709 3011 3766 adhuc
3037 3710 3207 3783 valet)
3240 3709 3380 3786 putei
3397 3705 3516 3780 jabai
3541 3695 3672 3786 sithi

2242 3804 2351 3877 par
2376 3801 2685 3876 gadaupnai
2713 3802 2812 3874 jah
2851 3802 3070 3876 bileipai
3108 3785 3258 3873 ρεησί
3276 3801 3368 3876 jah
3393 3799 3516 3852 bam
3541 3791 3578 3845 ni

2236 3874 2391 3966 per,
2417 3895 2472 3948 ei
2520 3874 2726 3948 nfimai
2757 3891 2955 3966 bropar
2977 3874 3026 3949 is
3073 3893 3154 3966 [)0
3184 3874 3379 3964 qenris;
3405 3883 3553 3952 Comi,
3579 3874 3671 3944 1X.”

2237 3987 2415 4040 altaim
2459 4003 2487 4040 υ
2508 4004 2576 4042 as
2631 3987 2650 4058 (
2675 3987 2909 4062 γέγωνα)
2947 3987 3043 4054 all,
3075 3988 3124 4042 si
3153 3989 3312 4043 waioa
3337 3987 3657 4052 sumansgtntt

2211 4080 2376 4152 ia";
2406 4077 2473 4146 ll,
2500 4095 2537 4145 ι,
2577 4079 2638 4146 9;
2675 4095 2772 4146 ιιι,
2807 4081 2839 4134 7
2865 4088 2971 4135 etc.

2310 4169 2459 4225 Alias
2503 4181 2701 4239 autem,
2736 4172 2793 4226 in
2816 4171 3064 4228 versione
3104 4172 3434 4245 epistolarum
3460 4157 3669 4239 praserlim.

2243 4270 2368 4333 post
2406 4264 2741 4332 prateritum
2774 4265 2827 4319 in
2874 4264 3162 4336 principali
3193 4263 3436 4322 sententia
3458 4265 3619 4329 praescii
3645 4250 3670 4299 in

2240 4355 2588 4411 subordinata
2644 4365 2969 4428 usurpatur,
3019 4359 3112 4413 ubi
3164 4371 3350 4414 sensus
3386 4351 3604 4424 objectivus
3631 4349 3671 4394 δι

2240 4445 2482 4517 (quando
2511 4447 2718 4504 scilicet
2746 4447 2948 4519 aliquid
2974 4446 3281 4505 faciendum
3302 4461 3411 4504 esse
3444 4429 3672 4498 declaratur).

2235 4543 2509 4613 praterito
2536 4556 2660 4598 eum
2706 4541 3063 4612 subjectivum
3092 4541 3359 4598 efficiente
3383 4537 3514 4611 (cum
3544 4526 3671 4584 dicit".

2217 4641 2352 4690 ‘rem
2397 4634 2617 4691 evenire
2675 4648 2862 4704 posse,
2931 4634 3239 4707 potuisse);
3296 4633 3349 4689 in
3399 4640 3536 4702 greco
3567 4626 3673 4714 auten

2234 4735 2415 4796 textu,
2464 4741 2584 4784 cum
2634 4727 2688 4782 in
2730 4727 2793 4782 Ν.
2837 4726 2900 4782 Τ.
2954 4742 3061 4784 non
3100 4729 3207 4786 nisi
3240 4727 3486 4784 rarissime
3504 4712 3674 4774 occurrat

2233 4823 2528 4892 optativus,
2559 4823 2646 4878 hic
2687 4838 2900 4894 semper
2939 4823 3312 4896 coniunctivus
3341 4827 3541 4892 apparet:
3571 4807 3672 4896 lora.

2231 4929 2307 4981 lx,
2338 4915 2410 4970 22
2460 4914 2768 4987 gaqeﬁun
2808 4892 2878 4970 sis
2901 4892 3160 4984 iudaieis,
3191 4913 3394 4990 εἰμιὺαὶ
3421 4892 3674 4966 ωωίιιαιιέ·

2235 5005 2452 5060 hei/miti
2475 5007 2661 5073 xristu,
2697 5015 2857 5061 utana
2882 5010 3194 5082 synagoyais
3234 5003 3478 5078 vairpoi
3499 5002 3672 5082 extra”:

2229 5113 2488 5170 nagogam
2537 5099 2664 5166 fiat,
2718 5076 3028 5169 expellatur
3126 5076 3402 5174 γένηται),
3438 5095 3534 5151 Luc.
3568 5076 3673 5146 m,‘

2230 5190 2589 5263 andpahta
2646 5191 2749 5246 mik
2795 5195 3157 5265 wataujau
3203 5193 3447 5265 (ποιήσω,
3488 5177 3672 5269 quod}?

2227 5281 2465 5339 facturus
2501 5283 2670 5355 sim);
2713 5284 2829 5340 Col.
2861 5301 2899 5350 ι,
2947 5285 2981 5341 9
3024 5286 3080 5339 ni
3130 5284 3458 5340 wcilaidedum
3487 5279 3574 5346 [cur
3601 5268 3671 5317 itm

2229 5375 2538 5447 bidjandans
2560 5377 2608 5430 ei
2655 5378 2727 5446 fu
2748 5378 2766 5430 ι
2780 5379 2798 5430 ι
2814 5394 2845 5430 n
2865 5377 2930 5431 ai
2944 5376 2989 5449 ﬁ
3021 5375 3353 5453 (πληρωθῆτε)
3382 5366 3550 5441 kunpjis
3567 5355 3671 5427 rile

2223 5469 2305 5531 is;
2329 5466 2456 5522 Luc.
2491 5481 2529 5532 ι,
2559 5467 2594 5522 ι
2641 5468 3030 5537 galeikaida
3088 5470 3184 5522 mis
3207 5469 3308 5540 [ius
3328 5461 3511 5530 melius,
3545 5453 3578 5506 εί
3609 5459 3672 5540 μ’

2227 5556 2302 5612 ku
2319 5559 2510 5614 nnais
2556 5535 2792 5636 (ἐπιγνῷς
2811 5559 2987 5618 discas
3011 5602 3027 5629 ,
3052 5535 3319 5617 docendus
3344 5554 3426 5623 sit)
3443 5535 3670 5642 Pw?“

2230 5653 2428 5726 auab;
2481 5635 2733 5724 SkeirJ,
2777 5656 2813 5710 d
2876 5655 2976 5710 (siit
3018 5673 3139 5710 man
3185 5655 3484 5712 andnam,
3518 5635 3670 5695 ἀίαίη·

2233 5747 2333 5802 reis
2363 5765 2457 5803 uris
2491 5748 2761 5820 oairpai
2785 5747 2939 5822 pisos
2968 5749 3040 5805 du
3069 5747 3216 5823 gupa
3235 5740 3530 5822 garailua'm.‘
3550 5728 3668 5787 Th5"

620 5898 633 5985 ζ
671 5897 832 5985 rAliis
859 5898 1048 5985 verbis
1103 5903 1186 5985 vel
1231 5902 1500 5973 obiectum
1533 5915 1619 5963 est
1665 5907 1980 5982 simpliciter
2008 5911 2234 5981 regimen
2277 5909 2428 5968 verbi
2475 5912 2786 5984 principalis
2831 5914 3132 5985 sententia,
3177 5912 3258 5970 vel
3292 5907 3470 5978 olfactu
3493 5889 3643 5954 actionis

546 5968 632 6023 vel
663 5968 781 6035 ﬁnis
813 5971 1061 6027 actionis.
1095 5968 1322 6045 Interpr'.
