3816 6512
91 403 236 460 tati
748 389 754 395 “
1487 402 1598 460 pa.

1868 443 1878 457 .
2319 372 2324 382 ’
3172 476 3175 478 >
3238 397 3375 454 tata

171 521 432 588 Quamvis
459 521 676 594 gothica:
703 521 892 592 tinguat
934 519 1167 576 affinitas
1195 532 1316 574 cum
1360 517 1479 574 aliis
1518 517 1760 588 ejusdem
1791 514 2008 570 familiae
2035 513 2239 585 jamdiu
2269 513 2338 568 ab
2366 511 2615 568 omnibus
2652 509 2765 567 fere
2795 511 3014 582 probata
3045 511 3151 578 sit,
3193 519 3373 566 tamen

88 631 167 671 eo
199 619 380 672 minus
411 618 466 671 in
499 617 600 672 hoe
625 629 788 687 opere
819 615 1136 688 negligenda
1175 628 1297 670 esse
1340 614 1495 668 nobis
1522 612 1632 668 visa
1666 619 1778 676 est,
1809 609 1951 678 quod
1983 607 2182 679 gothici
2225 607 2461 664 thesauri
2492 607 2679 662 melior
2706 622 2861 678 pars,
2895 607 2945 661 in
2976 606 3061 661 his
3103 605 3379 662 hodiernis

93 708 437 778 temporibus
483 718 630 774 nota,
679 708 780 763 hac
816 706 1080 763 afﬁnitate
1126 721 1260 776 opus
1312 704 1503 769 habet,
1543 712 1605 759 ut
1648 703 1701 758 in
1751 701 1992 758 dominio
2040 702 2468 772 germanicarum
2518 701 2818 772 linguarum
2866 699 3084 756 civitate
3128 701 3380 756 donetur.

88 799 344 871 Singulis
375 802 533 871 igitur
557 801 859 868 radicibus,
895 801 1002 857 imo
1030 810 1086 856 et
1113 799 1367 855 derivatis
1397 797 1738 869 quibusdam,
1797 796 2119 866 ubicumque
2161 809 2441 850 necessum
2472 793 2592 861 fuit,
2619 803 2842 865 cognata
2868 795 3126 850 vocabula
3153 795 3378 850 aliarum

88 895 433 966 germanieas
460 896 675 952 familia:
708 895 1006 966 linguarum
1033 893 1371 960 induximus,
1401 901 1485 959 et,
1512 906 1581 948 ne
1605 889 1824 946 collatio
1850 889 1949 944 ista
1973 888 2197 944 nimium
2229 889 2386 959 spatii
2413 888 2676 944 obtineret
2702 887 2992 956 illustrata,
3038 887 3104 944 ad
3132 897 3381 944 auctores

89 992 343 1048 scholari
394 991 531 1048 fama
584 995 914 1066 gaudentes,
949 993 1206 1047 lectorem
1257 989 1598 1054 remisimus,
1648 999 1842 1054 nempe
1883 984 1948 1039 ad
1991 985 2138 1054 Bupp
2167 983 2185 1054 (
2209 982 2592 1055 vergleicliende
2635 981 3028 1050 Grammatik),
3065 977 3384 1036 Grimmium

93 1085 115 1153 (
149 1085 396 1140 deutsche
418 1083 738 1139 Grammatik
762 1083 957 1159 [GL],
992 1081 1273 1154 Mytoloqie
1300 1081 1316 1153 [
1339 1081 1452 1138 ΒΜ.
1477 1079 1496 1152 ]
1519 1122 1532 1140 .
1563 1078 2086 1133 llechtsalterthiimer
2110 1077 2129 1149 [
2153 1077 2309 1132 DRA.
2333 1075 2407 1150 ]),
2441 1075 2591 1132 Graii
2617 1076 3093 1147 (althochdeutsche
3119 1077 3387 1144 Praeposi-

90 1177 215 1231 ιὶοη
260 1184 317 1232 et
363 1176 738 1248 Sprachschatz
767 1173 890 1250 [Gf.
916 1175 935 1248 ]
964 1177 1019 1247 ),
1051 1173 1464 1231 Schmellerium
1495 1169 1852 1243 (bayeriscltes
1895 1165 2260 1234 Wérterbuch,
2306 1166 2520 1221 Glossar
2563 1184 2677 1220 zum
2719 1166 2960 1222 Helvand
2982 1169 3033 1237 ),
3078 1167 3394 1223 Richthofe-

90 1270 258 1324 nium
292 1270 311 1341 (
337 1271 698 1341 allfriest'sches
726 1267 1063 1326 Worterbuch
1093 1268 1326 1342 [Rchtln
1351 1265 1423 1340 ]),
1456 1267 1508 1322 in
1537 1263 1852 1336 quibusdam
1889 1271 2092 1318 tantum
2133 1269 2186 1316 et
2215 1260 2352 1316 raris
2394 1260 2607 1316 casibus
2636 1258 2954 1316 afﬁnitatem
2986 1260 3071 1316 vel
3102 1261 3401 1330 derivatio-,

90 1380 234 1422 nem
264 1368 505 1424 vocabuli
534 1367 692 1422 brevi
719 1366 1072 1422 illustratione
1102 1373 1372 1419 notantes.

179 1460 309 1515 Haec
325 1459 520 1515 'eadem
547 1460 684 1514 ratio
705 1501 718 1524 ,
753 1457 1006 1528 parcendi
1033 1457 1237 1513 scilicet
1265 1453 1457 1525 spatii,
1486 1465 1646 1508 causa
1677 1465 1761 1508 est
1789 1466 1886 1507 cur
1912 1451 1965 1504 in
1995 1455 2180 1504 nostra
2207 1447 2495 1503 collatione
2525 1445 2810 1502 nonnullas
2843 1448 3026 1517 stirpis
3053 1447 3392 1519 indogerma-

90 1554 247 1609 uicae
274 1553 482 1622 linguas
509 1568 616 1607 non
649 1551 1107 1618 invocaverimus,
1142 1558 1200 1603 ut
1226 1545 1576 1612 sanskritam,
1611 1543 1872 1616 persicam
1898 1586 1913 1612 ,
1940 1543 2224 1609 slavicam,
2249 1539 2517 1606 celticam,
2558 1556 2781 1609 quarum
2827 1541 2894 1595 de
2934 1550 3133 1599 cretero
3163 1543 3395 1600 afﬁnitas

87 1659 230 1700 cum
262 1642 584 1714 germanicis
627 1658 692 1698 ex
737 1641 1043 1712 conspicuis
1085 1639 1338 1711 operibus
1382 1638 1565 1707 Boppii
1589 1677 1604 1704 ,
1637 1635 1834 1702 Pottii,
1869 1643 1973 1690 etc.
2003 1633 2112 1705 jam
2144 1633 2344 1688 dudum
2377 1632 2595 1687 indubia
2640 1641 2737 1688 est.
2775 1632 2872 1687 [lie
2919 1642 3094 1690 tamen
3140 1636 3395 1693 lectorem

87 1739 444 1794 admonitum
475 1737 722 1794 volumus
743 1779 758 1804 ,
792 1738 934 1808 quod
969 1736 1176 1792 scilicet
1205 1733 1460 1788 nonnulla
1499 1733 1712 1803 gothiea
1745 1729 2038 1795 vocabula,
2081 1728 2274 1798 quibus
2316 1728 2578 1796 originem
2610 1736 2702 1782 aut
2731 1729 3156 1798 explanationem
3188 1731 3240 1786 in
3271 1748 3393 1803 ger-
3450 1771 3453 1776 ι

89 1832 326 1884 manico
354 1830 596 1885 dominio
618 1840 922 1899 quairentes
964 1828 1163 1882 frustra
1193 1823 1765 1894 circumspiceremus,
1812 1837 1842 1876 e
1871 1821 2059 1875 slavico
2091 1821 2170 1874 vel
2203 1819 2486 1874 lithuam‘co
2523 1836 2773 1876 sermone
2803 1823 3022 1878 omnino
3062 1824 3399 1882 illu5trentur

89 1921 108 1991 (
139 1921 282 1976 coll.
325 1921 638 1976 Grimmium
675 1921 885 1991 prmfat.
909 1920 975 1975 ad
1001 1921 1301 1976 versionem
1334 1920 1556 1974 serviete
1587 1916 1983 1987 grammaticae,
2014 1925 2234 1969 auctore
2261 1913 2404 1968 Wnk
2431 1914 2921 1984 Stephanowitsch,
2949 1934 3070 1990 pag.
3103 1920 3177 1987 ll;
3209 1922 3398 1978 Schal-

88 2011 246 2066 farik
294 2012 576 2067 Slawische
618 2013 986 2077 Alterthitmer,
1017 2009 1073 2077 Ι,
1109 2011 1213 2066 429
1241 2011 1294 2081 ),
1344 2020 1402 2065 ut
1446 2009 1597 2081 dulgs
1641 2009 1774 2063 slav.
1808 2008 1933 2077 dolg
1957 2047 1971 2072 ,
2011 2006 2169 2072 dluh;
2222 2007 2412 2074 fmulo,
2457 2007 2592 2064 slav.
2634 2008 2831 2079 knota,
2865 2011 3031 2081 knut;
3063 2024 3228 2082 mota,
3257 2017 3394 2072 slav.

86 2117 292 2179 myto,
341 2117 542 2178 mytar;
577 2108 836 2178 plinsjau,
867 2110 1001 2164 slav.
1053 2109 1268 2186 plasaé,
1308 2109 1532 2185 plesati;
1562 2107 1794 2174 smakka,
1829 2107 1964 2161 slav.
2011 2105 2266 2171 smokva;
2302 2106 2482 2176 tekan,
2528 2109 2660 2162 slav.
2711 2109 2910 2180 kaati,
2955 2121 3224 2181 staurran,
3256 2115 3396 2171 litth.

87 2200 366 2256 storawuti
384 2218 403 2266 ;
433 2200 582 2273 faba,
608 2202 750 2257 litth.
781 2213 893 2273 pals
919 2203 1172 2274 (sanskr.
1205 2205 1405 2275 palis).
1436 2202 1797 2272 Conspicuum
1824 2211 1926 2269 est,
1959 2199 2098 2270 quod
2129 2199 2288 2256 Gothi
2322 2215 2420 2270 pro
2445 2201 2634 2268 debito,
2666 2203 2871 2271 tributo,
2901 2205 3196 2274 imitatione,
3224 2209 3401 2279 ﬂagel-

88 2294 183 2358 lo,
221 2291 437 2360 propria
471 2292 727 2346 vocabula
758 2309 863 2348 non
897 2294 1210 2358 habuerint,
1243 2295 1338 2351 sed
1366 2309 1429 2350 ea
1455 2310 1486 2349 e
1515 2294 1690 2350 Slavis
1721 2294 1945 2349 mutuati
1971 2295 2096 2359 sint,
2123 2292 2262 2362 quod
2292 2293 2452 2348 etiam
2484 2293 2763 2350 facultates
2791 2311 2896 2350 non
2920 2297 3078 2352 aliter
3099 2302 3400 2370 exprimere

87 2385 408 2455 potuerint,
442 2385 545 2439 nisi
578 2399 671 2454 per
697 2400 851 2440 suum
878 2387 1023 2457 faihu
1047 2388 1064 2459 (
1090 2387 1317 2456 pecus),
1347 2387 1400 2441 in
1433 2386 1533 2441 hac
1559 2401 1617 2442 re
1644 2385 2028 2441 convenientes
2059 2383 2284 2451 Latinis,
2302 2386 2390 2454 qui
2418 2386 2686 2456 pecuniam
2711 2401 2774 2440 ex
2807 2387 3012 2455 pecude
3034 2387 3396 2449 deduxerunt.

93 2479 213 2535 Ubi
243 2487 420 2534 autem
454 2479 661 2535 Gothus
690 2481 756 2537 de
789 2489 1001 2537 moneta
1032 2482 1178 2552 loqui
1210 2497 1344 2552 Opus
1376 2481 1570 2548 habet,
1602 2482 1688 2537 vel
1720 2481 2070 2552 expressione
2102 2481 2279 2535 aliena
2309 2481 2495 2550 utitur,
2530 2491 2585 2536 ut
2615 2481 2829 2535 drakma
2854 2521 2868 2547 ,
2901 2482 3093 2554 unkja,
3125 2483 3277 2554 sikls,
3311 2485 3398 2539 vel

87 2571 415 2642 generalem
463 2579 717 2640 usurpat,
759 2585 950 2642 nempe
986 2572 1145 2627 skatls
1192 2576 1507 2640 thesaurus,
1540 2574 1783 2627 situbrein
1825 2584 2113 2642 argenteus
2158 2572 2526 2642 (nummus);
2576 2573 2889 2629 vocabulum
2933 2583 3109 2630 tamen
3146 2577 3397 2642 unicum,

90 2665 320 2735 origine
340 2665 640 2732 obscurius,
656 2664 827 2720 [cintus
849 2666 901 2720 in
922 2667 1150 2736 propriis
1173 2665 1472 2722 Gothorum
1495 2667 1724 2721 monetis
1748 2665 1968 2722 inscribi
1991 2665 2221 2733 videtur,
2249 2666 2348 2720 nisi
2373 2681 2439 2720 ex
2461 2666 2638 2722 alieno
2659 2666 2816 2724 nobis
2837 2683 3055 2738 prorsns
3079 2662 3260 2738 ignoto
3289 2687 3405 2726 ser-

90 2773 274 2816 mone
303 2759 594 2815 derivetur.
628 2757 1035 2814 Recentioribus
1067 2770 1271 2815 tantum
1303 2761 1632 2830 temporibus
1660 2760 1832 2830 primo
1857 2765 2043 2815 exorta
2071 2770 2154 2814 est
2178 2763 2456 2829 expressio
2484 2759 2744 2832 skilliggs,
2776 2777 2896 2832 qua:
2926 2761 3099 2818 adhuc
3150 2763 3312 2820 hodie
3348 2767 3402 2820 in

92 2853 367 2910 omnibus
393 2853 711 2923 germanieis
745 2853 940 2924 linguis
971 2862 1277 2924 usurpatur.
1309 2853 1414 2910 Sed
1445 2855 1548 2909 hoe
1578 2853 1758 2909 obiter
1785 2854 1985 2909 dictum
2018 2855 2106 2910 sit.
2142 2854 2377 2926 Longius
2403 2854 2544 2909 enim
2569 2871 2598 2908 a
2625 2856 2899 2926 proposito
2927 2856 3340 2926 declinaremus,
3358 2862 3405 2917 si
3486 2907 3488 2909 .

95 2958 288 3005 totum
319 2949 545 3020 gothicaa
574 2949 766 3022 lingua:
797 2953 1108 3009 thesaurum
1139 2969 1207 3010 eo
1237 2954 1398 3008 modo
1426 2953 1695 3011 discutere
1722 2955 2015 3022 vellemus,
2061 2961 2144 3020 et,
2176 2969 2228 3007 ν.
2261 2969 2344 3024 gr.
2385 2953 2672 3021 vocabula,
2705 2969 2822 3024 qua:
2850 2956 2916 3009 ad
2956 2971 3206 3025 agrorum
3235 2959 3409 3013 cultu-
3453 2997 3456 2999 λ

95 3060 254 3113 mm,
274 3054 472 3112 vestes,
505 3061 672 3112 arma,
696 3048 1120 3120 chronologiam,
1147 3058 1250 3105 etc.
1280 3049 1606 3116 referuntur,
1632 3050 1718 3106 hic
1739 3051 2014 3122 colligere,
2044 3057 2102 3104 ut
2117 3048 2229 3119 jam
2258 3049 2385 3104 fecit
2415 3048 2715 3104 Grimmius
2739 3051 2758 3117 (
2779 3048 3280 3113 deutscheGramm.
3315 3051 3405 3118 ιιι,

97 3138 222 3194 5M
255 3154 376 3210 sqq.
405 3140 447 3210 ).
477 3141 710 3197 Gradum
741 3157 871 3198 vero
915 3143 1140 3199 cultum
1170 3155 1224 3200 et
1255 3143 1572 3199 urbanitatis
1607 3144 1778 3213 (gall.
1809 3145 1962 3214 degré
2003 3141 2066 3196 de
2109 3143 2412 3196 civilisation
2434 3140 2485 3214 ),
2519 3157 2676 3212 quem
2707 3143 2923 3213 gothica
2951 3157 3082 3213 gens
3125 3143 3238 3201 sive
3287 3154 3411 3201 ante

95 3234 235 3288 sive
260 3247 359 3303 per
385 3234 750 3305 emigrationis
781 3245 994 3307 tempus
1025 3245 1241 3294 asecuta
1271 3225 1798 3305 est,'investigantes
1819 3278 1832 3303 ,
1865 3235 2008 3290 hunc
2035 3236 2274 3290 laborem
2305 3250 2410 3290 non
2444 3234 2775 3291 infructuose
2803 3236 3118 3306 suscipient.

183 3330 460 3385 Caeterum
511 3329 634 3384 licet
664 3329 895 3385 affinitas
939 3329 1170 3400 gothica:
1203 3345 1325 3398 eum
1369 3330 1488 3385 aliis
1517 3329 1841 3402 germaniea:
1868 3329 2087 3385 familiae
2115 3329 2308 3400 linguis
2345 3328 2416 3384 sit
2461 3328 2707 3394 indubia,
2741 3329 2844 3384 hoc
2882 3338 3062 3386 tamen
3093 3345 3124 3385 e
3153 3331 3414 3402 glossario

102 3431 311 3494 patet,
347 3421 483 3489 quod
516 3437 638 3489 pars
669 3421 1053 3477 vocabulorum
1085 3437 1192 3478 non
1221 3421 1508 3478 mediocris
1534 3422 1651 3477 sine
1681 3421 1922 3490 analogia
1953 3421 2007 3476 in
2036 3421 2380 3476 sermonibus
2407 3417 2646 3493 cognatis
2677 3433 2980 3479 remaneat.
3011 3424 3264 3493 Exceptis
3294 3425 3414 3496 qui-

101 3513 352 3572 busdam
375 3514 683 3579 vocabulis,
719 3515 807 3584 qui
837 3530 903 3570 ex
935 3515 1100 3570 latino
1132 3531 1378 3587 grzeeove
1408 3515 1769 3583 illustrentur,
1805 3522 1863 3570 ut
1892 3515 2082 3581 aislan,
2112 3515 2294 3580 akeits,
2326 3517 2516 3582 aurati,
2549 3517 2773 3584 aurkeis,
2797 3518 2880 3574 vel
2918 3519 3112 3588 hlifan,
3145 3519 3374 3593 [)ragjan
3400 3563 3414 3588 ,

102 3609 321 3673 liteins,
354 3607 455 3662 alia
481 3617 604 3664 sunt
634 3623 860 3663 numero
894 3610 1147 3678 plurima,
1179 3612 1248 3664 de
1276 3610 1470 3680 quibus
1497 3622 1649 3664 meus
1677 3622 1941 3678 suspensa
1967 3608 2208 3676 dubitat,
2249 3617 2430 3664 utrum
2463 3608 2527 3663 ad
2575 3609 2715 3665 hanc
2755 3610 3008 3666 familiam
3037 3627 3260 3681 prorsus
3286 3612 3418 3665 alie-

102 3718 247 3760 nam
281 3701 624 3771 pertineant,
660 3715 858 3765 necne,
901 3716 1020 3755 cum
1064 3701 1330 3770 imprimis
1377 3716 1566 3757 eorum
1613 3699 1881 3755 derivatio
1927 3715 1958 3756 e
1989 3699 2357 3771 monosyllaba
2402 3701 2585 3756 radice
2621 3701 2934 3757 nullomodo
2972 3703 3085 3757 ﬁeri
3132 3705 3338 3773 possit,
3364 3711 3423 3755 ut

104 3797 312 3863 ahaks,
353 3793 556 3866 αειαρς,
601 3795 752 3862 biari,
784 3793 948 3860 ibuks,
994 3795 1145 3863 inito,
1190 3795 1349 3865 riqiz,
1384 3794 1636 3864 siponeis,
1677 3793 1758 3848 vel
1789 3806 1911 3848 cum
1942 3807 2128 3848 eorum
2161 3792 2327 3847 facies
2367 3793 2600 3847 alienum
2633 3793 2834 3848 fontem
2863 3794 3054 3862 sapiat,
3088 3803 3147 3847 ut
3190 3794 3415 3857 bnauan,

105 3893 303 3967 gards,
338 3889 595 3959 daddjan,
625 3888 890 3957 qrnmmis,
922 3885 1125 3957 plapja,
1155 3901 1335 3957 maga,
1364 3895 1470 3941 etc.
1503 3886 1658 3941 Enim
1687 3899 1817 3939 vero
1848 3893 2029 3939 utrum
2062 3883 2177 3937 haec
2199 3882 2458 3938 voeabula
2491 3891 2545 3938 et
2573 3899 2716 3958 quae,
2747 3883 2856 3938 sint
2881 3885 3058 3954 reipsa
3087 3883 3318 3954 gothica,
3351 3898 3417 3939 an

104 3989 178 4043 ad
211 3997 508 4056 quamuam
540 3979 827 4036 referenda
853 3979 1260 4049 omnigenarum
1292 3977 1530 4049 gentium
1551 4018 1567 4046 ,
1599 3976 1794 4048 quibus
1826 3975 1986 4031 Gothi
2012 3985 2067 4032 et
2089 3984 2211 4030 ante
2241 3983 2296 4030 et
2323 3989 2420 4046 per
2450 3977 2858 4046 emigrationem
2887 3978 3154 4034 commisti
3181 3979 3416 4045 fuerunt,

106 4082 362 4156 quadam
391 4082 714 4138 certitudinc
740 4081 1037 4150 dijudicare
1063 4081 1287 4135 arduum
1317 4087 1420 4135 est.

187 4177 281 4234 Ad
328 4191 614 4245 quamnam
661 4177 1009 4247 grammatij
1040 4177 1056 4245 (
1083 4174 1355 4230 orationis
1381 4172 1400 4244 )
1428 4181 1624 4242 partem
1656 4170 1865 4242 singula
1911 4167 2170 4223 vocabula
2217 4166 2552 4237 pertineant‘,
2588 4175 2839 4223 accurate
2869 4168 3174 4224 notavimus
3195 4208 3209 4234 ,
3238 4169 3422 4227 addito

107 4270 271 4343 quod
306 4284 407 4340 pro
449 4269 800 4325 substantivis
840 4284 1010 4339 genus
1057 4276 1265 4323 tantum
1314 4266 1579 4333 dedimus,
1625 4281 1734 4321 non
1766 4275 1945 4345 autem
1975 4261 2387 4320 declinationem
2408 4307 2422 4333 ,
2451 4263 2575 4333 quia
2605 4277 2668 4318 ex
2697 4278 2804 4317 una
2836 4273 2988 4333 parte
3013 4266 3420 4334 grammaticam

112 4365 226 4422 sub
260 4363 369 4418 hoc
399 4371 643 4432 respectu
698 4362 992 4432 anticipare
1020 4362 1037 4393 ί
1069 4361 1358 4424 noluimus,
1390 4369 1446 4416 et
1471 4377 1538 4416 ex
1569 4360 1736 4416 altera
1756 4401 1771 4428 ,
1801 4361 1956 4432 quia,
1988 4374 2188 4430 genere
2217 4367 2271 4415 et
2299 4358 2682 4414 terminatione
2737 4353 2995 4429 cognitis",
3016 4359 3126 4428 jam
3156 4364 3420 4432 regulari-

112 4465 205 4509 ter
252 4453 546 4506 innotescit
575 4451 886 4507 declinatio.
918 4451 1333 4508 Masculinorum
1366 4459 1579 4520 tamen,
1608 4468 1727 4522 quae
1761 4453 1814 4508 in
1843 4467 1990 4506 nom.
2020 4451 2161 4522 sing.
2193 4444 2286 4522 per
2321 4470 2346 4507 s
2372 4461 2429 4508 et
2467 4453 2520 4507 in
2552 4466 2699 4506 nom.
2735 4451 2876 4521 plur.
2909 4468 3006 4523 per
3033 4455 3107 4508 eis
3132 4442 3385 4511 desinunt
3406 4497 3422 4524 ,

113 4546 424 4601 declinatio
477 4546 701 4601 indicari
739 4547 957 4614 debuit,
986 4553 1047 4601 ut
1075 4545 1143 4600 ab
1169 4545 1287 4599 aliis
1318 4545 1577 4613 pluralem
1611 4547 1663 4600 in
1693 4561 1748 4600 os
1779 4544 2192 4600 eﬁormantibus
2241 4544 2431 4601 sedulo
2459 4546 2921 4602 discernerentur.
2963 4549 3096 4604 Item
3140 4550 3425 4604 nonnullo-

117 4655 250 4693 rum
300 4638 678 4707 irregularium
720 4638 1178 4693 substantivorum
1221 4637 1575 4693 deiiexionem
1613 4653 1643 4691 a
1684 4639 1864 4708 regula
1908 4637 2142 4693 breviter
2184 4636 2420 4693 describi
2451 4641 2776 4693 curavimus.
2821 4639 2929 4696 Sed
2959 4647 3014 4694 et
3041 4639 3425 4711 adjectivorum

119 4732 526 4789 declinationes
555 4741 745 4788 notare
777 4728 1134 4803 negleximus,
1164 4748 1285 4788 cum
1316 4734 1664 4802 grammatica
1693 4748 1786 4788 eas
1816 4732 2126 4803 singulatim
2157 4741 2412 4802 exponat.
2438 4733 2702 4788 Praeterea
2732 4751 2761 4788 a
2789 4733 3050 4792 Grimmio
3079 4737 3430 4792 deﬁeetentes

122 4827 142 4894 (
179 4825 247 4901 de
277 4839 386 4894 quo
414 4827 464 4879 in
494 4825 842 4895 grammatica
874 4827 1138 4879 rationem
1167 4824 1507 4879 exhibuimus
1531 4823 1551 4896 [
1575 4823 1636 4894 §§
1683 4820 1818 4894 illo]
1846 4825 1893 4893 ),
1928 4832 2038 4878 tres
2069 4809 2328 4878 in’verbis
2355 4823 2758 4895 conjuga‘tiones
2787 4829 3122 4896 agnovimus.
3155 4829 3332 4884 Prima
3367 4844 3428 4882 ea

122 4919 304 4975 verba
327 4919 586 4982 continet,
616 4935 734 4988 qua:
757 4917 1046 4973 Grimmius
1074 4919 1125 4971 in
1157 4917 1533 4987 conjugatione
1563 4916 1684 4970 forti
1713 4917 1852 4970 dicta
1881 4917 2170 4982 ordinavit,
2197 4917 2249 4972 id
2271 4928 2375 4986 est,
2401 4935 2518 4988 quae
2544 4921 2870 4988 praeteritum
2903 4922 3095 4990 partim
3128 4923 3431 4990 reduplica-

115 5012 315 5074 tione,
344 5009 534 5077 partim
563 5009 1065 5077 circumscriptione
1088 5049 1101 5073 ,
1132 5013 1324 5077 partim
1359 5008 1590 5076 denique
1617 5016 1844 5075 utraque
1876 5006 1956 5060 via
1983 5007 2303 5073 eﬁormant;
2335 5001 2526 5078 quibus
2549 5012 2726 5067 verbis
2756 5013 3086 5080 subjicienda
3115 5028 3238 5067 esse
3269 5013 3426 5068 duxi-

117 5119 255 5161 mus
283 5117 404 5155 eum
428 5101 696 5156 infinitive
743 5101 901 5156 etiam
927 5103 960 5157 5
983 5115 1267 5171 personam
1312 5101 1571 5171 praeteriti
1621 5100 1760 5170 sing.
1783 5108 1837 5154 et
1859 5100 2001 5168 plur.
2021 5145 2035 5169 ,
2064 5117 2274 5157 necnon
2299 5114 2351 5157 et
2377 5104 2714 5173 participium
2743 5112 2895 5172 praet.
2914 5145 2928 5170 ,
2954 5119 3076 5160 cum
3099 5103 3217 5158 aliae
3243 5105 3429 5159 formie

117 5199 491 5269 derivataque
518 5198 774 5255 vocobula
811 5215 874 5253 ex
921 5198 1026 5253 illis
1055 5198 1412 5253 deducantur.
1456 5196 1651 5251 Nostra
1694 5195 1926 5251 secunda
1959 5196 2296 5266 grimmianze
2323 5198 2685 5268 conjugationi
2718 5197 2884 5252 debili
2917 5197 3243 5267 respondet,
3275 5206 3344 5252 te:
3361 5200 3430 5254 tia

123 5291 360 5348 tandem
402 5292 740 5360 amplectitur
782 5290 947 5345 verba
988 5293 1042 5346 in
1083 5307 1186 5345 nan
1227 5290 1398 5355 ﬁnita,
1442 5304 1561 5358 qua:
1595 5288 1803 5359 passiva
1848 5289 1938 5362 vel
1985 5288 2161 5344 media
2213 5288 2604 5358 significatione
2630 5288 2890 5359 gaudent,
2923 5297 3204 5358 ortumque
3232 5288 3434 5345 ducunt

121 5403 163 5442 ε
211 5385 393 5440 verbis
447 5386 636 5454 prima:
686 5365 1012 5441 secundatve
1038 5383 1505 5455 conjugationum,
1553 5390 1606 5435 et
1659 5383 1802 5437 inter
1826 5381 2075 5436 anomala
2128 5379 2358 5452 gothica:
2410 5378 2806 5452 coniugationis
2856 5394 2886 5434 a
2930 5377 3191 5434 Grimmio
3232 5383 3436 5436 adscri-

119 5484 361 5537 buntur.
2313 5522 2315 5525 .

205 5571 252 5628 E
298 5570 575 5627 contrario
604 5570 933 5640 superﬂuum
968 5569 1187 5633 fuisset,
1231 5568 1277 5623 si
1307 5568 1533 5638 singulis
1561 5568 1839 5624 vocabulis
1871 5567 2074 5623 formas
2102 5583 2289 5624 omnes
2327 5576 2382 5624 et
2404 5567 2722 5625 inﬁexiones
2749 5583 2882 5639 quas
2913 5565 3140 5623 induere
3171 5574 3432 5636 possunt,

120 5675 191 5724 ut
232 5657 390 5719 Grati
417 5672 474 5720 et
502 5663 790 5721 Richtofen
834 5665 1099 5732 fecerunt,
1130 5663 1584 5733 subjecissemus;
1618 5662 1818 5718 etenim
1846 5678 1954 5720 non
1985 5663 2160 5719 solum
2193 5662 2581 5733 orthographia
2611 5662 2824 5733 gothiea
2856 5661 3056 5715 certior
3081 5669 3165 5716 est
3192 5661 3353 5715 simul
3381 5669 3437 5717 et

214 5829 228 5860 ι
276 5825 605 5882 Glossarium
651 5825 705 5880 in
752 5823 988 5884 editione
1052 5825 1360 5897 germaniea
1431 5825 1833 5894 grammaticam
1897 5825 2200 5896 praecedere
2241 5825 2352 5898 jam
2405 5824 2742 5892 monuimus,
2793 5825 2902 5881 col.
2951 5823 3095 5888 884,
3140 5827 3256 5875 not.
3289 5817 3405 5874 ³1η

129 5916 308 5972 ιργρν.
