2116 3167
189 120 227 150 l3

932 118 1082 150 NOTITIA.

228 175 262 204 ε
285 176 360 205 lianc
382 176 494 212 quidm
524 175 758 205 Combedsianam
773 176 881 206 ἂδοσιν
905 179 980 215 typis
995 181 1018 209 Δ
1032 178 1086 214 Ιοιί
1112 178 1269 214 composuit
1294 184 1408 208 sanctus
1434 178 1527 212 Pater.
1555 179 1761 216 inscripsitque.
1785 183 1815 206 ut

187 221 377 250 exeudeedam
389 223 556 251 curavimus.
570 221 666 258 Neque
690 223 763 251 enim
777 227 873 252 sctum
887 224 978 260 egisse

189 268 301 296 videtur
311 268 355 296 vir
364 268 475 301 doctus.
486 267 533 304 qui
554 269 640 297 semel
664 269 819 305 iterumque
838 269 978 305 vulgatum

189 315 325 347 libellum.
340 323 414 343 novo
428 315 504 343 cultu
515 315 664 351 expolitum
679 316 897 351 reprcsentavit.
911 314 979 350 Ejus

189 364 283 390 autem
297 361 502 394 adnotationes,
516 369 578 397 qua:
587 360 621 388 ad
637 362 730 397 operis
752 362 856 390 calcem
873 361 979 389 incom-

189 407 271 435 mode
286 407 456 443 legebantur.
474 407 559 435 textui
573 407 742 442 subiecimus
763 415 816 435 una
834 415 895 435 cum
907 407 978 435 sele-

189 454 325 483 ctioribus
347 454 504 482 Valesianis
524 463 533 482 ε
558 454 594 483 ad
619 456 700 483 linem
728 462 794 482 vero
810 454 977 482 attexuimus

188 508 259 537 quas
269 500 414 528 adornavit
424 501 550 532 Allatius.
565 507 613 529 eas
627 501 656 528 in
672 503 813 533 contextu.
831 500 957 536 apposito
968 501 977 511 ”

188 545 352 574 mdicantes.
378 545 503 581 Denique
528 553 585 582 quo
608 545 716 573 facilior
730 546 823 581 operis
842 546 928 582 lectio
949 549 977 574 et

188 599 257 620 usus
271 591 410 622 evaderet.
427 599 650 628 unamquamque
660 591 813 620 cntionem
829 591 978 620 Methodia-

188 645 251 665 nam
269 645 366 665 sumus
377 638 404 664 in
420 638 510 665 varias
521 638 658 666 sectiones
672 638 777 674 partiti,
793 645 911 673 quarum
935 639 978 665 in-

188 686 296 718 tegrum
325 688 505 718 conspectum
535 691 587 720 pro
608 691 686 712 more
716 688 813 712 nostro
845 683 973 712 subdidi-

188 736 260 756 1111³8.

224 774 270 802 IV.
280 774 341 803 ιω
354 783 420 804 vero
436 775 544 812 reliqua
563 775 739 804 letbodiana
755 784 902 805 recensere
917 784 978 812 pro-

187 829 391 857 sequamur.es
413 822 488 850 edito
514 822 716 852 Combellsiano
739 822 856 850 Parisiis
874 823 902 850 in
916 823 977 850 vul-

186 875 238 903 gus
261 868 362 896 emisso
382 875 454 896 anno
467 867 538 897 t8“
563 869 689 905 repetita.
714 868 870 897 Convivis"!
883 869 976 904 itaque

186 913 276 941 decus
290 915 420 950 virginitas
433 916 536 952 exeipit
545 916 616 944 liber
627 915 667 944 Ds
693 915 779 944 libero
796 915 912 942 arbitria
924 915 975 942 ad-

186 968 284 988 versus
311 959 520 991 Valentinianos
547 962 577 990 in
607 961 743 997 primiset
762 960 928 996 (trigonem;-
941 959 976 987 ad

185 1012 268 1044 quam
279 1007 377 1036 doctus
392 1007 481 1035 editor
496 1007 548 1035 ista
564 1007 695 1043 prafatur
712 1006 750 1043 (ν)
766 1015 773 1034 :
786 1015 796 1033 t
809 1005 922 1038 Damus.
932 1006 975 1033 in-

186 1054 256 1090 quit.
270 1054 324 1082 hoc
338 1062 408 1087 opus
422 1061 491 1089 pene
510 1054 657 1089 integrum.
675 1053 767 1080 tribas
782 1059 831 1080 seu
849 1051 975 1087 partibus

185 1108 236 1128 seu
250 1101 388 1136 escerst
397 1104 570 1136 congestum.
587 1099 737 1127 Esordium
759 1098 976 1133 nonnullamque

185 1149 291 1182 prtem
305 1147 430 1182 corporis
445 1145 568 1174 ediderat
579 1145 700 1173 Joannes
712 1144 848 1173 Ieurslus
859 1144 910 1179 (κ),
923 1151 974 1172 ceu

185 1191 286 1220 librum
302 1193 450 1228 integrum.
466 1199 501 1219 ne
517 1192 614 1220 leviter
641 1191 751 1226 quidem
771 1189 913 1218 inaintiato
926 1189 975 1218 de-

185 1237 270 1271 lectu,
285 1246 366 1274 quem
378 1238 476 1266 titulus
490 1239 559 1266 satis
571 1237 714 1274 arguebat.
741 1236 811 1264 Nam
826 1236 895 1264 nihil
914 1239 975 1264 erat

184 1288 242 1313 tota
261 1286 387 1314 oratione
405 1285 440 1313 de
455 1284 542 1312 libero
566 1283 693 1316 arbitrio,
708 1283 790 1318 cujus
806 1283 852 1311 ille
873 1287 975 1312 tracta-

184 1331 450 1361 tione-indicabat.
463 1329 579 1366 Reliqua
598 1329 829 1359 mutuati.sumus
848 1336 882 1357 es
901 1328 974 1356 Pho-

183 1376 268 1404 tianis
282 1376 332 1412 (g),
348 1379 463 1411 excepto
477 1375 587 1410 egregio
597 1374 654 1407 illo,
670 1373 705 1402 ad
718 1372 810 1405 linem.
830 1377 972 1408 escerpto,

185 1421 221 1449 de
231 1422 292 1457 ipso
310 1428 407 1449 revera
432 1420 519 1448 libero
531 1420 655 1452 arbitrio.
670 1419 743 1455 quod
758 1418 792 1446 Β.
806 1418 838 1446 Ρ.
853 1417 972 1446 Iacobus

183 1466 349 1496 Sirmondus
365 1468 394 1494 S.
410 1466 435 1494 J.
452 1466 651 1494 humanissime
675 1465 807 1493 utendum
822 1464 908 1497 dedit.
923 1471 972 1492 cu-

182 1513 230 1549 ius
250 1513 339 1556 etiam
358 1511 473 1540 Plautius
499 1512 617 1548 paucula
639 1511 835 1546 exscripserat.
865 1516 893 1538 et
917 1517 973 1544 quo
985 1527 1007 1556 ε

182 1557 290 1585 videtur
316 1555 470 1584 Iethodius
494 1556 630 1584 clausisse
656 1556 757 1584 librum
785 1556 888 1588 istum;
917 1555 971 1583 nisi

182 1601 253 1630 forte
279 1602 417 1637 aliquibus
430 1602 530 1630 additis
555 1602 589 1629 ad
607 1607 747 1634 ornatum.
768 1609 830 1637 qua:
845 1601 970 1634 Photius.

180 1648 235 1674 soli
250 1647 384 1675 doctrina
405 1648 529 1680 studens.
556 1656 611 1676 non
636 1648 811 1676 delibaverit.
835 1646 972 1675 Nonnulla

180 1692 355 1721 cie-derunt
370 1694 398 1721 ia
416 1694 565 1729 interprete
590 1693 700 1728 Pbotii;
724 1699 753 1722 ut
776 1694 878 1722 fuerint
888 1694 972 1722 etiam

180 1739 247 1775 Qus
269 1739 304 1767 de
331 1739 439 1775 integro
464 1739 620 1773 reddenda;
645 1743 674 1767 et
699 1747 755 1776 quo
781 1741 863 1768 etiam
875 1740 971 1768 eodem

179 1785 253 1822 lylo
267 1785 427 1821 interpretis
440 1785 599 1813 decurreret
609 1790 665 1812 tota
680 1786 779 1814 oratio.
800 1795 811 1812 ι
831 1784 971 1813 Hactenus

179 1833 241 1861 ille.
255 1831 305 1860 Est
316 1836 406 1860 autem
420 1832 490 1860 liber
504 1831 663 1867 huiusmodi
675 1831 710 1859 ad
738 1831 856 1859 fortnam
869 1831 969 1867 dialogi

178 1879 357 1915 cnscriptus
381 1879 454 1907 inter
477 1878 700 1907 Valentinianum
715 1882 743 1906 et
769 1877 968 1910 Ortbodosum.

178 1932 265 1962 super
277 1926 454 1954 vexatissima
468 1928 621 1962 quaestione
635 1927 668 1953 de
680 1926 781 1961 origine
792 1926 871 1952 mali:
887 1925 970 1952 adeo-

178 1980 249 2009 que.
262 1979 318 2008 quo
336 1972 440 2001 clarius
461 1973 595 2000 orationis
625 1976 772 2000 contextus
788 1971 926 2007 procedat,
942 1971 970 1998 in

176 2019 301 2047 editione
314 2023 408 2047 nostra
419 2026 551 2054 personas
566 2016 755 2053 colloquentes
764 2017 943 2046 distinximus
960 2026 967 2044 :

175 2064 337 2093 Combellsii
346 2065 563 2097 observationes.
572 2072 632 2100 qua:
644 2064 762 2100 primum
773 2064 880 2099 'longea
892 2066 970 2090 textu

175 2107 332 2139 distabant.
347 2109 408 2135 suis
434 2116 560 2144 quasque
582 2108 652 2136 locis
663 2107 848 2140 restituimus,
864 2108 969 2135 notulis

174 2153 321 2182 nonnullis
333 2153 434 2181 alicubi
448 2153 593 2189 inspersis.
612 2153 690 2188 Quod
713 2154 822 2189 quidem
839 2157 866 2180 et
882 2153 909 2180 in
924 2160 963 2180 re-

1029 224 1148 257 videtur.
1163 223 1315 261 Theophila
1329 225 1450 258 cuidam.
1465 234 1546 262 quem
1562 226 1707 262 κράτιστον
1721 226 1815 262 appel-

1029 270 1068 297 lat
1099 268 1139 305 (ιι)
1179 269 1207 298 In
1232 279 1266 298 eo
1289 276 1380 300 autem
1413 271 1581 300 inducuntur
1607 271 1762 300 letbodius
1788 276 1816 300 et

1029 315 1182 343 Auxentius
1199 324 1261 344 cum
1280 316 1444 352 Origuiistis
1463 317 1561 346 Proclo
1581 321 1608 345 et
1627 318 1816 354 Aglaophonte

1029 361 1215 396 colloquentes
1231 369 1279 390 seu
1294 363 1476 398 disputantes.
1489 362 1549 391 1am
1560 363 1605 391 diu
1617 371 1743 399 magnam
1752 371 1817 400 par-

1029 410 1083 434 tem
1099 406 1259 442 deperditus
1268 407 1394 444 dialogus
1405 409 1468 437 iste.
1482 408 1548 444 Ejus
1561 414 1650 437 tamen
1661 409 1816 445 fragmenta

1028 452 1099 480 satis
1115 453 1205 488 ampla
1216 457 1327 481 exstant
1339 459 1397 481 tum
1412 455 1484 490 apud
1493 454 1673 490 Epiphanium
1689 455 1738 491 (ι),
1757 460 1816 484 tum

1028 498 1099 534 apud
1114 497 1242 526 Pbotium
1260 499 1308 535 (ε),
1325 500 1373 534 qui
1389 505 1417 528 et
1440 508 1474 528 es
1491 501 1587 528 eodem
1602 508 1685 537 opere
1697 509 1817 536 semper

1028 544 1133 572 diosum
1147 545 1337 580 expositionem
1351 546 1484 574 dictarunt
1500 549 1675 582 quorumdam
1686 548 1815 583 apostoli-
1867 575 1874 581 ,

1028 599 1130 623 eorum.
1162 590 1300 620 lethodio
1328 599 1392 620 vere
1425 593 1547 628 dignam.
1582 595 1664 622 nobis
1686 595 1814 623 servavit.

1027 636 1164 664 Nonnulla
1181 637 1245 664 item
1264 638 1337 672 apud
1351 637 1484 666 Joannem
1503 639 1700 668 Damascenum
1717 640 1756 677 (tl)
1767 648 1816 668 oc-

1027 687 1153 710 curntnt.
1168 681 1251 710 Plura
1264 683 1298 711 de
1309 683 1359 711 hoc
1376 691 1458 719 opere
1476 686 1582 713 erudite
1598 685 1726 714 observat
1742 687 1817 714 Alla-

1028 729 1083 757 tius
1099 727 1146 764 (ε).

1063 775 1176 803 Interim
1202 783 1269 803 vero
1294 783 1374 811 quem
1402 776 1542 812 sequimur
1569 778 1702 806 editorem
1720 780 1816 808 audia-

1028 829 1091 849 mus
1111 821 1155 856 (ί).
1175 831 1185 848 t
1206 821 1379 858 Quanquam.
1401 823 1500 858 inquit.
1526 823 1662 851 insidebat
1693 825 1814 857 animus.

1028 871 1058 894 ut
1074 867 1247 908 Methodiana
1262 869 1354 896 omnia
1371 869 1526 904 Epiphanii.
1540 878 1601 898 cum
1623 871 1684 898 altis
1699 879 1760 906 qua
1771 879 1814 900 ocv

1027 914 1182 942 currissent
1191 914 1314 949 eiusdem
1337 915 1477 948 Metltodii.
1499 916 1526 943 in
1546 925 1630 945 unum
1660 923 1814 953 contporta«

1026 967 1095 992 rem.
1110 960 1327 995 nonnullamque
1342 961 1370 988 in
1384 962 1425 989 eis
1442 963 1613 998 corrigendis
1630 972 1689 999 qute
1717 965 1814 999 dcpra-

1026 1007 1089 1030 vata
1105 1003 1251 1031 admodum
1281 1004 1415 1037 viderem,
1432 1013 1542 1040 operam
1571 1015 1712 1042 ponerem.
1731 1008 1815 1036 inire:

1026 1050 1065 1084 git
1079 1053 1170 1078 tamen
1182 1056 1309 1078 conatum
1321 1050 1412 1086 inopia
1421 1051 1564 1079 meliorum
1579 1053 1716 1085 codicum.
1732 1063 1814 1090 quam

1025 1096 1129 1131 quibus
1148 1100 1222 1124 esset
1238 1104 1306 1124 usus
1320 1097 1500 1132 politissimus
1523 1098 1658 1133 interpres
1670 1099 1815 1135 Epiphanii

1026 1139 1156 1171 Petavius
1165 1142 1194 1170 S.
1207 1142 1245 1176 ι..
1261 1151 1350 1179 eoque
1361 1143 1458 1172 satise
1470 1151 1499 1172 re
1512 1143 1646 1172 facturum
1669 1145 1745 1178 duxi,
1758 1154 1814 1174 mo-

1025 1188 1062 1216 do
1078 1195 1110 1216 ea
1127 1192 1234 1216 tantum
1249 1196 1282 1216 es
1303 1188 1375 1216 libro
1388 1188 1434 1216 illo
1460 1188 1500 1216 De
1518 1189 1718 1222 resurrectione.
1731 1198 1814 1226 quem

1026 1235 1137 1264 circiter
1149 1235 1269 1262 medium
1287 1234 1471 1270 esscripsisse
1481 1243 1510 1263 se
1529 1235 1589 1271 ipse
1604 1236 1739 1272 signiﬁcat
1750 1236 1814 1271 Epi-

1025 1281 1144 1317 phanius
1171 1280 1206 1308 ad
1231 1281 1324 1312 linem.
1343 1280 1377 1308 de
1393 1288 1464 1308 novo
1491 1281 1611 1313 ederent.
1627 1290 1688 1317 quae
1717 1288 1759 1310 vet
1775 1290 1814 1309 es-

1025 1331 1087 1354 sent
1102 1333 1173 1353 nova
1191 1330 1218 1353 et
1241 1325 1385 1357 ἀνικδστα,
1399 1326 1442 1353 vel
1471 1330 1502 1353 ut
1521 1334 1604 1359 nova.
1623 1328 1815 1356 emendatione

1024 1374 1117 1399 textus
1131 1378 1183 1405 ope
1198 1370 1326 1398 codicum
1352 1370 1508 1403 meliorum,
1535 1378 1660 1406 novaque
1679 1373 1814 1407 quodam-

1024 1416 1117 1448 modo,
1143 1415 1370 1450 interpretatione
1380 1419 1487 1447 nostra,
1505 1414 1592 1443 videri
1614 1422 1736 1450 possent.
1757 1417 1813 1443 liu-

1024 1462 1088 1498 plici
1103 1461 1138 1489 ad
1153 1461 1206 1489 hoc
1218 1461 1313 1490 codice
1321 1462 1363 1489 usi
1379 1469 1486 1495 sumus,
1501 1461 1587 1490 altero
1602 1462 1812 1492 eminentissimi

1024 1508 1175 1536 cardinalis
1202 1507 1398 1543 Rupifucaldii.
1417 1516 1473 1543 quo
1502 1508 1598 1544 grandi
1615 1509 1753 1537 volumine
1780 1517 1814 1538 ac

1024 1555 1187 1590 perantiquo
1203 1555 1338 1582 habentur
1364 1554 1501 1582 Etementa
1529 1553 1708 1588 Damasceni;
1726 1556 1813 1583 altero

1024 1601 1057 1629 li.
1075 1599 1106 1628 P.
1125 1599 1265 1628 Sirmondi
1291 1598 1359 1628 SJ.
1376 1606 1403 1628 et
1426 1600 1486 1635 ipso
1511 1601 1633 1636 antiquo.
1665 1602 1813 1630 collectore

1024 1654 1162 1682 anonymo
1188 1646 1321 1674 adversus
1346 1645 1542 1681 Etttychiatws,
1568 1654 1619 1674 sua
1643 1647 1704 1682 ipso
1729 1655 1813 1676 manu

1022 1692 1197 1721 esscribente
1210 1691 1413 1726 bumaniusque
1429 1696 1600 1729 suggerente,
1615 1700 1666 1729 pro
1682 1700 1731 1720 tua
1753 1693 1811 1728 illa,

1022 1739 1097 1766 omni
1116 1738 1198 1766 modo
1211 1737 1382 1765 illustrandae
1397 1738 1569 1773 antiquitatis
1595 1746 1646 1766 suo
1666 1739 1812 1775 alienoque

1021 1785 1128 1812 calamo
1142 1804 1152 1818 .
1174 1789 1270 1820 vegeta
1300 1784 1328 1811 in
1357 1784 1436 1812 senili
1452 1792 1566 1819 corpore
1585 1787 1779 1820 propensione.
1798 1795 1810 1814 ι

1020 1829 1107 1858 Porro
1130 1829 1203 1858 idem
1217 1829 1317 1861 editor.
1333 1829 1366 1857 ad
1382 1833 1511 1865 excerpta
1530 1829 1663 1858 Photiana
1676 1832 1750 1867 quod
1769 1837 1812 1860 at-

1020 1877 1101 1910 tinet,
1133 1876 1192 1904 htec
1218 1876 1311 1904 subdit
1325 1876 1382 1912 (9):
1410 1885 1420 1902 ι
1448 1875 1596 1904 Videamur
1623 1877 1693 1906 forte
1718 1882 1810 1907 actum

1020 1928 1112 1957 agere,
1124 1921 1170 1956 qui
1184 1920 1358 1948 Methodiana
1374 1920 1432 1948 bac
1447 1921 1503 1955 jam
1532 1921 1606 1953 data,
1620 1922 1686 1950 dare
1708 1923 1811 1950 iterum

1020 1973 1211 2003 procuramus.
1242 1966 1336 1996 Fuerit
1365 1969 1561 2002 nihilominus.
1587 1974 1618 1997 ut
1642 1971 1810 2000 accuratiori

1019 2020 1113 2048 opera.
1141 2013 1231 2048 qualis
1248 2013 1305 2041 fere
1323 2018 1366 2042 est
1396 2016 1521 2050 angustis
1550 2016 1807 2051 terminisdelinita.

1019 2060 1082 2087 novi
1093 2059 1196 2095 aliquid
1212 2059 1376 2088 illustrando
1400 2060 1537 2089 Metliodio
1553 2066 1660 2095 nostro.
1692 2064 1754 2092 aliis
1766 2065 1808 2092 vel

1019 2105 1141 2140 neglecta
1167 2106 1210 2134 vel
1234 2106 1326 2133 minus
1350 2112 1504 2142 perspecta.
1531 2108 1586 2136 alio
1613 2108 1808 2138 festinantibus

1019 2150 1208 2185 grandiusque
1223 2151 1401 2179 molientibus
1415 2160 1494 2188 opus.
1512 2153 1696 2182 inveniamus.
1714 2155 1809 2190 Itaque

174 2199 264 2234 liquis
272 2207 323 2226 nos
335 2198 507 2234 praestitisse.
526 2199 571 2226 hic
585 2200 669 2227 semel
682 2199 821 2227 indicasse
839 2198 965 2226 sumciat.
984 2203 1004 2230 ι)
1019 2203 1117 2223 novam
1145 2197 1301 2225 versionem
1327 2197 1404 2233 (uuln
1417 2205 1478 2225 eam
1495 2198 1631 2231 inuiiiem.
1656 2200 1703 2227 alii
1719 2208 1749 2228 re
1763 2201 1806 2228 in-

215 2244 248 2273 V.
261 2244 422 2280 Sequuntur
435 2250 564 2279 excerpta
577 2253 611 2272 ex
630 2245 701 2272 libro
719 2245 757 2272 De
773 2245 965 2272 resurrectione
1019 2245 1112 2276 specta
1140 2243 1302 2279 collatisque
1323 2243 1451 2272 omnibus
1468 2245 1637 2281 censuerint)
1651 2246 1685 2273 ad
1710 2246 1804 2274 Graeca

173 2294 275 2319 contra
290 2290 445 2326 Origenem.
463 2298 545 2326 quem
565 2295 680 2319 sanctus
701 2290 882 2327 Hieronymus
900 2298 963 2323 opus

172 2337 310 2371 magiam
326 2335 454 2373 appellat.
469 2335 610 2364 Laudatur
621 2337 691 2364 etab
704 2336 848 2364 Eustatbio
872 2335 964 2363 Antio-

171 2382 266 2411 εδειιο
287 2383 332 2410 bis
355 2382 445 2410 verbis
457 2381 494 2417 (ι)
510 2391 518 2409 :
543 2382 674 2414 Μεθὸδιος
690 2383 704 2408 ὁ
718 2383 767 2418 τῆς
790 2381 870 2415 ἁγίας
889 2381 963 2413 ἄξιος

173 2429 299 2464 μνήμης,
313 2428 431 2464 ἔγραψεν
442 2426 625 2463 ἀποχρώντως
637 2429 677 2460 εις
689 2428 748 2454 τόδε
767 2427 798 2454 τὺ
810 2427 941 2463 θεώρημα
953 2447 960 2459 ,

170 2483 205 2502 as.
217 2483 243 2501 τ.
257 2473 283 2501 λ.
298 2474 330 2504 id
338 2479 392 2507 est.
412 2474 510 2501 Allatio
519 2474 665 2509 interprete
684 2483 693 2499 ι
708 2483 715 2500 :
731 2473 883 2501 Methodius
896 2480 961 2501 san-

170 2522 227 2547 cta
245 2519 384 2547 memoria
402 2519 430 2547 in
445 2518 511 2546 illud
521 2519 667 2554 quasitum
683 2519 752 2546 satis
766 2519 875 2546 abunde
889 2519 959 2546 scri-

169 2565 242 2602 psit,
261 2573 272 2591 ι
288 2568 343 2592 etc.
359 2564 393 2592 ιι
407 2558 598 2601 huncquooue
615 2564 715 2593 librum
728 2564 764 2592 ad
777 2564 892 2593 formam
905 2564 961 2592 dia-

219 2632 248 2669 's)
259 2632 381 2661 Combel’.
390 2631 420 2660 in
435 2636 492 2661 not.
505 2632 538 2660 ad
549 2631 679 2664 Method..
692 2640 720 2667 p.
734 2631 797 2660 462.

219 2666 251 2709 fx)
265 2667 414 2709 EcursLin.
427 2667 533 2709 Verior.
547 2669 627 2695 divin.
643 2668 722 2695 libro.

265 2703 342 2731 Pbot.
352 2702 423 2730 Bibl.
439 2703 501 2731 cod.
517 2710 643 2731 cessavi.

222 2712 238 2765 Ξ
263 2705 501 2766 ἕδοδέἕὶοῧεωὰ.
517 2710 691 2766 (ἦςιιινιὶΰθι

222 2705 250 2809 ,ξ
260 2746 654 2809 ..ἕλω-,ρυειῇςτρίειέςςμ
668 2759 700 2802 ιο]

220 2773 250 2809 s)
260 2773 378 2802 Ietltod.
392 2774 463 2808 apud
473 2773 583 2809 Epipb.,
591 2773 654 2809 opp.
668 2778 733 2802 tom.
747 2773 767 2806 Ι,
782 2781 809 2810 p.
818 2773 880 2805 5&0.
893 2773 956 2806 56‘.

206 2827 248 2875 ii)
262 2842 358 2876 Epipb.
372 2842 445 2871 Her.
460 2851 531 2871 utv.

1018 2283 1225 2323 componemus.
1255 2289 1425 2325 subindeque
1451 2291 1618 2324 notabimus.
1630 2291 1654 2319 si
1682 2292 1747 2327 quid
1772 2300 1804 2321 es

1018 2334 1090 2365 aliis.
1104 2335 1257 2369 praesertim
1272 2335 1541 2370 Methodianis,lucis
1554 2337 1656 2373 aliquid
1670 2346 1704 2366 ex
1719 2339 1804 2366 colla-

1016 2379 1092 2407 tione
1108 2379 1204 2408 allerre
1214 2381 1310 2415 possit.
1328 2381 1465 2410 Habemus
1478 2386 1576 2418 praeter
1585 2384 1718 2419 impressa
1733 2384 1805 2412 Pho-

1016 2426 1059 2457 tii,
1085 2426 1167 2453 etiam
1196 2427 1334 2462 exscripta
1357 2428 1422 2455 olim
1437 2435 1452 2455 a
1464 2428 1496 2456 R.
1513 2428 1544 2457 P.
1566 2428 1724 2462 Sirmondo.
1742 2439 1803 2466 qua:

1015 2471 1122 2506 possint
1139 2472 1200 2499 usui
1215 2480 1286 2500 esse.
1305 2482 1316 2499 ι

1052 2517 1109 2544 lluc
1123 2526 1209 2553 usque
1222 2518 1405 2547 Combelis'rus
1418 2529 1424 2547 :
1441 2520 1487 2555 qui
1504 2520 1633 2556 deinceps
1649 2523 1740 2550 nobile
1754 2531 1801 2551 es-

1013 2567 1137 2598 cerptum
1152 2571 1185 2591 ex
1198 2563 1295 2592 eodem
1311 2565 1381 2592 libro
1396 2565 1434 2593 De
1450 2568 1649 2598 resurrectione.
1671 2568 1801 2604 deprom-

1062 2632 1086 2662 ε)
1105 2631 1182 2659 Pbot.
1205 2632 1275 2659 Bibl.
1296 2634 1357 2661 cod.
1375 2641 1500 2662 ccssxtv.

1062 2634 1086 2662 ε)
1105 2634 1182 2659 Pbot.
1205 2634 1275 2659 Bibl.
1296 2634 1357 2661 cod.
1375 2641 1500 2662 ccssxtv.

1049 2634 1179 2729 ξίέἑιοεη.
1197 2667 1321 2696 Damasc.
1345 2676 1416 2696 orat.
1431 2670 1448 2696 3
1465 2670 1502 2696 De
1515 2671 1612 2706 imagin
1626 2691 1636 2704 .
1649 2679 1712 2707 opp.
1730 2678 1749 2700 t.
1764 2671 1796 2703 ν,

1011 2703 1176 2771 ρ’(ῗξξιέιιλι.
1200 2736 1287 2765 Diatr.
1310 2740 1343 2766 de
1371 2739 1486 2768 Method.
1522 2742 1613 2775 script.
1634 2750 1695 2778 pag.
1725 2742 1796 2775 554,

1009 2780 1089 2808 seqq.

1046 2806 1079 2846 (Ι)
1093 2806 1216 2846 quilibet
1236 2809 1334 2846 in_not.
1354 2811 1386 2838 ad
1398 2810 1516 2838 Method.
1531 2819 1557 2846 ρ.
1573 2811 1636 2839 “9.

1046 2845 1083 2878 (g)
1101 2842 1169 2870 ibid.
1186 2851 1246 2880 pag.
1262 2843 1324 2872 4&2.
