2116 3167
300 134 335 163 15
760 133 790 161 ε.
811 130 1014 160 IETHODIUS
1029 130 1110 158 ΕΗΒ(

1141 128 1221 158 )l'US
1238 128 1283 156 ET
1302 125 1462 156 IARTYR.
1893 126 1927 154 id

299 199 378 230 ptum
391 202 408 223 e
421 193 525 222 Catena
552 192 765 222 eminentissimi
789 191 940 220 cardinalis
954 190 1087 219 Mazarini
1100 193 1124 222 Α
1137 189 1242 225 eil’ugit.
1259 188 1297 216 Ex
1314 187 1490 215 Methodiano
1505 191 1632 213 sermone
1649 182 1690 212 De
1703 183 1867 220 martyribus
1882 191 1930 212 ex-

300 243 329 268 et
340 239 519 272 Corderiana.
539 238 636 267 Latine
651 238 773 274 vulgavit
783 237 823 275 Ut)
850 237 879 265 in
902 244 952 266 sua
982 237 1087 265 Biblio-

300 286 376 313 theca
386 283 721 318 mcionatoria,tom..ll,
736 292 798 320 pag.
814 283 879 316 265.
892 291 964 320 seq..
983 290 1037 319 qua
1054 282 1088 310 de

299 340 331 360 re
352 332 467 369 ipsemet
480 332 647 361 mentionem
670 331 760 367 injicit
789 331 817 359 in
831 332 967 359 recensitis
993 336 1088 359 aucto-

299 378 374 405 ribus
389 378 514 413 ejusdem
521 377 701 410 Bibliotheca,
714 382 781 405 tom.
797 377 819 410 l,
834 386 896 414 pag.
912 377 958 406 50.
971 376 1001 405 ld
1012 384 1088 405 emo-

301 424 415 452 lumenti
438 431 495 460 prae
518 423 627 451 caeteris
649 431 682 450 ex
700 423 833 458 praclaro
848 423 903 451 isto
934 422 1088 458 fragmento

301 477 442 505 emergere
456 469 595 501 novimus,
610 468 682 504 quod
698 476 732 496 ex
756 476 789 496 eo
800 468 914 497 alterius
924 468 978 496 loci
993 468 1089 495 αὐθεν-

300 514 347 543 sta
376 513 565 546 conﬁrmatur,
582 520 597 540 a
622 512 728 542 Joanne
758 512 928 541 Damasceno
944 513 1023 541 relati
1034 512 1087 548 (ὓς

258 576 264 581 -
301 560 449 595 utrobique
461 560 535 588 enim
563 565 675 588 sanctus
688 560 734 588 ille
760 564 863 596 martyr
878 559 1032 595 dogmatice
1047 565 1092 586 ar-

301 606 361 643 guit
373 613 388 633 a
399 606 554 641 principum
569 605 604 633 ad
614 613 708 634 sacras
724 606 866 642 imagines,
876 609 906 632 ut
915 605 943 632 in
953 605 1087 640 utrisque,

300 650 401 679 honori
415 650 457 678 vel
469 650 641 678 contumeliae
651 650 785 678 habeatur
790 653 989 686 prototyponet
998 658 1090 678 exem-

300 695 361 730 plar
378 704 386 723 :
404 695 496 723 verbis
510 700 574 723 utor
583 695 696 724 editoris
705 696 793 724 nostri
807 695 841 724 ad
854 695 934 732 prius
953 695 1090 731 fragmen-

300 744 360 768 tum
379 740 575 769 eDamasceno
605 741 788 777 desumptum.
812 741 889 775 Quod
907 742 1016 778 quidem
1042 749 1090 769 ea-

300 790 413 822 propter
424 787 586 815 observasse
598 788 729 823 oportuit,
744 791 775 815 ut
806 787 986 822 improvidam
998 787 1088 815 homi-

300 833 346 861 nis
359 833 518 861 heterodoxi
534 833 566 869 ω
583 840 730 861 censuram
744 833 922 866 dilueremus.
936 832 983 869 qui
997 841 1033 861 ne
1044 841 1090 861 sa-

1141 235 1216 263 hibet
1232 233 1300 261 illud
1310 231 1499 260 Theodoretus
1508 230 1556 266 (σ).

1176 280 1320 309 Accedunt
1341 278 1466 313 ejusdem
1492 275 1622 304 Methodii
1644 275 1764 303 homiliae
1776 275 1848 306 duae.
1861 282 1930 310 qua-

1141 335 1203 356 rum
1218 327 1317 358 altera,
1330 325 1370 353 De
1380 324 1507 360 Symeone
1522 327 1547 350 et
1556 323 1645 356 Anna,
1660 330 1711 358 quo
1720 322 1764 349 die
1772 321 1887 349 Domino
1900 321 1930 348 in
1965 314 1970 317 ⁴

1142 373 1238 409 templo
1263 376 1452 403 occurrerant,
1474 369 1652 403 inscribitur;
1671 368 1769 400 altera,
1787 366 1821 394 In
1839 374 1931 394 ramos

1143 417 1310 446 Patmarum.
1329 417 1364 445 Et
1380 416 1414 445 ad
1427 423 1475 444 eas
1504 415 1614 452 quidem
1628 414 1687 442 lia-.c
1700 414 1781 442 habet
1795 411 1931 441 Combe!!-

1141 464 1200 492 sius
1215 463 1250 500 (r)
1269 473 1276 491 :
1293 472 1304 490 ς
1322 462 1480 491 Orationem
1496 462 1525 489 in
1541 460 1705 497 Symeonem
1725 462 1753 487 et
1780 458 1887 486 Annam
1900 457 1930 485 in

1142 509 1187 537 die
1198 508 1350 541 Occursus,
1365 507 1504 543 vulgatam
1520 507 1640 542 primum
1650 505 1733 533 Petro
1746 503 1874 536 Pantino,
1886 509 1930 530 re-

1141 560 1350 591 praesentamus.
1366 553 1504 588 simulque
1516 552 1610 588 aliqua
1626 550 1655 579 in
1676 550 1751 578 notis
1762 549 1928 581 indicamus,

1142 602 1242 637 quibus
1259 601 1292 629 ad
1303 608 1402 629 novam
1417 600 1570 629 versionem
1598 603 1662 634 post
1683 597 1758 624 illam
1787 595 1930 623 Pantinia-

1142 655 1205 676 nam
1219 647 1323 675 inducti
1336 653 1443 675 sumus.
1473 640 1542 673 Esse
1558 647 1649 672 autem
1673 642 1796 678 ejusdem
1827 640 1931 668 oratio-

1142 701 1204 720 nem
1220 693 1292 720 banc
1304 691 1560 721 luculentissimam,
1575 689 1656 724 cujus
1672 691 1737 716 sunt
1757 686 1930 723 Symposium

1142 736 1175 764 de
1185 737 1318 770 castitate,
1333 740 1361 764 et
1372 735 1501 763 Methodii
1516 733 1590 762 illitis
1605 732 1775 768 Origenianis
1789 731 1931 760 erroribus

1143 782 1332 814 infensissimi,
1347 782 1406 817 ipse
1420 785 1515 809 auctor
1529 780 1596 808 satis
1609 778 1745 814 expressit
1758 778 1805 814 (ι).
1822 781 1853 805 ut
1868 777 1929 805 nul-

1143 829 1186 856 lus
1201 828 1238 856 sit
1252 827 1395 856 dubitandi
1409 826 1496 854 locus.
1514 825 1676 853 lnscribitur
1688 823 1832 858 ἐπισκόπῳ
1843 822 1929 850 Παώ

301 885 412 906 crarum
428 878 578 914 imaginum
594 877 697 906 cultum
710 885 858 913 agnoscere
866 881 1020 914 cogeretur,
1035 877 1092 912 jam
1107 872 1129 900 Β
1144 883 1209 910 ρων,
1221 874 1265 902 cui
1282 873 1364 901 etiam
1382 872 1567 900 Damascenus
1582 871 1610 898 in
1639 869 1782 897 Etementis
1795 876 1851 896 non
1865 872 1928 896 tan-

302 923 404 950 sazculo
420 930 451 950 Ill
462 921 604 951 desinente
618 924 707 950 sancti
719 922 847 950 Methodii
878 923 1043 950 auctoritate
1059 930 1091 950 ac

302 967 428 996 doctrina
443 967 593 1000 firmatum,
611 967 726 996 Joannis
753 967 914 996 Damasceni
938 967 1017 996 {idem
1036 967 1092 996 ele-

301 1020 367 1040 vare
381 1019 527 1048 aggressus
545 1017 597 1041 est.

338 1056 384 1085 Vl.
399 1057 550 1093 Subjicitur
563 1066 596 1087 ex
612 1058 711 1087 Photio
724 1059 760 1095 (It)
776 1059 878 1095 ἐκλογὴ
895 1059 960 1096 περὶ
973 1059 1027 1086 τῶν
1045 1067 1092 1094 γε-

303 1104 403 1140 νητῶν,
425 1105 482 1132 sive
497 1110 657 1140 excerptum
688 1113 723 1133 ex
735 1106 811 1135 libro.
830 1105 869 1132 De
879 1106 986 1132 creatis.
1016 1105 1092 1140 Opus

303 1152 394 1177 autem
406 1149 444 1177 ita
459 1150 621 1184 inscriptum
638 1150 738 1177 litteris
752 1150 897 1177 mandasse
912 1149 1090 1182 Methodium,

301 1194 378 1222 haud
402 1193 523 1229 produnt
543 1198 660 1222 veteres.
691 1193 812 1221 Meminit
831 1193 941 1229 quidem
956 1193 1092 1229 Hierony-

303 1247 366 1267 mus
381 1239 442 1274 ejus
453 1238 709 1266 Commentariorum
721 1239 749 1266 in
761 1237 882 1271 Genesin,
894 1246 1010 1274 quorum
1025 1238 1094 1273 frag-

303 1290 397 1313 menta
411 1285 542 1313 nonnulla
558 1285 587 1312 in
604 1285 715 1314 Catenis
743 1293 812 1314 mss.
829 1285 919 1313 adhuc
936 1289 1068 1321 superant
1084 1294 1091 1311 ε

304 1330 378 1358 unde
387 1330 528 1358 nonnullis
544 1330 634 1358 visum
657 1338 690 1358 ex
702 1330 799 1358 iisdem
824 1330 1030 1358 commentariis
1045 1337 1094 1358 ex-

304 1379 427 1411 cerptum
445 1375 608 1404 Photianum
635 1376 723 1404 fuisse
739 1376 922 1412 descriptum.
948 1377 1016 1405 Utut
1039 1379 1091 1408 est.

304 1420 334 1449 in
347 1428 379 1449 eo
393 1421 515 1457 disputat
527 1421 626 1449 iterum
638 1426 750 1450 sanctus
766 1425 871 1458 martyr
883 1421 1016 1449 adversus
1029 1420 1092 1448 Ori-

304 1474 412 1503 genem‘,
425 1469 505 1503 quem
522 1474 675 1495 centaurum
686 1468 804 1503 appellat
816 1467 847 1502 (ι)
860 1477 868 1501 ;
884 1471 966 1502 atque
982 1474 1094 1503 μαργα-

305 1512 385 1548 ρίτας
393 1512 441 1539 τοῦ
452 1512 579 1546 ξενῶνος,
593 1512 645 1540 hoc
661 1516 713 1546 est,
733 1513 872 1540 sanctiora
883 1511 987 1540 Christi
1000 1511 1093 1539 Eccle-

305 1546 354 1588 siae
364 1558 491 1594 dogmata
506 1558 625 1587 ethnicis
636 1558 745 1594 placitis
762 1559 852 1594 ipsum
865 1558 1016 1586 intexuisse
1028 1563 1097 1593 que-
1107 1546 1129 1575 δ

304 1604 385 1632 ritur.
399 1603 525 1632 Occurrit
536 1612 591 1632 vox
605 1605 650 1631 illa
664 1603 777 1636 ξενῶνας
791 1605 843 1632 sub
864 1604 988 1639 excerpti
1012 1603 1095 1638 hujus

304 1649 427 1684 inititnn,
441 1650 488 1678 ubi
505 1651 581 1678 varia
596 1651 710 1686 conjicit
725 1649 915 1679 Combeiisius.
932 1649 1033 1678 Verum
1051 1650 1095 1677 in-

304 1699 413 1732 terpres
427 1695 519 1724 Photii
531 1704 592 1724 eam
623 1704 673 1731 pro
690 1697 822 1724 communi
838 1696 956 1724 omnium
970 1696 1094 1731 hospitio.

306 1742 365 1770 sive
374 1749 425 1777 pro
435 1746 508 1770 cmtu
523 1742 653 1775 ﬁdelium,
668 1751 729 1771 esse
752 1743 942 1778 accipiendam
961 1747 1047 1777 recte,
1065 1746 1095 1770 ut

306 1787 425 1820 videtur,
441 1787 590 1816 existimat.
610 1787 656 1815 Sic
671 1789 743 1816 enim
760 1792 787 1816 et
804 1788 903 1817 Suidas
925 1789 999 1817 illam
1014 1797 1096 1817 usur-

305 1835 355 1868 pat
371 1830 432 1868 (m).
444 1831 606 1860 Consulesis
622 1837 650 1860 et
664 1834 739 1861 viros
767 1833 891 1862 eruditos
906 1833 941 1861 ad
956 1832 1094 1863 Pollucem

307 1876 347 1913 (η)
364 1881 446 1912 atque
461 1876 627 1913 Hesychium
644 1877 693 1914 (ο).

342 1922 477 1951 Praeterea
496 1923 651 1953 Methodius
668 1925 772 1960 primus
787 1924 910 1953 omnium
921 1925 955 1952 ad
973 1925 1096 1953 veritatis

308 1967 496 1997 defensionem
507 1970 652 2005 scripsisse
667 1970 792 1998 adversus
822 1969 1000 2005 Porphyrium
1017 1978 1095 1998 com-

307 2015 423 2050 peritur,
443 2023 524 2050 quem
535 2021 630 2051 postea
645 2022 710 2044 sunt
721 2017 809 2044 secuti
824 2016 959 2044 Eusebius
974 2020 1001 2045 et
1011 2016 1094 2052 Apol-

308 2060 416 2088 linaris.
432 2060 500 2094 Ejus
513 2069 594 2096 opus,
610 2061 749 2089 veteribus
773 2062 892 2088 maxime
917 2061 1095 2094 celebratum,

308 2114 397 2142 usque
411 2106 445 2135 ad
460 2106 556 2134 decem
579 2107 663 2134 millia
679 2114 808 2134 versuum
826 2109 1010 2141 processerat,
1025 2110 1097 2134 teste

309 2152 476 2188 Hieronymo
488 2152 526 2189 (ρ)
541 2162 548 2180 :
563 2153 611 2181 sed
630 2152 743 2185 interiit,
762 2152 856 2188 paucis
878 2152 1041 2187 quibusdam
1057 2152 1098 2179 la-

1143 926 1199 948 tum
1215 919 1355 956 Symposia
1366 918 1473 950 tribuit,
1491 916 1540 945 sed
1552 917 1633 944 etiam
1654 916 1755 943 librum
1771 914 1843 949 Περὶ
1857 915 1928 942 dra-

1142 966 1289 998 στάσεως.
1303 965 1373 992 Hinc
1392 964 1447 992 Leo
1464 963 1581 990 Allatius
1604 961 1726 989 Gretseri
1745 961 1930 996 opinationem

1142 1013 1239 1040 merito
1253 1011 1376 1040 exsuillat
1391 1010 1434 1046 (t),
1451 1009 1516 1037 dum
1533 1008 1608 1036 nulla
1624 1007 1730 1035 ratione
1744 1006 1856 1034 molitur
1869 1014 1931 1035 eam

1142 1059 1294 1087 orationem
1324 1057 1456 1092 abrogare
1478 1055 1617 1083 Methodio
1642 1054 1754 1090 martyri
1768 1061 1801 1081 ac
1816 1052 1930 1086 seniori,

1142 1108 1170 1132 et
1186 1104 1309 1131 tribuere
1328 1100 1645 1136 Constantinopolitano,
1677 1106 1738 1127 cum
1763 1102 1863 1134 praeter
1882 1103 1930 1124 eos

1143 1151 1317 1178 characteres
1327 1156 1398 1184 quos
1415 1147 1496 1175 modo
1513 1146 1704 1177 indicavimus,
1732 1148 1810 1172 tanta
1823 1144 1859 1171 sit
1873 1149 1918 1170 ma

1142 1196 1229 1230 jestas
1248 1194 1351 1230 operis,
1364 1198 1395 1221 ut
1422 1194 1466 1222 vel
1479 1193 1597 1220 maxime
1612 1199 1741 1228 magnum
1763 1189 1932 1219 Methodiqu

1144 1241 1247 1268 deceat.
1263 1251 1273 1266 ι
1284 1240 1370 1267 Alteri
1384 1247 1450 1267 vero
1464 1240 1499 1267 de
1514 1241 1646 1272 Occursu,
1658 1238 1750 1266 subdit
1758 1237 1830 1265 idem
1849 1236 1932 1264 Com-

1144 1287 1254 1314 belisius
1262 1285 1315 1321 (tt):
1327 1294 1338 1310 σ
1354 1284 1462 1312 Hancce
1473 1285 1512 1316 si;
1519 1283 1553 1310 τὰ
1563 1284 1633 1311 Βάῖα
1645 1283 1802 1311 Orationem
1813 1281 1933 1309 annecti-

1143 1334 1223 1364 mus.‘
1232 1339 1288 1359 uno
1302 1331 1492 1367 regio'eodice
1506 1338 1583 1358 num.
1602 1329 1655 1357 922
1679 1328 1813 1357 asserenti
1827 1326 1933 1358 Μαιω-

1144 1376 1341 1413 dio'martyri,
1371 1376 1467 1412 utique
1486 1375 1583 1411 Magno
1608 1375 1646 1402 illi
1663 1378 1690 1402 et
1709 1374 1822 1402 seniori.
1851 1372 1932 1407 cujus

1145 1427 1208 1451 sunt
1222 1427 1249 1450 et
1260 1423 1401 1458 Symposio
1415 1427 1443 1450 et
1455 1422 1508 1449 alia
1531 1421 1673 1457 praeclara,
1691 1420 1732 1447 vel
1755 1420 1782 1446 in
1798 1418 1931 1454 supersti-

1144 1469 1219 1497 tibus
1249 1469 1382 1505 reliquiis,
1398 1468 1498 1504 ingenii
1515 1472 1543 1496 et
1564 1468 1615 1503 piae
1631 1466 1729 1494 mentis
1746 1469 1930 1493 monumenta.

1144 1514 1228 1542 Favet
1242 1515 1325 1542 etiam
1340 1515 1428 1550 stylus
1441 1518 1468 1542 et
1495 1515 1636 1542 sententiae
1651 1513 1770 1541 aiiinitas
1782 1520 1844 1540 cum
1862 1518 1932 1547 pra-

1146 1561 1253 1588 cedenti
1279 1569 1286 1587 :
1306 1567 1463 1595 quanquam
1492 1561 1561 1587 alter
1584 1560 1680 1592 codex,
1711 1560 1768 1595 ipse
1792 1559 1885 1587 forsan
1903 1557 1932 1584 in

1146 1606 1373 1642 Chrysostomum
1397 1605 1522 1638 effusior,
1545 1606 1569 1633 ei
1593 1606 1709 1638 tribuat,
1725 1605 1805 1633 titulo
1832 1605 1871 1636 si;
1882 1603 1932 1630 τὸν

1146 1651 1341 1687 εὐλογημένον,
1369 1659 1423 1686 quo
1450 1650 1570 1679 Savilius
1588 1650 1710 1678 Graecam
1733 1650 1828 1678 edidit.
1842 1648 1933 1676 Facile

1146 1697 1248 1725 habent
1262 1695 1361 1730 Graeci,
1374 1701 1405 1723 ut
1416 1697 1519 1732 quaevis
1535 1695 1673 1723 ἀδέσποτα
1700 1697 1759 1724 viro
1783 1699 1859 1723 tanto
1880 1694 1932 1722 tri-

1145 1744 1242 1772 buant.
1257 1753 1268 1770 ι
1285 1742 1425 1771 Badenus
1437 1743 1627 1771 Combeﬁsius.

1182 1782 1360 1818 Orationibus
1371 1789 1448 1818 hisce
1463 1789 1645 1817 Methodianis
1667 1796 1682 1816 a
1697 1788 1860 1816 Combeiisio
1875 1787 1933 1815 edi-

1147 1837 1194 1868 tis.
1211 1836 1364 1872 adjecimus
1377 1838 1429 1863 tria
1449 1835 1600 1872 fragmenta
1616 1843 1651 1863 ex
1664 1835 1777 1862 humilia
1805 1834 1844 1861 De
1858 1841 1933 1860 cruce

1146 1882 1254 1909 Domini
1267 1880 1354 1909 nostri
1370 1881 1436 1908 Iesu
1460 1880 1571 1914 Christi.
1601 1885 1630 1908 ut
1656 1881 1774 1914 videtur,
1791 1883 1931 1914 excerpta.

1147 1927 1206 1955 Duo
1217 1928 1311 1962 priora
1325 1935 1360 1955 ex
1379 1929 1438 1954 ’ms.
1456 1927 1551 1954 codice
1572 1926 1745 1954 bibliothecae
1768 1925 1934 1960 Augustam

1147 1972 1176 1999 in
1190 1972 1279 2000 lucem
1295 1971 1392 1999 extulit
1404 1971 1523 1999 Iacobus
1536 1970 1681 1999 Gretserus
1693 1972 1746 2006 (v);
1763 1972 1885 2004 tertium,
1900 1978 1933 1998 ex

1147 2018 1241 2045 eadem
1269 2017 1434 2045 bibliotheca
1451 2016 1506 2045 Leo
1520 2016 1635 2044 Allatius
1649 2016 1705 2052 (9:);
1726 2017 1773 2052 qui
1788 2020 1815 2044 et
1839 2017 1934 2044 isthaac

1149 2063 1300 2099 fragmenta
1314 2065 1405 2091 omnia
1430 2068 1525 2092 nostro
1555 2063 1691 2091 Methodio
1713 2063 1840 2091 asseruit.
1855 2063 1934 2091 Gret-

1147 2117 1210 2138 sero
1240 2109 1313 2137 enim
1328 2100 1464 2137 dubitanti
1474 2109 1596 2137 occurrit
1612 2108 1656 2136 his
1670 2108 1762 2136 verbis
1777 2116 1784 2135 :
1803 2117 1812 2134 ε
1832 2106 1871 2136 De
1884 2107 1930 2135 ho-

1149 2163 1209 2183 rum
1234 2155 1448 2191 fragmentoruni
1472 2160 1583 2184 auctore
1611 2151 1718 2182 dubitat
1740 2153 1935 2184 Gretserns.el

309 2198 391 2226 ciniis
405 2198 538 2234 exceptis,
553 2206 614 2233 quae
625 2202 687 2233 post
703 2198 896 2226 Combetisium
923 2206 955 2226 ex
975 2197 1097 2226 Paralle-
1113 2214 1136 2241 ι)
1151 2207 1262 2230 cumeo
1275 2202 1402 2230 dubitare
1420 2202 1527 2230 videtur
1540 2202 1678 2229 Aubertus
1690 2200 1791 2228 Mireus
1807 2209 1814 2228 :
1833 2210 1844 2226 ε
1856 2199 1933 2233 Quis.

310 2245 344 2272 lis
357 2244 560 2272 Damascenicis
576 2245 604 2272 in
619 2244 738 2272 medium
750 2245 924 2279 protulimus.

346 2290 395 2319 His
405 2298 488 2326 porro
499 2291 673 2319 subdidimus
686 2291 793 2327 insigne
812 2291 892 2327 plane
913 2291 1097 2326 fragmentum

311 2338 345 2366 de
359 2337 462 2367 Christi
477 2338 630 2371 divinitate.
648 2338 721 2374 quod
746 2337 902 2366 Combeﬁsii
930 2337 1097 2374 diligentiam

349 2461 387 2496 (ἡ)
412 2460 508 2488 Graece
539 2463 565 2487 et
592 2460 689 2488 Latine.
719 2461 814 2488 Simon
840 2459 1037 2496 dciMagiistris
1070 2459 1096 2485 in

312 2495 548 2531 Actisimartyrum
575 2496 610 2522 ad
626 2496 702 2523 Ostia
723 2496 856 2524 Tiberina.
868 2495 946 2523 Enn.
961 2495 1045 2531 PA'l'il.

313 2532 380 2594 38g)
392 2530 434 2558 Jo.
450 2530 527 2557 Dam.
544 2535 614 2559 orat.
638 2531 655 2558 ὅ
672 2531 709 2558 De
730 2531 823 2566 imag.,
840 2536 905 2566 opp.
917 2534 985 2557 tom.
999 2530 1020 2561 l,
1036 2536 1098 2564 pag.

350 2602 384 2636 (j)
407 2601 472 2628 Car.
490 2600 562 2628 Hist.
576 2601 628 2628 litt.
646 2601 680 2628 ad
692 2599 829 2634 ann.290,
847 2604 914 2628 tum.
932 2599 952 2633 1,
966 2598 1096 2635 pag.152.

360 2636 386 2664 ω
399 2636 479 2663 Phot.
498 2636 568 2663 Bibl.
584 2637 646 2663 eod.
658 2644 773 2664 ccxxxv.

361 2672 380 2706 Ι)
393 2671 521 2707 Method:
528 2671 564 2698 De
584 2671 696 2707 εῖεαιχξ
708 2671 734 2698 2.

348 2704 488 2743 (tn)_Suid.
507 2706 571 2743 Lex.
586 2710 657 2743 tom.
669 2704 700 2738 ll,
717 2714 744 2740 ι).
762 2705 866 2743 616.}.
881 2704 1027 2743 Est'att‘pg‘.

349 2741 390 2775 (η)
403 2741 505 2768 Polluc.
520 2741 615 2769 Onam.
630 2741 677 2768 lib.
692 2750 733 2773 ut,
746 2749 806 2775 cap.
823 2741 850 2769 4.
865 2749 939 2766 num.
955 2741 998 2767 59.

363 2778 389 2810 θ)
403 2776 522 2811 νυεδδνοιι.
540 2776 604 2803 Lex.
635 2781 701 2804 tom.
735 2776 767 2805 ll.
785 2784 844 2810 pag.
866 2776 925 2802 702.
943 2784 968 2802 v.
988 2776 1096 2802 Ξενὼγ.

359 2817 387 2846 p)
403 2810 511 2839 Hieron.
532 2811 610 2845 epist.
624 2811 667 2844 70,
684 2812 718 2838 ad
738 2811 827 2846 Magn.
844 2816 910 2837 orat.
928 2819 1004 2838 num.
1017 2811 1043 2838 5.
1058 2838 1061 2840 .

1154 2257 1163 2272 ι
1175 2247 1274 2282 inquit.
1292 2247 1344 2275 iste
1356 2247 1508 2276 Methodius
1527 2247 1618 2280 fuerit,
1639 2254 1688 2282 pro
1697 2250 1773 2274 certo
1801 2245 1936 2272 aﬂirmare

1154 2302 1165 2318 ‹
1178 2301 1292 2328 nequeo.
1305 2293 1374 2321 lllud
1389 2294 1558 2329 exploratum
1569 2297 1622 2325 est,
1637 2301 1693 2320 non
1716 2292 1801 2319 fuisse
1816 2295 1934 2318 veterem

1155 2346 1163 2361 ι
1179 2338 1254 2365 illum
1268 2338 1433 2365 Mrtlmdium
1444 2339 1589 2366 sanctitate
1601 2343 1625 2366 ct
1640 2337 1762 2373 martyrii
1777 2336 1862 2372 gloria
1877 2335 1931 2363 cla-

1152 2460 1370 2521 ~7(q)Theodor.
1389 2460 1641 2494 υἰιιι.ι“Ατρεπτ.,
1662 2467 1726 2495 opp.
1736 2458 1857 2491 tom.|V,
1872 2467 1935 2495 pag.

1153 2507 1169 2521 ο
1191 2515 1195 2519 .

1153 2507 1223 2564 “(r)
1239 2529 1361 2558 Combel'.
1375 2531 1402 2558 in
1416 2535 1472 2558 not.
1492 2531 1524 2557 ad
1550 2530 1680 2562 Method.,
1707 2537 1769 2564 pag.
1787 2529 1849 2559 £69.
1867 2533 1894 2556 et
1909 2529 1936 2556 in

1152 2573 1256 2593 rcrens.
1269 2571 1373 2593 auctor.
1388 2566 1420 2592 ad
1436 2571 1501 2593 tom.
1519 2565 1527 2591 Ι
1545 2566 1613 2592 Bibl.
1630 2566 1760 2596 conciam.
1779 2572 1804 2598 p.
1821 2565 1864 2591 50.

1189 2602 1222 2635 (ιε)
1241 2601 1359 2627 .‘llethod.
1373 2601 1449 2628 Orat.
1462 2601 1493 2627 de
1508 2601 1582 2635 Sym.
1599 2606 1622 2627 el
1637 2601 1719 2631 Αηη..
1736 2599 1767 2635 §§
1789 2601 1797 2626 l
1816 2603 1842 2625 et
1856 2599 1900 2626 15.

1187 2635 1308 2669 (t)Allat.
1326 2636 1411 2663 Diatr.
1428 2639 1459 2662 de
1474 2634 1588 2662 Method.
1605 2636 1706 2669 κῆρι,
1725 2634 1829 2669 p.344.

1189 2673 1229 2705 (ιι)
1243 2671 1367 2698 Combef.
1382 2672 1409 2698 in
1425 2676 1481 2698 not.
1492 2672 1524 2698 ad
1535 2671 1664 2699 Metllod..
1678 2678 1703 2704 p.
1719 2670 1780 2696 475.

1189 2705 1331 2749 uolitet-5.
1350 2706 1454 2749 [9111.11]
1470 2706 1508 2733 De
1529 2716 1552 2734 s.
1575 2713 1659 2737 crure.
1681 2713 1706 2740 p.
1727 2704 1843 2732 101404
1868 2704 1935 2732 edit.

1152 2749 1215 2768 mw.
1231 2740 1336 2768 Ratisb.
1354 2741 1432 2768 i754.

1189 2776 1227 2810 (ac)
1252 2776 1334 2803 Allat.
1364 2776 1453 2804 Diatr.
1476 2776 1507 2804 de
1531 2775 1648 2803 Mel/rod.
1673 2776 1776 2810 εει-ἱρή,
1802 2783 1861 2810 pag.
1884 2775 1937 2803 519

1154 2820 1199 2844 seq
1204 2832 1211 2838 .
