2116 3167
318 163 350 192 81
793 172 821 200 S.
844 174 1010 222 unrnonu
1030 177 1185 208 EPISCOPI
1204 179 1248 217 ΕΤ
1268 180 1448 210 MARTYRIS
1909 180 1944 209 5'3

316 223 471 258 cl"Possit.
487 223 526 253 De
540 225 573 254 iis
586 227 632 262 qui
658 236 690 256 ex
716 229 850 258 adulterio
863 232 996 267 illigitime
1021 241 1094 269 gene

317 272 416 281 ..-μη
443 269 508 281 ιη.-
606 273 630 281 ..
657 274 673 281 ..
694 275 700 280 .
723 275 768 281 -..
872 277 878 281 .
909 277 914 281 .
977 278 982 281 Α
1069 280 1084 281 η

1156 245 1223 272 σμον
1245 237 1387 274 ἀμήχανον
1411 238 1481 266 εἶναι
1497 239 1544 266 καὶ
1560 240 1700 274 ἀδύνατον,
1717 241 1754 278 μὴ
1777 251 1944 281 χειραγωγη-

317 272 425 301 rantur,
442 269 510 298 heus
527 276 554 298 tu
566 273 632 307 quid
647 274 735 302 dicis?
749 276 916 304 Concessisti
940 278 1012 306 enim
1028 280 1104 307 nulla

317 320 399 349 posse
416 315 520 344 ratione
535 318 593 353 lteri
604 324 632 346 ut
644 321 707 355 quis
720 323 850 350 veniatin
869 324 1013 357 mundum,
1036 325 1103 360 quin

316 359 416 388 divinae
429 361 454 388 ei
471 362 623 397 majestatis
635 371 718 394 nutus
734 367 832 395 ductor
843 369 990 403 exstiterit,
1008 359 1104 406 parato

315 406 340 434 'ei
354 407 400 442 qui
416 408 451 435 sit
466 410 636 443 nasciturus,
650 419 666 439 ο
685 411 741 440 Deo
751 416 925 450 corpusculo.
940 415 973 443 Et
986 424 1022 444 ne
1034 424 1102 445 con-

314 451 405 488 fugias
417 454 491 482 velut
507 456 534 483 in
550 463 640 484 arcem
666 466 803 493 securam,
823 461 930 496 prolato
945 462 1103 492 testimonio

314 497 481 535 Scriptura},
511 501 629 530 dicentis
655 513 662 529 .-
697 503 764 533 Filii
801 511 889 534 autem
919 508 1102 537 adulterorum

311 545 496 573 maturitatem
511 555 562 575 non
579 555 768 586 consequentur
780 553 821 585 ¹⁶;
837 553 942 582 refellet
953 559 980 583 te
992 555 1102 590 leniter,

311 589 408 620 dicens
426 601 434 620 :
449 593 532 629 Atqui
548 595 672 624 videmus
685 597 757 626 haud
771 606 834 628 raro
844 599 992 637 illegitimis
1003 609 1103 631 conce-

311 641 376 672 ptos
390 641 498 675 copulis
509 646 696 672 maturescere
709 645 736 672 in
751 650 846 681 partus
862 647 958 677 vitales
965 650 1102 678 valentes-

309 692 365 720 que
380 686 549 716 adolescere.

347 730 375 758 Si
391 735 484 761 autem
517 739 613 770 argute
627 735 726 764 iterum
743 737 916 775 distinguens
931 739 1021 774 dicas,
1044 741 1102 777 Ego

308 785 388 810 vero,
402 778 470 807 heus
483 782 524 813 tu,
539 782 707 811 maturitatis
722 785 834 813 nomine
855 793 937 820 quam
965 794 1022 815 non
1038 795 1103 816 con-

309 828 472 859 sequantur,
485 825 620 860 jusﬁtiam
640 827 826 858 Christianam
861 831 992 868 intelligo,
1021 834 1102 869 cujus

308 870 349 897 illi
363 876 506 908 compotes
527 881 582 900 non
602 878 677 906 sunt,
692 880 806 911 reponet
830 878 922 905 statim
938 888 944 906 :
972 879 1068 914 Atqui,
1083 887 1100 907 o

1155 282 1236 309 θέντα
1246 283 1285 318 τῷ
1299 283 1431 319 θελήματι
1442 285 1492 321 τῆς
1507 286 1694 322 μεγαλοσύνης
1707 287 1772 323 (50),
1788 297 1942 317 κατασκευ-

1154 329 1285 361 ασθέντος
1299 330 1379 357 αὐτοῦ
1396 330 1443 357 τοῦ
1463 331 1641 367 σκηνώματος
1655 333 1723 368 πρὸς
1736 333 1784 360 τοῦ
1797 335 1875 362 Θεοῦ.
1887 336 1943 364 Καὶ

1154 375 1197 401 ἵνα
1213 375 1250 411 μὴ
1271 376 1431 413 καταφύγῃς
1444 377 1538 409 ὥσπερ
1549 379 1589 410 είς
1601 379 1701 414 τειχίον
1718 380 1858 416 ἐχέγγυον,
1872 391 1942 419 προ-

1154 422 1326 459 χειριζομένη
1341 423 1391 459 τὴν
1403 423 1535 458 λέγουσαν
1548 424 1670 461 Γραφὴν,
1685 426 1778 454 Τέκνα
1787 428 1822 454 δὲ
1827 429 1943 463 μοιχῶν

1153 467 1390 503 ἀτελεσφόρητα,
1407 469 1607 505 ἀποκρούσεταί
1621 479 1650 497 σε
1669 472 1765 507 πράως
1779 473 1874 506 είπὼν,
1888 475 1938 502 ὅτι·

1153 513 1210 540 Καὶ
1226 513 1279 550 μὴν
1298 514 1471 550 τελεσφόροις
1488 515 1628 552 πολλαχῶς
1644 517 1736 545 ὠδῖσιν
1755 518 1860 555 ὥριμον
1874 528 1942 556 καρ-

1153 558 1204 585 πὸν
1215 559 1278 591 τοὺς
1296 560 1329 587 ὲκ
1343 560 1510 597 παρανόμων
1533 561 1732 598 συλληφθέντας
1745 561 1797 593 ὦδε
1810 565 1942 594 συναλλα-

1152 603 1208 638 γῶν
1221 604 1329 641 ὁρῶμεν
1348 607 1508 642 φυομένους.

1187 738 1219 765 Et
1232 738 1254 765 δ⁴
1271 736 1305 766 αὗ
1320 739 1402 766 τεά-λιν
1415 739 1578 776 σοφιζομένη
1597 738 1729 776 φαίης,Ὦ
1742 750 1828 774 ουτος,
1843 741 1899 775 ἐγὼ
1910 742 1941 771 τι

1150 784 1366 822 ἁτελεσφόρητον
1391 785 1437 812 ἐπὶ
1459 786 1513 812 τῶν
1532 786 1728 822 τελειουμένων
1745 787 1865 823 ἡγοῦμαι
1878 788 1941 816 τάσ-

1151 829 1245 856 σεσθαι
1259 832 1292 866 τῇ
1313 829 1530 866 Χριστοδιδάκτῳ
1544 831 1712 869 δικαιοσύνῃ,
1725 832 1872 867 λελέξεται·
1885 835 1940 862 Καὶ

1152 875 1216 910 μὴν,
1230 872 1252 902 ὦ
1271 875 1404 912 μακαρία,
1423 875 1543 903 πλεῖστοι
1561 877 1701 914 τεχθέντες
1717 878 1747 912 ἐξ
1757 879 1859 906 ,ἀδίκου
1879 888 1941 907 σπι)

306 916 398 951 beata,
414 918 492 946 multi
505 927 539 946 ex
550 919 645 956 iniquo
668 922 721 949 sati
738 923 853 958 semine,
884 924 971 952 nihilo
995 926 1094 959 secius,

1151 922 1203 957 ρᾶς
1218 921 1294 948 οὐδὲν
1309 919 1390 957 ἦττον
1402 922 1432 948 οὒ
1449 922 1529 958 μόνον
1546 925 1580 960 τῇ
1593 924 1696 962 ποίμνῃ
1711 926 1941 960 συναγελάζεσθαι

306 969 363 990 non
381 963 469 990 solum
482 964 558 1000 gregi
572 965 692 993 ﬁdelium
708 967 832 1001 adunati,
851 977 946 997 verum
961 970 1045 997 etiam
1068 975 1100 999 ut

305 1007 362 1036 illis
377 1014 527 1044 praeessent
546 1011 618 1039 haud
639 1020 702 1040 raro
725 1015 815 1042 sortiti
830 1019 905 1043 sunt.
922 1015 1012 1049 Quare
1034 1024 1097 1044 cum

305 1055 446 1082 communi
457 1056 579 1083 omnium
597 1065 679 1086 sensu
698 1062 725 1086 et
741 1060 910 1095 experientia
921 1060 1098 1089 notissimum

305 1099 353 1132 sit,
368 1105 444 1129 ortos
459 1109 492 1129 ex
518 1102 655 1132 adulterio
687 1105 793 1134 utrovis
817 1107 900 1135 modo
918 1106 992 1142 quod
1006 1107 1098 1144 perfe-

303 1149 380 1174 ctum
397 1152 440 1175 est
455 1148 581 1185 adipisci,
599 1158 654 1179 non
670 1156 714 1179 est
734 1153 885 1187 putandum
908 1153 943 1181 de
956 1154 1098 1190 concepti-

302 1191 356 1221 hus
371 1198 418 1222 aut
447 1197 583 1231 partubus
599 1198 790 1232 propheticum
807 1200 874 1227 illud
894 1199 1014 1236 Spiritus
1031 1208 1097 1229 san-

302 1240 341 1268 cti
356 1241 499 1269 oraculum
527 1250 589 1271 esse
606 1244 834 1281 intelligendum;
859 1246 907 1274 sed
919 1247 990 1274 forte
1004 1247 1096 1282 potius

301 1285 337 1314 de
351 1286 406 1314 illis
418 1287 464 1323 qui
481 1288 637 1317 adulteram
652 1291 793 1318 veritatem
813 1293 879 1327 :qui
906 1293 1034 1320 nimirum
1050 1300 1095 1321 so-

302 1331 430 1367 phisticis
447 1333 567 1362 decretis
577 1341 788 1371 corrumpentes
804 1335 975 1372 Scripturas,
999 1338 1096 1365 imma-

300 1382 393 1405 turam
420 1380 535 1416 gignunt
551 1382 731 1417 sapientiam,
755 1383 828 1419 quod
851 1384 945 1419 pietati
970 1391 1093 1412 errorem

301 1425 511 1455 commisceant.
531 1427 636 1464 Itaque.
654 1429 706 1457 hoc
723 1438 833 1465 quoque
846 1430 896 1458 tibi
911 1430 1012 1466 eii‘ugio
1023 1438 1096 1466 prae-

300 1471 392 1504 cluso,
410 1472 523 1506 imodo,
541 1479 569 1502 et
593 1482 626 1503 ex
644 1476 781 1504 adulterio
809 1484 920 1512 quoque
943 1481 1092 1512 conceptos

302 1517 385 1551 fetus,
405 1521 552 1556 responde,
570 1521 626 1549 Deo
648 1522 718 1550 bene
735 1523 844 1550 volente
865 1523 1000 1559 generari.
1018 1521 1094 1550 Dixi-

1150 968 1383 1004 καταριθμοῦνται
1398 969 1452 996 τῶν
1470 970 1604 1005 ἀδελφῶν,
1621 970 1689 998 ἀλλὰ
1705 972 1752 999 καὶ
1763 972 1942 1009 καθηγεῖσθαι

1148 1013 1253 1042 τούτων
1267 1014 1433 1051 κληροῦνται
1444 1016 1595 1052 πολλαχῶς.
1604 1017 1709 1045 Οὔκοῦν
1721 1018 1798 1050 ὄντος
1809 1019 1939 1056 φανεροῦ,

1148 1060 1196 1086 καὶ
1211 1061 1321 1088 πάντων
1338 1061 1524 1096 ίστορούντων,
1541 1063 1589 1089 καὶ
1597 1063 1632 1089 τὰ
1641 1064 1673 1090 ἐκ
1683 1063 1806 1099 μοιχείας
1818 1064 1941 1099 φυόμενα

1147 1106 1408 1143 τελεσιουργεῖσθαι,
1428 1108 1460 1134 οὐ
1478 1109 1531 1144 χρὴ
1554 1109 1676 1145 νομίζειν
1700 1110 1764 1146 περὶ
1783 1109 1942 1146 συλλήψεων

1147 1153 1195 1180 καὶ
1209 1153 1297 1180 τόκων
1317 1154 1348 1180 τὺ
1371 1153 1483 1190 Πνεῦμα
1506 1155 1776 1190 προπεφητευκέναι·
1801 1155 1859 1182 ἀλλ’
1875 1155 1941 1189 ἴσως

1148 1199 1213 1235 περὶ
1228 1200 1281 1226 τῶν
1298 1199 1347 1236 τὴν
1358 1199 1489 1236 ἀλήθειαν
1503 1201 1690 1237 μοιχωμένων,
1707 1201 1806 1233 οἵτινες
1819 1201 1941 1237 κλεψιώ

1148 1254 1208 1280 φοις
1222 1245 1377 1278 νοθεύοντες
1390 1246 1509 1283 δόγμασι
1523 1248 1572 1280 τὰς
1585 1248 1707 1284 Γραφάς,
1725 1248 1941 1285 ἀτελεσφόρητον

1146 1291 1261 1326 γεννῶσι
1278 1292 1383 1327 σοφίαν,
1396 1294 1428 1328 τῇ
1447 1293 1586 1330 θεοσεϐείᾳ
1600 1294 1791 1330 συγκρίνοντες
1803 1295 1854 1330 τὴν
1870 1294 1941 1322 πλά-

1146 1344 1205 1371 νην.
1223 1335 1268 1361 Διὺ
1284 1337 1331 1362 καὶ
1343 1336 1444 1371 ταύτης
1457 1345 1504 1363 σου
1518 1337 1569 1373 τῆς
1580 1339 1742 1374 προφάσεως
1756 1339 1939 1377 ἐξῃρημένης,

1147 1380 1205 1407 ῐσθι
1216 1381 1259 1417 δὴ,
1275 1381 1300 1407 εί
1317 1381 1365 1408 καὶ
1384 1382 1418 1408 τὰ
1435 1382 1468 1408 ἐκ
1486 1381 1608 1417 μοιχείας
1629 1382 1813 1416 εὐδοκοῦντος,
1827 1384 1942 1422 ἀπόκρι-

1146 1437 1201 1460 ναι,
1219 1427 1368 1462 γεννῶνται
1381 1427 1429 1454 τοῦ
1447 1427 1619 1464 Θεοῦ.Ἐφης
1633 1428 1698 1465 γὰρ,
1714 1427 1784 1457 εἶναι
1797 1429 1938 1463 ἀδύνατον.

1145 1473 1290 1510 ἀνθρώπου
1313 1473 1544 1509 πλεσφορηθῆναι
1569 1474 1662 1510 γονὴν,
1680 1475 1718 1511 μὴ
1745 1475 1938 1512 μορφὼσαντος

1146 1519 1231 1555 αὐτὴν
1246 1519 1293 1546 καὶ
1309 1518 1485 1554 ψυχώσαντος
1503 1519 1550 1546 τοῦ
1569 1520 1683 1556 Κυρίου.

300 1567 336 1594 sti
349 1568 435 1600 enim,
450 1570 506 1597 lteri
518 1578 572 1597 non
584 1578 666 1606 posse
678 1575 707 1598 ut
732 1571 766 1598 ad
779 1572 966 1600 maturitatem
981 1575 1009 1599 et
1036 1570 1302 1599 consummationem
1331 1568 1473 1603 perveniat
1495 1569 1633 1598 humanus
1660 1568 1744 1603 fetus,
1765 1570 1822 1597 nisi
1845 1568 1940 1598 Domi-

300 1621 357 1644 nus
367 1614 483 1644 formam
499 1616 676 1653 animumque
686 1618 824 1645 indiderit.

670 1677 732 1704 CAP.
752 1676 797 1706 IV.
813 1677 941 1705 Humana
956 1677 1101 1713 generatio,
1113 1675 1213 1710 Deique
1229 1673 1256 1699 in
1268 1680 1299 1699 ea
1315 1679 1381 1706 opus
1397 1670 1573 1698 declaratum.

336 1733 387 1761 Hic
398 1733 562 1771 Theophila.
579 1736 654 1764 velut
676 1737 783 1765 robusti
815 1737 926 1765 lacertis
940 1737 1090 1764 adversarii

1179 1733 1235 1760 Καὶ
1249 1734 1266 1768 ἡ
1282 1732 1410 1767 Θεοφίλα,
1422 1732 1477 1759 ἀπὸ
1494 1731 1618 1766 γενναίου
1630 1731 1726 1769 ὥσπερ
1739 1733 1871 1769 ληφθεῖσα
1883 1734 1939 1764 τῶν

299 1778 389 1805 media
404 1784 542 1815 correpta,
559 1781 692 1816 vertigine
704 1786 807 1809 tentata
822 1783 940 1818 quadam
957 1786 1016 1816 est;
1033 1786 1092 1809 tum

299 1831 372 1860 aegre
380 1825 489 1853 tandem
501 1826 599 1861 spiritu
617 1831 771 1863 resumpto,
788 1827 867 1860 Rem,
880 1828 980 1864 inquit.
996 1836 1012 1856 ο
1027 1828 1092 1856 hea-

298 1873 338 1903 ta,
353 1871 465 1906 quaeris,
482 1872 519 1899 ad
538 1873 581 1900 sui
606 1873 714 1908 plenam
732 1874 947 1903 declarationem
963 1875 1091 1910 exemplo

298 1918 419 1953 quodam
435 1918 611 1953 indigentem,
631 1920 710 1954 cuius
726 1920 858 1949 beneﬁcio
869 1922 968 1949 melius
988 1922 1091 1949 intelli-

297 1971 358 1999 gas,
374 1963 422 1992 Dei
438 1965 492 1992 vim
507 1965 667 1993 creatricem
682 1974 731 2002 per
741 1968 833 1995 omnia
849 1967 960 2002 quidem
983 1968 1090 2002 pertin~

297 2015 418 2046 gentem,
448 2013 585 2048 praecipue
614 2017 705 2041 tamen
728 2014 816 2048 ipsam
845 2021 861 2040 ο
884 2021 914 2041 se
940 2013 1089 2041 humanam

297 2061 430 2092 praestare
447 2059 663 2093 generationem,
676 2060 802 2094 augendo
817 2067 878 2094 qua;
891 2060 919 2087 in
943 2060 1089 2095 genitalem

298 2106 364 2130 sunt
381 2104 514 2131 seminata
531 2108 644 2132 terram.
662 2104 756 2141 Neque
772 2106 845 2133 enim
863 2105 890 2133 id
916 2106 990 2141 quod
1008 2106 1090 2133 semi-

296 2151 381 2174 natur
395 2149 562 2183 culpandum
577 2155 620 2178 est
634 2160 640 2177 ς
653 2151 701 2178 sed
719 2151 747 2178 in
763 2159 796 2178 eo
819 2152 910 2178 omnis
927 2151 1008 2186 culpa
1023 2152 1090 2179 resi-

295 2194 353 2226 det,
365 2195 411 2230 qui
427 2196 454 2222 in
471 2197 590 2224 alienum
603 2204 710 2232 agrum,
734 2197 844 2225 furtivis
863 2198 1011 2230 cubilibus.
1029 2199 1088 2226 vel-

295 2241 338 2268 uti
370 2242 495 2269 mercede
510 2242 602 2270 brevis
614 2243 772 2278 voluptatis,
790 2244 926 2279 propriam
943 2244 1088 2280 impuden-

296 2290 339 2314 ter
356 2291 506 2314 sementem
523 2288 627 2316 vcudit.
644 2288 764 2316 informa
776 2290 860 2321 enim,
870 2297 973 2324 quaeso,
983 2291 1086 2322 animo,

296 2333 379 2360 talem
395 2334 541 2369 quamdam
558 2335 706 2371 imaginem
720 2335 809 2363 nostri
826 2336 853 2362 in
871 2337 954 2362 vitam
965 2340 1043 2363 ortus
1056 2344 1088 2364 ac

295 2380 490 2416 generationis.
511 2380 607 2416 Cogita
622 2382 743 2416 domum,
759 2382 839 2417 cujus
854 2383 996 2410 altissimis
1009 2390 1087 2410 mon-

1145 1781 1235 1817 μέσων
1249 1779 1462 1814 ἁνταγωνιστοῦ,
1480 1779 1691 1812 ὲσκοτοδινίασε,
1704 1781 1754 1807 καὶ
1771 1781 1843 1816 μάλα
1860 1783 1939 1818 μόλις

1143 1827 1346 1859 ἀναπνεύσασα,
1359 1827 1427 1862 ἔφη·
1448 1827 1568 1863 Ἑρωτῷς
1589 1826 1720 1862 ἐρώτημα
1739 1827 1784 1854 διὰ
1807 1829 1939 1864 παραδεί-

1142 1883 1257 1910 γματος,
1282 1871 1304 1900 ὧ
1329 1873 1462 1909 μακαρία,
1490 1872 1591 1909 χρῇζον
1614 1873 1820 1908 ἀποδειχθῆναι,
1848 1875 1881 1901 ἶν’
1897 1874 1938 1903 ἔτι

1143 1921 1244 1956 μᾶλλον
1256 1920 1339 1955 εἰδῇς,
1353 1920 1391 1952 ὡς
1403 1919 1447 1946 διὰ
1462 1919 1572 1946 πάντων
1583 1921 1600 1954 ἡ
1613 1920 1742 1955 ποιητικὴ
1755 1920 1868 1955 δύναμις
1881 1921 1939 1957 διή-

1141 1976 1228 1994 κουσα
1243 1966 1291 1993 τοῦ
1305 1965 1384 1998 Θεοῦ,
1401 1966 1481 1992 πλέον
1503 1967 1543 1997 είς
1562 1965 1612 2001 τὴν
1627 1965 1680 1992 τῶν
1696 1965 1847 2002 ἀνθρώπων
1861 1966 1939 2001 γένε-

1142 2022 1184 2040 σιν
1206 2013 1361 2048 αὑτουργεί,
1378 2012 1498 2046 αῠξουσα
1520 2012 1555 2038 τὰ
1575 2013 1616 2044 εἰς
1636 2011 1748 2047 γόνιμον
1767 2013 1938 2048 φυτευόμενα

1141 2060 1204 2094 γῆν.
1219 2059 1256 2086 Οὐ
1270 2059 1324 2094 γὰρ
1339 2058 1369 2085 τὸ
1381 2059 1560 2094 σπειρόμενον
1579 2057 1725 2092 αἰτιατέον,
1746 2058 1815 2086 ἀλλὰ
1827 2059 1874 2086 τὸν
1895 2061 1937 2094 εἰς
1955 2098 1967 2106 ⁷

1140 2105 1282 2140 ἀλλοτρίαν
1297 2105 1417 2140 ἄρουραν
1433 2104 1612 2140 κλεψιγὰμοις
1631 2104 1733 2137 εὐναῖς,
1744 2102 1788 2132 οἷα
1801 2106 1936 2141 μισθωτὸν

1140 2152 1234 2186 ὀλίγης
1255 2151 1362 2186 ἡδονῆς,
1376 2149 1425 2185 τὴν
1447 2150 1516 2177 ἰδίαν
1536 2150 1721 2185 ἀναισχύντως
1745 2153 1938 2188 πιπράσκοντα

1141 2196 1427 2233 σποράν.“Απείκασον
1448 2194 1502 2230 γὰρ
1524 2190 1636 2230 τοιούτῴ
1656 2195 1709 2222 τινὶ
1730 2195 1780 2231 τὴν
1797 2196 1938 2232 ἡμετέραν

1140 2244 1247 2278 γένεσιν
1267 2243 1307 2275 εἰς
1326 2242 1373 2269 τὸν
1393 2241 1460 2277 βίον,
1472 2239 1528 2268 οἷον
1543 2241 1612 2276 οἴκῳ
1625 2243 1831 2278 παρακειμένην
1847 2242 1936 2279 ἔχοντι

1139 2290 1188 2325 τὴν
1203 2289 1305 2316 εἴσοδον
1326 2288 1417 2324 ὄρεσιν
1431 2287 1558 2323 ὑψηλοῖς·
1570 2287 1674 2323 διήκειν
1695 2288 1724 2315 δὲ
1744 2289 1790 2316 τὸν
1802 2287 1876 2316 οἷκον
1888 2290 1935 2318 ἐπὶ

1139 2336 1207 2363 πολὺ
1220 2336 1305 2367 κάτω,
1323 2335 1420 2371 μέχρις
1432 2334 1525 2369 ἄκρων
1535 2333 1585 2369 τῆς
1605 2333 1707 2362 εἰσόδου
1726 2334 1822 2370 ἔχοντα
1833 2336 1934 2368 πολλὰς

1139 2382 1208 2414 όπὰς
1222 2383 1254 2408 ἐκ
1267 2381 1321 2407 τῶν
1333 2381 1432 2412 ὀπίσω,
1445 2379 1492 2406 καὶ
1512 2380 1648 2415 περιφερῆ
1669 2380 1741 2407 κατὰ
1752 2380 1833 2408 τοῦτο
1846 2381 1877 2409 τὸ
1889 2383 1935 2418 μέ-

296 2425 373 2454 tibus
385 2428 528 2462 ingressus
541 2427 675 2462 adjaceat,
695 2428 809 2464 ipsaque
829 2429 908 2464 longe
923 2430 950 2455 in
967 2429 1081 2455 multam

1142 2437 1184 2464 po;
1195 2427 1333 2462 γεγονότα.
1346 2441 1380 2446 —
1388 2424 1553 2457 ’Δπεικάζω,
1564 2425 1616 2460 ἔφη
1628 2426 1644 2461 ἡ
1655 2426 1850 2462 Μαρκέλλα,-
1860 2428 1931 2456 Οὐκ-

295 2473 322 2496 et
332 2469 439 2498 inferne
453 2478 582 2506 capacem
596 2472 715 2500 demissa
727 2475 763 2500 sit
776 2473 1007 2508 profunditatem;
1025 2481 1086 2508 qua:

294 2515 413 2551 denique
426 2525 440 2544 a
455 2525 564 2546 summo
590 2519 679 2554 capite
694 2520 729 2547 ah
756 2521 881 2555 ingressu
900 2520 985 2547 multa
1011 2525 1086 2547 retro

294 2562 430 2592 foramina
449 2565 556 2598 habeat,
573 2573 604 2593 ac
622 2567 702 2599 cujus
730 2566 815 2602 ﬁgura
841 2575 873 2594 ca
886 2571 963 2602 parte
975 2567 1086 2594 orbieu~

294 2608 362 2636 laris
375 2609 500 2637 exsistat.
512 2625 548 2630 —
569 2610 700 2643 Informo,
718 2611 806 2647 inquit
833 2611 972 2644 Marcella,
1001 2619 1083 2646 quam

291 2655 374 2690 jubes
391 2656 549 2691 imaginem.
563 2673 598 2678 --
611 2657 672 2685 Iam
688 2658 840 2693 imaginare
855 2659 994 2686 sedentem
1010 2660 1085 2686 intus

293 2702 402 2737 operari
418 2703 525 2738 plaslen
538 2708 645 2732 statuas
660 2705 804 2740 plurimas,
820 2712 852 2732 ex
879 2705 945 2731 limo
959 2713 1041 2740 quem
1059 2705 1084 2732 ei

294 2755 344 2782 per
355 2755 387 2776 ea
399 2756 460 2784 quae
480 2749 537 2776 dixi
565 2749 712 2783 foramina,
729 2750 807 2778 multi
831 2750 943 2779 assidue
958 2750 1084 2780 homines

331 2827 353 2842 “
368 2827 433 2863 Sep.
449 2836 489 2860 In,
508 2828 549 2857 l6.

1136 2474 1184 2502 οῦν
1209 2473 1329 2500 ἀπόλαϐε
1348 2472 1422 2499 ἔνδον
1438 2471 1619 2506 καθεζόμενον
1632 2472 1795 2508 ἐργάζεσθαι
1808 2473 1930 2511 πλάστην

1137 2520 1254 2550 πολλοὺς
1269 2519 1431 2556 ἀνδριάντας
1444 2527 1450 2533 ·
1462 2517 1549 2553 τούτῳ
1559 2517 1582 2544 δ’
1593 2516 1627 2545 αὖ
1640 2519 1691 2554 τὴν
1706 2519 1772 2554 ὓλην
1782 2519 1829 2547 τοῦ
1843 2521 1931 2557 πη)ςοῦ

1136 2567 1183 2593 διὰ
1202 2566 1257 2593 τῶν
1275 2565 1349 2592 ὀπῶν
1366 2564 1466 2597 ἔξωθεν
1479 2564 1574 2599 νόησον
1594 2564 1646 2591 ὑπὸ
1667 2564 1768 2593 πολλῶν
1780 2566 1934 2603 ἀνθρώπων

1139 2612 1271 2644 ἀνενδεῶς
1283 2610 1468 2647 χορηγεῖσθαι,
1480 2610 1587 2642 οὐδενὸς
1600 2610 1680 2637 αὐτὸν
1694 2611 1812 2647 ὁρῶντος
1828 2614 1874 2641 τὸν
1892 2622 1934 2641 τε.

1139 2660 1244 2694 χνίτην.
1256 2659 1306 2690 Δὸς
1315 2658 1343 2684 δὲ
1355 2656 1523 2692 κεκαλύφθαι
1534 2657 1579 2683 τὸν
1588 2655 1661 2684 οἷκον
1672 2658 1772 2695 ὁμίχλῃ
1791 2659 1839 2686 καὶ
1858 2660 1935 2694 νεφέ-

1139 2704 1210 2737 λαις,
1224 2704 1272 2731 atad.
1284 2704 1367 2739 μηδὲν
1378 2704 1470 2735 αὐτοῖς
1483 2702 1582 2735 ἔξωθεν
1600 2700 1669 2730 εἶναι
1686 2712 1840 2740 καταφανές
1852 2703 1868 2739 ἢ
1883 2705 1932 2740 μό·

1139 2760 1189 2783 νας
1199 2751 1248 2783 τὰς
1258 2750 1338 2783 ὀπάς.
1350 2748 1481 2782 Δεδόσθω,
1493 2749 1556 2786 ἔφη,
1569 2751 1616 2777 καὶ
1633 2750 1820 2788 τοῦτο.Ἔχειν
1833 2751 1859 2778 δὲ
1871 2750 1933 2777 lup

332 2888 388 2920 (50)
403 2890 632 2925 Μεγαλοσύνης.
649 2891 700 2919 his.
717 2891 785 2920 Mal.
801 2896 828 2920 et
839 2891 932 2925 Allat.,
948 2891 1099 2927 δυνάμεως.
1118 2891 1262 2920 Conatus.
