2116 3167
316 214 368 243 “5

812 215 842 244 S.
864 215 1030 245 Μετηοοιι
1049 216 1204 245 EPISCOPI
1224 216 1268 245 ET
1290 216 1472 245 EEARTYRIS

1900 217 1952 245 H6

314 275 440 304 condidit
449 275 601 312 pinxitque.
610 283 672 304 eam
687 276 792 305 einnxit
805 284 837 305 ac
852 277 1093 312 eﬂ‘ortnavimeter‘

1158 286 1239 314 μενος
1265 278 1334 306 αὐτὸ
1358 278 1407 305 καὶ
1422 277 1608 314 ζωγραφήσας
1630 278 1807 310 ἀπετύπωσε,
1824 276 1875 314 τὴν
1886 278 1951 305 αἰώ-

314 329 379 348 nam
410 321 534 350 imitatus
553 326 679 350 naturam
696 327 725 351 et
740 322 940 359 intelligibilem
955 344 963 357 ,
980 324 1060 360 cujus
1074 329 1103 352 et

314 367 398 395 homo
408 367 551 395 character
561 372 603 395 est
613 375 798 403 expressaque
807 367 919 402 edigies,
928 367 1017 396 factus
1030 369 1104 396 velut

313 412 491 440 simulacrum
503 413 738 449 elegantissimum
752 418 779 441 et
790 421 900 441 sacrum
912 423 919 442 :
932 414 997 442 hinc
1011 419 1103 443 trans-

314 457 386 485 latus
401 458 428 485 in
446 459 590 487 beatorum
601 459 754 491 civitatem,
770 460 797 488 in
805 460 888 488 cados
898 460 1015 493 scilicet,
1027 461 1103 489 velut

311 503 341 530 iu
354 505 457 540 templo
472 505 665 532 collocabitur.
678 504 898 534 lucontaminata
911 514 995 543 porro
1005 511 1101 535 nostra

310 551 488 586 pulchritudo
500 556 567 580 tunc
589 553 692 588 optime
708 558 834 582 servatur
846 559 874 583 et
885 563 992 588 secure,
1007 563 1070 582 cum
1085 563 1102 583 a

309 597 469 632 virginitate
482 601 616 632 protecta,
633 599 764 628 exteriori
780 600 966 636 corruptionis
981 601 1101 629 aestuin-

310 641 417 670 fuscata
431 650 486 670 non
503 643 605 678 fuerit;
621 645 668 672 sed
683 644 742 680 ipsa
760 645 788 672 in
804 653 834 674 se
847 645 905 682 ipsa
922 653 1100 681 permanens.

309 693 409 716 ornatu
418 689 532 724 iustitia;
546 695 666 726 compta,
681 691 709 718 in
724 699 854 727 sponsam
863 691 933 719 Filio
944 691 990 720 Dei
1006 699 1101 721 acces—

308 736 388 767 serit,
399 735 629 771 quemadmodum
639 737 698 773 ipse
708 738 840 771 insinuat,
853 738 1006 766 admonens
1017 745 1101 774 opor-

307 784 367 808 tcre
384 781 412 808 in
428 783 530 811 nostris
543 783 718 819 corporibus,
729 784 804 812 velut
817 783 844 811 in
857 783 1042 819 lampadibus,
1055 784 1101 812 lu-

307 835 372 854 men
380 829 477 855 castita
483 829 518 857 tis
533 830 657 857 accendi.
673 829 815 866 Siquidem
829 829 852 846 ¹⁸
860 828 954 857 decem
962 830 1098 866 virginum

306 880 450 906 numerus,
467 875 575 904 animas
592 876 677 904 refert
693 875 838 904 credentes
853 876 881 903 in
895 874 1036 904 Christum
1051 876 1099 904 Je-

306 924 383 948 sum;
403 919 509 948 denarii
522 925 599 955 nota,
618 925 720 949 rectam
737 921 765 949 in
791 921 871 950 caelis
882 922 954 950 viam
968 930 1030 958 qua:
1043 930 1099 950 una

1154 332 1210 351 νιον
1227 324 1476 361 ἁπομιμησάμενος
1490 324 1571 359 φύσιν
1590 323 1637 351 καὶ
1654 323 1753 360 νοητὴν
1767 323 1834 359 (86),
1852 322 1888 360 ἦς
1903 325 1951 351 καὶ

1154 371 1297 406 χαρακτήρ
1310 371 1384 397 ἐστιν
1399 371 1414 397 ὁ
1429 370 1573 406 ἄνθρωπος
1591 370 1640 397 καὶ
1658 369 1852 406 ἀπεικόνισμα,
1869 379 1952 405 γεγο-

1152 415 1206 449 νὼς
1224 413 1281 444 οἷον
1302 416 1415 452 ἄγαλμά
1428 425 1455 444 τι
1473 416 1719 452 περικαλλέστατον
1736 417 1782 443 καὶ
1798 416 1885 452 ἱερόν·
1909 417 1951 443 ἐν-

1153 461 1249 489 τεῦθεν
1276 463 1448 499 μετενεχθεὶς
1469 464 1509 494 εἰς
1522 463 1573 498 τὴν
1591 463 1724 499 μακάρων
1741 462 1819 489 πόλιν
1832 463 1896 494 τοὺς
1908 463 1950 490 οὐ·

1152 508 1262 544 ρανοὺς,
1292 508 1389 545 ὥσπερ
1403 510 1433 536 ἐν
1452 509 1510 545 ναῷ
1527 508 1777 545 κατοικισθήσεται.
1797 509 1950 545 ’Δχραντον

1151 554 1207 591 γὰρ
1220 555 1251 582 τὺ
1259 555 1357 588 κάλλος
1383 555 1463 592 ὴμῶν
1472 556 1572 592 ἄριστα
1587 556 1648 583 τότε
1660 557 1783 591 τηρεῖται
1797 555 1845 582 καὶ
1860 556 1950 590 ἀσφαο

1150 600 1214 633 λῶς,
1227 601 1328 629 ὁπόταν
1344 601 1376 638 δὴ
1393 601 1529 638 παρθενίᾳ.
1552 602 1732 637 σκεπόμενον,
1753 601 1806 628 ὑπὸ
1816 601 1865 628 τοῦ
1880 601 1950 628 καύ-

1152 655 1238 679 σωνος
1253 647 1354 680 ἔξωθεν
1368 647 1407 684 μὴ
1431 647 1591 684 μελαίνηται
1606 647 1657 683 τῆς
1673 647 1794 683 φθορᾶς·
1809 647 1868 674 ἀλλ’
1881 646 1950 674 αὐτὸ

1152 693 1196 728 ἐφ’
1218 693 1309 730 ἐαυτῷ
1339 694 1419 730 μένον
1441 694 1601 731 δικαιοσύνῃ
1625 694 1774 730 κοσμῆται,
1797 702 1950 730 νυμφαγω-

1150 739 1284 775 γούμενον
1296 739 1336 775 τῷ
1353 739 1412 776 Υἱῷ
1435 739 1484 766 τοῦ
1503 739 1570 768 Θεοῦ
1582 748 1590 756 ’
1602 740 1633 767 ὃν
1650 740 1751 776 τρόπον
1760 740 1792 776 δὴ
1803 740 1850 767 καὶ
1866 740 1950 773 αὐτὸς

1150 787 1313 822 εἰσηγεῖται,
1339 786 1438 822 χρῆναι
1467 786 1619 823 παραινῶν,
1643 786 1740 823 ὥσπερ
1759 788 1788 814 ἐν
1809 787 1948 822 λαμπάσι,

1149 832 1210 862 ταῖς
1239 831 1384 867 σφετέραις
1415 830 1513 866 σαρξὶ,
1539 830 1571 858 τὺ
1602 831 1661 866 φῶς
1695 829 1876 858 ἀνακαίεσθαι
1897 830 1949 865 τῆς

1150 876 1273 912 ἁγνείας.
1304 876 1469 912 Ἐπειδήπερ
1485 877 1500 902 ὁ
1518 876 1573 903 τῶν
1585 876 1654 903 δέκα
1669 875 1815 912 παρθένων
1829 874 1949 912 ἀριθμὸς

1149 922 1200 953 τὰς
1213 922 1254 954 είς
1275 921 1393 957 Χριστὸν
1416 921 1519 956 Ἰησοῦν
1539 921 1756 952 πεπιστευκυίας
1772 919 1949 956 ἀριθμεῖσθαι
1980 924 1987 929 ’

306 965 396 993 solum
406 970 459 999 est,
467 971 678 1002 repraesentans.
691 966 792 995 Verum
801 975 896 995 earum
905 967 1026 1004 quinque
1034 977 1093 1004 pru-

1152 967 1276 1004 βούλεται
1298 967 1404 1003 ψυχάς·
1422 967 1462 1004 τῷ
1485 967 1551 994 δέκα
1569 968 1619 1004 τὴν
1639 966 1845 994 ἀπευθύνουσαν
1861 965 1948 1001 μόνην

305 1011 403 1040 dentes
417 1012 513 1048 utique
527 1017 554 1040 et
568 1013 707 1048 sapientes
731 1018 826 1048 erant;
853 1014 976 1050 quinque
1005 1019 1098 1042 autem

305 1056 388 1084 fatua:
401 1061 429 1085 et
445 1057 622 1094 insipientes:
643 1067 698 1086 non
714 1059 787 1088 enim
803 1059 972 1096 diligentiam
986 1068 1083 1088 curam

304 1111 359 1137 que
375 1103 539 1138 habuerunt,
557 1109 587 1132 ut
604 1113 666 1133 vasa
682 1113 733 1134 sua
744 1106 805 1134 oleo
815 1107 896 1142 plena
913 1107 1094 1140 instruerent,

301 1149 408 1184 justitia
423 1158 516 1180 vacua:
525 1156 710 1181 remanentes.
726 1152 780 1181 Per
793 1153 843 1182 has
858 1154 931 1181 enim
949 1154 1010 1181 illas
1018 1153 1094 1182 desi-

303 1201 369 1231 gnat
383 1205 444 1232 qua:
461 1197 495 1225 ad
511 1198 679 1234 virginitatis
692 1198 762 1226 lines
776 1198 894 1226 evadere
909 1199 1093 1231 contendunt.

303 1247 458 1279 cunctaque
469 1244 584 1272 honeste
595 1249 677 1280 atque
690 1244 782 1272 sobrie
791 1248 932 1280 praestant,
944 1253 977 1274 eo
988 1246 1094 1273 condu-

302 1291 393 1318 centia
407 1294 437 1317 ut
451 1298 573 1318 amorem
593 1290 666 1318 hunc
689 1291 818 1326 expleant
836 1301 843 1318 :
858 1299 974 1327 quaeque
987 1292 1041 1319 hoc
1064 1301 1094 1320 se

302 1339 429 1372 spectare
442 1335 632 1371 proﬁteantur,
653 1340 735 1372 atque
743 1341 773 1364 ut
788 1337 850 1364 hinc
865 1337 1027 1373 glorientur,
1045 1345 1094 1366 ne-

303 1382 450 1418 gligentius
464 1386 555 1410 tamen
572 1386 664 1418 agant,
690 1386 718 1410 et
740 1383 836 1410 mundi
855 1383 1094 1412 vicissitudinibus

304 1429 450 1456 vincantur
466 1439 473 1456 :
489 1436 548 1463 qua:
561 1428 679 1465 denique
688 1429 763 1456 velut
778 1430 872 1465 potius
891 1430 972 1458 inane
985 1430 1095 1458 virtutis

302 1475 481 1503 simulacrum
496 1475 557 1503 rudi
573 1476 732 1504 umbrarum
753 1476 839 1504 ductu
857 1476 996 1504 delineant
1009 1484 1093 1512 quam

302 1520 390 1555 ipsam
403 1521 492 1548 vivam
510 1529 542 1549 ac
561 1522 710 1556 spirantem
727 1522 870 1550 veritatem
885 1522 1014 1550 elliciant.

1150 1015 1210 1042 ὁδὸν
1221 1015 1262 1046 είς
1274 1015 1337 1047 τοὺς
1350 1015 1484 1051 οὐρανοὺς
1506 1013 1742 1049 ἀποτυπούμενος,
1767 1012 1837 1039 Ἀλλ’
1851 1012 1880 1040 αἱ
1895 1011 1948 1047 μὲν

1150 1059 1232 1086 πέντε
1262 1059 1398 1095 ἔμφρονες
1419 1059 1569 1094 ἐτύγχανον
1592 1058 1649 1094 ἄρα
1672 1058 1720 1085 καὶ
1752 1057 1848 1093 σοςρκί’
1870 1058 1898 1084 αἱ
1917 1057 1948 1085 δὲ

1151 1106 1233 1132 πέντε
1250 1106 1342 1141 μωραὶ
1364 1105 1412 1132 καὶ
1435 1105 1533 1140 ἄσοφοί
1545 1113 1632 1137 τινες·
1658 1105 1689 1131 οὐ
1704 1104 1759 1141 γὰρ
1773 1104 1948 1141 ἐπρομηθεὺ-

1148 1161 1230 1179 σαντο
1240 1142 1331 1179 ἐλαίου
1350 1151 1426 1187 σφῶν
1438 1152 1474 1179 τὰ
1493 1152 1592 1186 ἀγγεῖα
1610 1151 1702 1187 πλήρη
1723 1151 1946 1186 παρασκευάσαι,

1147 1198 1322 1234 δικαιοσύνης
1343 1198 1525 1234 ἅπομείνασαι
1547 1197 1635 1225 κεναί.
1658 1198 1813 1225 Αἰνίσσεται
1831 1197 1887 1234 γὰρ
1902 1197 1948 1225 διὰ

1147 1246 1251 1273 τούτων
1266 1246 1317 1278 τὰς
1339 1246 1386 1273 ἐπὶ
1409 1245 1516 1281 πέρατα
1537 1244 1688 1281 παρθενίας
1707 1245 1947 1280 ἐπισπερχομένας

1148 1292 1246 1325 ἐλθεῖν,
1259 1293 1307 1320 καὶ
1316 1293 1406 1320 πάντα
1422 1293 1462 1324 εἰς
1475 1292 1506 1319 τὸ
1520 1291 1699 1328 πληρωθῆναι
1711 1292 1884 1319 συντείνοντα
1899 1292 1946 1319 τὸν

1148 1337 1236 1373 ἔρωτα
1260 1338 1356 1365 τοῦτον
1376 1338 1498 1373 κοσμίως
1514 1336 1622 1373 δρώσας
1648 1337 1697 1364 καὶ
1717 1338 1879 1374 σωφρόνως·
1897 1339 1946 1364 καὶ⁵

1147 1384 1197 1415 τὰς
1220 1383 1460 1418 ἐπαγγελλομένας
1490 1383 1541 1418 μὲν
1563 1384 1609 1410 καὶ
1635 1383 1838 1419 σεμνυνομένας
1865 1383 1946 1411 τοῦτο

1149 1430 1272 1462 σκοπεῖν,
1296 1428 1481 1465 ὀλιγωροῦσας
1492 1428 1521 1454 δὲ
1543 1428 1591 1455 καὶ
1603 1428 1764 1463 ήττωμένας
1778 1430 1826 1455 τοῦ
1839 1429 1944 1464 κόσμου

1147 1476 1208 1508 ταῖς
1225 1475 1396 1510 ἐξαλλαγαῖς,
1415 1474 1464 1501 καὶ
1481 1473 1576 1509 ὥσπερ
1599 1473 1824 1509 σκιαγραφούσας
1842 1474 1944 1510 μᾶλλον

1147 1521 1256 1548 εἴδωλον
1284 1521 1386 1557 ἀρετῆς
1409 1521 1427 1556 ἢ
1449 1519 1534 1556 αὐτὴν
1551 1519 1739 1556 ἐργαζομένας
1757 1520 1877 1556 ἔμπνουν
1893 1521 1944 1557 τὴν

1147 1568 1289 1603 ἀλήθειαν.

641 1627 763 1656 CnJll.
787 1627 956 1664 Virginitatis
968 1628 1038 1656 idem
1055 1633 1166 1656 conatus
1184 1633 1209 1656 et
1225 1629 1369 1665 aqgreuio,
1384 1627 1487 1663 dispari
1502 1628 1587 1656 exitu.

337 1685 417 1720 Quod
431 1686 505 1714 enim
516 1686 618 1715 dicitur
634 1687 668 1720 ",
685 1686 779 1715 Simile
792 1688 895 1722 factum
909 1696 965 1716 esse
978 1697 1087 1724 regnum

1175 1688 1213 1715 Τὸ
1232 1687 1288 1723 γὰρ
1311 1687 1467 1723 λεγόμενον,
1494 1685 1669 1721 Ὠμοιῶσθαι
1696 1685 1756 1721 τὴν
1773 1686 1942 1719 ,βασιλειαν

300 1732 427 1760 calorum
441 1733 530 1761 decem
540 1734 695 1770 virginibus,
710 1742 770 1770 qua:
784 1735 941 1769 accipientes
954 1736 1092 1772 lampades

300 1787 365 1806 sua:
378 1779 499 1807 exierunt
511 1780 613 1807 obviam
629 1780 742 1816 Sponsa,
757 1781 810 1808 hoc
824 1781 877 1809 sibi
889 1782 958 1814 vult,
968 1783 1093 1811 eamdem

300 1825 481 1861 professionis
491 1834 523 1854 ac
534 1826 653 1855 instituti
676 1827 748 1854 viam
764 1835 861 1855 omnes
875 1828 1002 1863 elegisse,
1018 1829 1091 1864 quod

300 1872 360 1906 ipsa
371 1871 497 1907 designat
511 1872 638 1900 elementi
652 1872 714 1900 ivis
727 1879 760 1899 ac
776 1873 883 1901 denarii
898 1877 974 1902 nota.
992 1873 1023 1902 In
1031 1883 1093 1902 eam

300 1918 375 1945 enim
391 1926 422 1946 se
442 1918 544 1953 pariter
569 1926 628 1946 rem
645 1921 835 1952 accinxerunt,
859 1925 1002 1957 assumpta
1026 1929 1092 1957 pro-

300 1962 422 1990 fessione
433 1972 442 1997 ς
453 1971 569 1998 eamque
578 1963 614 1991 ob
629 1971 686 1991 rem
695 1969 829 1992 vocantur
844 1965 949 1999 decem,
961 1965 1035 2000 quod
1053 1965 1093 1993 ni-

300 2009 402 2035 mirum
413 2008 485 2036 idem
499 2009 670 2044 propositum
682 2016 713 2036 ac
728 2009 895 2042 institutum,
907 2010 946 2037 uti
955 2010 1090 2043 dicebam,

299 2054 478 2090 arripuerunt
496 2064 503 2083 :
521 2063 573 2083 nec
594 2060 686 2084 tamen
704 2055 807 2092 pariter
832 2056 914 2083 etiam
940 2063 1036 2083 omnes
1063 2056 1092 2083 in

299 2107 446 2127 occursum
454 2099 554 2135 Sponsi
561 2101 697 2128 exierunt.
712 2100 780 2128 Nam
793 2107 888 2128 earum
896 2100 1007 2135 quidem
1019 2101 1089 2133 aliae,

297 2146 372 2182 quod
389 2151 417 2174 et
432 2147 460 2175 in
476 2149 595 2179 futurum
607 2147 742 2176 sulIieeret
758 2146 930 2182 lampadibus
941 2146 1002 2174 oleo
1014 2145 1092 2174 ﬂam-

298 2201 372 2221 mam
388 2194 537 2227 alentibus,
556 2194 754 2221 nutrimentum
771 2195 883 2229 copiose
903 2194 1032 2229 largeque
1043 2201 1091 2229 pa-

298 2244 447 2274 raverant;
475 2241 536 2267 alia:
549 2247 625 2272 vero,
645 2240 773 2275 presenti
798 2241 930 2268 duntaxat
954 2245 1091 2268 contenta:

296 2294 376 2318 cura,
391 2286 532 2322 segniores
547 2287 719 2315 exstiterant.
738 2285 830 2319 Quare
853 2287 935 2315 etiam
952 2288 1012 2322 pari
1027 2287 1089 2323 qui-

296 2334 376 2361 nario
387 2333 483 2362 divise
500 2340 576 2367 sunt,
589 2342 650 2370 quae
662 2334 755 2362 decem
766 2337 861 2362 erant:
875 2334 949 2369 quod
964 2334 1092 2363 videlicet

295 2381 417 2416 quinque
432 2389 542 2414 sensus,
559 2389 627 2416 quos
643 2381 766 2417 plerique
779 2381 920 2416 sapientia;
934 2386 1029 2417 portas
1042 2389 1090 2417 ap-

332 2459 354 2474 "
374 2457 547 2487 Matt/3.x“.
586 2460 607 2476 "
628 2459 691 2488 ibid.
711 2461 737 2489 Ι.

332 2539 389 2575 (86)
405 2540 459 2567 Kal
474 2541 597 2573 νοητήν.
615 2539 807 2576 Propriissima
825 2548 875 2568 vox
892 2541 919 2567 in
935 2539 991 2567 Deo
1006 2550 1012 2567 ι
1031 2540 1089 2575 ipse

295 2577 368 2603 enim
381 2575 507 2603 absolute
519 2576 551 2602 τὸ
566 2575 677 2610 νοητόν(
688 2577 788 2611 quippe
805 2576 931 2610 superior
949 2576 1087 2607 omnibus,

296 2619 433 2645 suumque
448 2611 498 2638 sibi
519 2615 546 2638 et
567 2612 675 2639 cunctis
691 2612 804 2646 reliquis
828 2611 1007 2645 intelligihiie.
1035 2619 1089 2638 non

296 2647 342 2681 qui
360 2646 502 2673 ordinetur
516 2648 548 2672 ad
566 2647 616 2673 alia
637 2646 820 2680 intelligenda.
838 2654 923 2680 caque
941 2647 1046 2673 ratione
1063 2647 1090 2672 in

298 2682 419 2710 secunda
432 2681 486 2708 τῶν
501 2682 604 2717 νοερῶν
618 2682 655 2713 (id
671 2687 713 2709 cst
731 2681 968 2717 itllt'lk‘t'lualilllli,
984 2689 1031 2708 seu
1049 2681 1092 2707 in—

297 2717 488 2752 telligentiam)
505 2718 593 2744 classe
607 2721 754 2744 statuatur.
771 2716 807 2743 De
821 2724 872 2751 qua
885 2718 1092 2752 voceiprzeclare

295 2751 444 2787 Dionysius
457 2752 572 2786 ejusque
590 2753 753 2780 scholiastes
771 2752 917 2779 Maximus.
938 2751 1024 2779 Valde
1039 2753 1090 2779 im-

297 2788 448 2822 Vroprium,
475 2787 547 2821 quod
571 2787 634 2814 boni
655 2788 737 2814 etiam
756 2792 882 2814 auctores
901 2787 931 2813 τὸ
952 2788 1047 2822 νοητόν
1064 2790 1091 2814 et

316 2823 386 2858 ἱερόν
411 2823 595 2854 confundunt,
617 2830 679 2849 cum
702 2823 816 2849 alterum
841 2823 928 2856 ipsum
954 2823 1090 2856 obiectum

295 2859 378 2888 Jicat.
404 2858 520 2884 alterunt
543 2859 693 2893 potentiori]
715 2862 742 2884 et
768 2858 934 2889 facultatem,
958 2866 1019 2892 quae
1046 2858 1091 2884 illo

295 2894 372 2927 quasi
395 2893 516 2927 pascitur
533 2901 565 2920 ac
585 2894 680 2920 bentur
694 2902 701 2919 ι
714 2901 774 2928 qua:
797 2893 823 2919 in
844 2893 898 2920 Deo
919 2893 1091 2928 simplicissi-

296 2937 349 2962 ma,
369 2929 395 2955 in
414 2929 527 2964 reliquis
547 2929 634 2957 divisa
651 2933 724 2957 sunt.
739 2928 884 2956 Counsris.

1144 1734 1205 1761 τῶν
1219 1733 1356 1768 οὐρανῶν
1365 1733 1440 1760 δέκα
1454 1733 1624 1768 παρθένοις,
1642 1733 1754 1767 αἵτινες
1764 1733 1876 1761 ἔλαϐον
1888 1734 1943 1768 τὰς

1143 1779 1306 1816 λαμπάδας
1314 1779 1424 1811 αὐτῶν,
1441 1780 1490 1807 καὶ
1510 1779 1644 1814 ἐξῆλθον
1657 1779 1890 1814 ἀπαντήσουσαι
1902 1779 1943 1813 τῷ

1144 1827 1284 1861 Νυμφίῳ,
1309 1826 1453 1862 σημαίνειν
1476 1826 1600 1862 βούλεται
1625 1826 1693 1863 (87),
1709 1826 1758 1863 τὴν
1781 1826 1866 1862 αὐτὴν
1882 1826 1943 1853 ὁδὸν

1145 1872 1193 1900 τοῦ
1222 1872 1438 1909 ἐπιτηδεύματος
1461 1873 1676 1910 ἐπανῃρημένην
1692 1873 1737 1900 διὰ
1752 1873 1801 1908 τὴν
1822 1872 1942 1908 ἔμφασιν

1145 1919 1192 1946 τοῦ
1202 1920 1219 1946 I'
1228 1919 1370 1955 στοιχείου.
1391 1919 1561 1946 Ἐπείλαντο
1574 1919 1624 1954 μέν
1632 1919 1686 1954 γὰρ
1699 1919 1728 1945 αἱ
1741 1918 1941 1954 παραπλησίως

1146 1965 1245 1997 ἑαυτὰς
1255 1966 1295 1997 εἰς
1310 1965 1390 1992 τοῦτο
1406 1965 1673 2001 καθομολογήσασαι,
1691 1965 1738 1992 καὶ
1751 1964 1838 2000 ταύτῃ
1851 1964 1943 2000 κικλή-

1146 2019 1256 2037 σκονται
1279 2011 1346 2038 δέκα
1356 2031 1365 2044 ,
1392 2011 1485 2047 ἐπειδὴ
1502 2011 1553 2047 τὴν
1569 2011 1664 2046 αὐτὴν,
1680 2010 1718 2043 ὡς
1734 2010 1814 2047 ἔφην,
1838 2010 1942 2038 εἴλοντο

1146 2056 1290 2092 πρόθεσιν·
1315 2056 1406 2084 οὐκέτι
1433 2057 1462 2084 δέ
1486 2057 1587 2093 ὁμοίως
1608 2057 1721 2093 ἐξῆλθον
1735 2057 1941 2094 ὑπαντήσουσαι

1146 2103 1185 2138 τῷ
1196 2102 1327 2138 Νυμφίῳ.
1345 2103 1378 2129 At
1400 2102 1450 2138 μὲν
1465 2103 1520 2139 γὰρ
1533 2104 1637 2139 τροφὴν
1649 2102 1765 2138 ἄφθονον
1778 2103 1825 2130 καὶ
1847 2103 1941 2130 είσαῦ-

1146 2148 1189 2179 θις
1207 2147 1369 2184 ἐπορίσαντο
1394 2149 1455 2180 ταῖς
1475 2148 1678 2185 ἐλαιθορέπτοις
1698 2149 1840 2184 λαμπάσιν
1850 2157 1857 2163 ·
1870 2149 1898 2175 αἱ
1911 2148 1942 2175 δὲ
1957 2170 1959 2172 .

1145 2193 1405 2230 κατερρᾳούμησαν,
1417 2194 1464 2221 τοῦ
1475 2195 1608 2230 παρόντος
1623 2195 1703 2231 μόνον
1719 2194 1939 2230 ἐτιιμεληθεῖσαι.

1145 2241 1190 2268 Arb
1201 2241 1234 2276 δὴ
1242 2242 1289 2268 καὶ
1304 2241 1442 2278 ἰσάριθμοι
1464 2243 1532 2278 πρὸς
1544 2243 1624 2269 πέντε
1638 2241 1816 2278 διαιροῦνται,
1830 2241 1941 2278 ἐπειδή-

1145 2296 1198 2323 περ
1209 2289 1259 2320 τὰς
1271 2288 1352 2315 πέντε
1369 2289 1522 2325 αἰσθήσεις,
1544 2289 1571 2315 αἱ
1599 2290 1649 2325 μὲν
1670 2289 1760 2316 αὐτῶν
1773 2287 1941 2323 ἐφυλάξαντο

1110 2342 1132 2369 ι)
1147 2334 1269 2370 καθαρὰς
1284 2335 1332 2361 καὶ
1357 2335 1509 2371 παρθένους
1537 2335 1755 2370 ἁμαρτημάτων,
1768 2335 1801 2366 ἂς
1817 2335 1842 2360 ol
1863 2335 1939 2362 πλεϊρ

1146 2390 1202 2408 στοι
1219 2382 1316 2416 σοφίας
1331 2382 1556 2418 προσηγόρευσαν
1575 2381 1663 2414 πύλας
1673 2390 1680 2396 ο
1696 2382 1724 2408 αἱ
1740 2381 1769 2408 δέ
1785 2381 1941 2408 τούναντίον

1174 2529 1229 2574 (87)
1241 2539 1562 2574 Σημαὲνεινβούλεται.
1576 2538 1634 2566 Alia
1647 2538 1870 2566 lectioAilatiana
1880 2539 1941 2574 ipsa

1139 2582 1193 2610 non
1206 2576 1394 2609 improbanda,
1414 2574 1552 2609 σημαίνει,
1567 2574 1730 2609 βουληθῆναι
1741 2573 1788 2610 τὴν
1800 2573 1883 2610 αρτὴν
1891 2573 1940 2601 ἂν·

1139 2609 1215 2645 δρίαν
1229 2608 1388 2636 ἐνδύσασθαι
1405 2608 1505 2641 πάσας,
1528 2608 1572 2644 μὴ
1592 2608 1716 2644 μέντοιγε
1733 2608 1872 2644 ἐξισχύσαί
1889 2610 1941 2641 τὰς

1140 2644 1232 2676 ¹ιἰἐντε,
1251 2646 1365 2672 voluisse
1379 2653 1468 2672 omnes
1483 2645 1603 2672 eamdem
1615 2644 1725 2671 induere
1741 2645 1937 2679 fortitudinem,

1141 2681 1186 2707 sed
1201 2682 1316 2715 quinque
1339 2686 1426 2707 tamen
1451 2681 1517 2707 uires
1539 2681 1683 2715 defecisse;
1708 2687 1807 2714 nempe
1829 2685 1940 2715 arrepto

1143 2717 1290 2744 sanctioris
1306 2716 1368 2743 vitze
1387 2716 1528 2747 instituto,
1546 2721 1690 2750 cmplaun
1709 2715 1844 2743 castitatis
1859 2717 1941 2750 palat—

1144 2756 1211 2781 st-t'a.
1226 2752 1286 2786 ejus
1301 2751 1410 2778 virtutis
1427 2752 1501 2777 cultu
1523 2749 1709 2784 obtorpuisse.
1732 2749 1866 2778 Videntur
1882 2751 1940 2786 haec

1144 2788 1282 2821 respicere
1302 2786 1369 2813 illud
1392 2785 1444 2822 ἔδει.
1460 2794 1497 2817 LI,
1519 2786 1556 2813 9:
1577 2786 1706 2813 ’Ἐνδυσαι
1726 2787 1776 2822 τὴν
1793 2785 1939 2822 [novitati

1145 2820 1286 2856 βραχίονός
1305 2830 1364 2851 σου.
1386 2821 1500 2848 Induere
1521 2822 1706 2855 fortitudinem
1723 2820 1823 2848 brachii
1840 2821 1889 2847 tui.
1907 2820 1940 2848 Ει

1143 2863 1218 2884 m-rte
1234 2858 1304 2884 forte
1317 2861 1468 2889 certamen,
1485 2861 1624 2884 certamen
1640 2858 1778 2885 castitatis
1795 2862 1876 2890 atque
1890 2857 1941 2882 ἀν·

1143 2892 1230 2927 ὁρίας,
1240 2897 1268 2919 ιιι
1282 2892 1309 2918 in
1321 2899 1429 2918 omnem
1445 2893 1528 2918 vitam
1547 2893 1670 2920 acuensis
1688 2892 1860 2927 lampadibus
1874 2898 1939 2920 sus-

1144 2926 1235 2962 pensa:
1249 2927 1369 2963 virgines
1385 2926 1438 2955 sint
1455 2927 1482 2955 in
1496 2931 1701 2962 exspectatione
1717 2928 1826 2963 Sponsi.
1844 2926 1883 2955 In.
