2116 3167
715 184 907 215 (ΞΟΝΥΠΙΗΙ
928 181 1044 212 ΒΕΟΕΙ
1062 179 1244 210 “MINUI.

1749 184 1801 212 170

207 247 266 278 ns;
279 246 353 277 ὅστις
365 244 418 273 κάν
435 245 523 281 βραχὺ
540 243 650 275 συνιτδς
659 243 821 279 ὁμολογήσει
832 242 878 270 τὸν
892 242 958 269 Θιον

1044 237 1176 274 Quisquis
1185 238 1229 266 vel
1242 238 1356 266 minima
1368 238 1434 266 boni
1445 246 1544 268 sensus
1559 240 1693 275 particula
1708 248 1803 278 asper-

170 293 283 327 ἀγαθὸν,
307 291 421 323 δίκαιον,
446 290 538 325 σοφὸν,
564 288 662 324 ἀληθῆ,
679 288 827 324 ὠφέλιμον.
842 287 963 314 ἀναίτιον

170 338 275 370 κακῶν,
288 338 464 375 ἀσύμπλοκον
475 336 587 369 πάθους.
601 336 650 364 καὶ
663 336 717 363 πᾶν
729 336 756 362 σί
766 344 794 362 τι
807 334 863 370 (52)
872 333 963 361 τοιοῦς

169 393 227 414 τον.
241 385 297 412 Καὶ
309 385 334 411 εί
347 385 371 411 oi
385 384 485 411 δίκαιοι
498 382 642 420 κριίσσους
656 382 710 409 sici.
720 381 775 409 τῶν
791 381 901 412 ἀδίκων.
916 381 964 408 καὶ

169 431 245 458 εστιν
258 431 351 462 αὐτοῖς
365 431 383 466 ἡ
400 429 493 457 ἀδικία
506 428 638 464 βδελυπὴ
648 436 655 443 ·
671 428 762 463 χαίρει
779 426 808 454 δὲ
821 427 836 453 6
849 426 916 457 Θεὸς
928 427 961 461 τῇ

169 478 330 514 δικαιοσύνῃ
352 477 455 508 δίκαιος
479 475 534 507 ὢν,
567 474 688 510 στυγητὴ
713 473 787 509 αὐτῷ
814 474 832 508 ὴ
860 472 962 505 ἀδικία,

171 525 292 552 ἀναντίον
311 521 379 550 οὖσα
399 524 446 550 καὶ
468 521 564 558 ἐχθρὸν
586 522 620 557 τῇ
641 519 815 555 δικαιοσύνῃ·
836 519 886 546 οὐκ
909 519 963 554 ἀρα

170 570 277 602 ἀδικίας
292 570 377 601 αἴτιος
390 569 406 596 6
419 567 495 600 Θεός.

206 703 240 729 Εί
253 702 285 728 τὸ
301 700 424 736 ὠφελοῦν
439 700 548 732 πάντως
563 699 638 726 ἐστὶν
651 698 751 733 ἀγαθόν
760 706 767 713 ·
783 698 921 733 ὠφέλιμον
934 698 963 725 δὲ

172 747 335 784 σωφροσύνη
357 747 404 773 καὶ
427 745 505 780 οἴκῳ,
529 746 577 773 καὶ
601 745 650 780 βίῳ
671 745 719 772 καὶ
738 744 842 780 φίλοις·
863 744 964 778 ἀγαθὸν

172 794 229 830 ἀρα
239 794 313 821 ἐστὶν
326 795 342 829 ἡ
363 793 535 829 σωφροσύνη.
557 792 612 819 Καὶ
632 793 657 818 εί
673 793 690 828 ἡ
706 790 868 828 σωφροσύνη
883 790 964 825 φύσει

170 840 285 875 ἀγαθὸν,
296 839 428 866 ἀκολασία
439 838 468 865 δὲ
481 838 601 865 ἐναντίον
618 838 790 874 σοκρροσύνῃ⁴
803 837 834 864 τὸ
847 837 877 864 δὲ
889 838 964 864 ἐναν-

170 886 229 914 τίον
248 886 288 922 τῷ
303 885 398 921 ἀγαθῷ
417 885 516 912 κακόν
540 885 624 911 κακὸν
645 884 699 921 ἀρα
715 885 732 920 ἡ
749 883 891 911 ἀκολασία.
909 883 964 910 Καὶ

1014 291 1062 312 sus
1069 288 1122 316 est,
1132 282 1264 311 fatebitur
1271 284 1363 312 statim
1372 283 1477 322 Numen
1483 284 1604 313 divinum
1617 286 1718 314 bonum
1729 295 1802 319 esse.

1011 329 1134 365 justum,
1152 329 1264 365 sapiens
1274 349 1282 362 ,
1296 337 1378 358 verax
1390 350 1398 363 ,
1413 338 1505 358 rerum
1523 331 1686 361 utilitatibus
1701 341 1804 362 consu-

1013 375 1083 408 lens,
1101 374 1314 411 haudquaquam
1330 376 1465 404 malorum
1481 380 1620 405 auctorem
1630 399 1638 411 ,
1652 379 1737 407 nullis
1751 379 1804 407 im-

1012 421 1143 456 plicatum
1158 421 1268 449 vitiosis
1283 421 1443 455 aﬂ'ectibus,
1460 430 1493 450 ac
1507 423 1531 451 si
1542 423 1608 458 quid
1620 424 1681 458 ejus
1694 425 1804 459 generis

1013 472 1065 495 est.
1080 465 1139 494 lam
1153 467 1176 495 si
1187 471 1215 495 et
1220 468 1288 502 justi
1297 468 1425 497 meliores
1436 469 1547 505 injustis
1562 474 1636 503 sunt,
1648 471 1744 506 eisque
1755 479 1804 500 ea-

1013 513 1161 540 secrationi
1178 512 1314 548 iniustitia
1340 514 1472 549 habetur;
1489 506 1624 551 Deusque,
1640 517 1739 553 quippe
1755 518 1804 553 qui

1010 559 1104 594 justus
1114 559 1162 591 sit,
1171 559 1270 594 gaudet
1282 560 1406 595 iustitia;
1421 562 1502 596 plane
1515 562 1678 596 iniustitiam
1692 571 1803 593 exosam

1014 604 1107 636 habet,
1120 612 1181 639 qua
1195 604 1309 639 justiti:
1323 606 1495 638 adversetur.
1510 607 1601 642 sitque
1616 607 1656 636 illi
1672 608 1782 636 inimica
1795 617 1803 635 :

1014 657 1070 678 non
1085 655 1128 678 est
1144 651 1228 686 igitur
1240 650 1312 679 Deus
1325 657 1422 679 auctor
1438 653 1592 688 iniustitiae.

1051 695 1081 724 Si
1106 696 1181 731 quod
1205 697 1351 725 utilitatem
1369 702 1493 733 prastat,
1509 700 1604 735 utique
1624 701 1727 730 bonum
1741 707 1804 732 est:

1014 747 1125 779 praestat
1132 747 1222 772 autem
1233 744 1349 772 castitas
1359 748 1386 772 et
1396 745 1490 773 domui
1501 750 1529 774 et
1540 748 1644 776 mundo
1652 753 1680 776 et
1689 750 1787 780 amicis
1797 760 1804 778 :

1015 789 1088 817 bona
1112 789 1207 826 utique
1229 794 1274 818 est
1290 792 1415 820 castitas.
1439 791 1517 826 Quod
1528 792 1552 820 si
1566 797 1665 822 natura
1679 795 1750 823 bona
1764 799 1807 824 est

1014 835 1138 867 castitas,
1147 835 1268 863 castitati
1278 844 1344 864 vero
1351 837 1458 865 luxuria
1465 838 1602 866 contraria
1613 843 1666 873 est,
1675 840 1702 868 id
1714 845 1807 870 autem

1015 884 1058 908 est
1071 881 1183 914 malum,
1198 882 1272 917 quod
1284 882 1359 911 bono
1373 884 1540 911 contrarium
1551 889 1604 918 est,
1617 886 1741 921 sequitur
1748 894 1809 914 ma-

170 933 197 960 sl
214 933 232 966 ἡ
247 931 380 959 ἀκολασία
400 930 481 966 φύσει
501 930 597 961 κακὸν.
612 929 683 957 κατά
697 929 844 956 ἀκολασίαν
859 928 889 955 δὲ
907 937 966 964 μοι-

1017 926 1071 954 lam
1080 934 1143 955 esse
1153 928 1300 956 luxuriam.
1309 927 1388 962 Quod
1401 930 1426 957 si
1439 930 1549 958 luxuria
1557 936 1655 959 natura
1666 932 1737 960 mala
1747 936 1808 966 est;

170 980 245 1015 χεῖαι
276 979 396 1012 γίνονται
417 977 465 1005 καὶ
490 977 591 1004 κλοπαὶ
612 975 660 1003 καὶ
684 975 766 1012 ὀργαὶ
794 975 841 1002 καὶ
869 974 962 1009 φόνον

170 1024 253 1059 φύσει
267 1024 322 1060 ἄρα
337 1024 420 1050 κακόν
433 1024 507 1050 ἐστιν
518 1023 533 1049 6
550 1022 699 1052 ἀκόλαστος
714 1020 781 1056 βίος.
796 1019 834 1047 Τδ
847 1019 876 1046 δὲ
886 1019 963 1046 Θεϊον

170 1070 266 1097 κακῶν
280 1070 458 1106 ἀσύμπλοκον
472 1069 605 1103 πέφυκεν.
624 1067 680 1094 Οὐκ
692 1066 747 1102 ἄρα
762 1065 869 1101 γένεσις

208 1161 242 1187 Ei.
257 1161 282 1187 οί
300 1159 438 1195 σώφρονες
455 1158 576 1194 βελτίους
596 1158 650 1184 εἰσὶ
671 1155 726 1184 τῶν
749 1156 887 1193 ἀκρατῶν,
917 1156 963 1183 καὶ

172 1206 247 1233 ἔστιν
268 1206 360 1236 αὐτοῖς
376 1206 393 1240 ὴ
413 1205 533 1240 ἀκρασία
548 1203 678 1239 βδελυκτή
688 1211 695 1218 ·
716 1202 806 1238 χαίρει
818 1202 847 1229 δὲ
867 1202 882 1228 6
897 1202 964 1235 Θεὸς

171 1255 206 1289 τῇ
220 1251 394 1289 σωφροσύνῃ,
409 1250 503 1277 παθῶν
519 1249 678 1286 ἀνεννόητος
698 1248 735 1275 ὢν
745 1257 752 1264 ⁸
775 1247 896 1284 στυγητὴ
909 1248 965 1285 ἄρα

172 1299 221 1327 καὶ
232 1298 272 1334 τῷ
283 1297 344 1333 Θεῷ
357 1299 374 1332 ἡ
393 1297 525 1333 ἀκρασία.
546 1296 607 1323 Ὀτι
620 1297 650 1323 δὲ
665 1297 682 1332 ὴ
701 1295 773 1324 κατά
785 1294 965 1331 σωφροσύνην

172 1343 287 1380 πρᾶξις,
305 1342 390 1379 ἀρετὴ
410 1340 488 1376 οὖσα,
503 1342 636 1378 κρείττων
654 1342 713 1368 ἐστὶ
728 1341 778 1376 τῆς
793 1339 864 1367 κατά
879 1340 966 1375 ἀκρα-

173 1390 244 1421 σίαν,
260 1388 361 1420 κακίας
375 1386 471 1423 οὔσης,
490 1386 586 1423 μαθεῖν
601 1386 677 1413 ἔστιν
687 1385 741 1414 ἀπὸ
758 1384 898 1422 βασιλέων,
911 1383 966 1411 ἀπὺ

172 1435 324 1471 ἀρχόντων,
342 1433 398 1460 ἀπὸ
419 1432 590 1470 στρατηγῶν,
608 1432 662 1460 ἀπὸ
681 1431 830 1468 γυναικῶν,
846 1430 902 1458 ἀπὸ
919 1430 965 1456 τέ-

174 1490 258 1514 κνων,
271 1481 326 1508 ἀπὸ
336 1480 463 1512 πολιτῶν,
478 1479 533 1507 ἀπὺ
544 1479 693 1512 δεσποτῶν,
708 1478 762 1506 ἀπὸ
774 1477 898 1511 οίκετῶν,
911 1476 965 1504 ἀπὺ

174 1526 369 1561 παιδαγωγῶν,
383 1526 437 1553 ἀπὸ
454 1526 622 1553 διδασκάλων
633 1534 640 1540 ·
665 1525 780 1558 Eua-tog
792 1524 847 1561 γὰρ
862 1523 965 1551 τούτων

175 1575 224 1602 καὶ
234 1562 323 1608 ἑαντῷ
334 1574 381 1600 καὶ
394 1572 432 1608 τῷ
445 1571 526 1607 κοινῷ
540 1571 678 1607 ὠφέλιμος
690 1571 795 1606 γίνεται
806 1570 964 1607 σωφρονῶν·

1014 980 1064 1008 per
1077 981 1137 1001 eam
1153 979 1244 1002 autem
1262 974 1330 1002 fiunt
1356 976 1491 1004 adulteria
1501 996 1508 1008 ,
1527 976 1600 1004 furta
1610 997 1617 1010 ,
1629 978 1720 1014 jurgia
1731 999 1739 1011 ,
1754 985 1809 1006 ca-

1013 1018 1082 1047 des:
1108 1023 1207 1047 natura
1227 1022 1292 1056 ergo
1320 1021 1421 1049 malum
1442 1025 1486 1050 est
1500 1022 1556 1050 vita
1573 1023 1714 1052 luxuriosa
1724 1028 1751 1052 et
1766 1025 1810 1052 in-

1013 1066 1180 1099 temperans.
1207 1063 1335 1092 Divinum
1355 1069 1447 1093 autem
1467 1065 1574 1094 Numen
1589 1068 1668 1096 malis
1684 1069 1808 1104 implica-

1015 1112 1073 1136 tum
1089 1117 1144 1137 non
1159 1113 1213 1138 est.
1226 1109 1397 1145 Explodatur
1410 1118 1478 1147 ergo
1492 1110 1584 1140 fatalis
1600 1114 1761 1143 necessitas.

1051 1153 1081 1181 Si
1093 1155 1164 1183 casti
1182 1155 1310 1184 mlieres
1321 1161 1388 1184 sunt
1399 1156 1566 1190 luxuriosis,
1581 1158 1690 1194 illisque
1703 1160 1809 1187 abomi-

1014 1200 1116 1228 nabilis
1135 1206 1179 1229 est
1206 1200 1327 1234 luxuria,
1345 1201 1500 1238 gaudetque
1526 1202 1599 1231 Deus
1614 1204 1757 1237 castitate.
1778 1205 1808 1233 in

1015 1253 1096 1282 quem
1120 1246 1196 1274 nulla
1221 1247 1302 1274 cadat
1324 1247 1473 1277 libidinosa
1489 1256 1521 1276 ac
1536 1248 1602 1277 vitio
1617 1249 1724 1278 herous
1734 1250 1810 1286 cogi-

1015 1290 1093 1324 tatio,
1119 1298 1204 1318 exosa
1228 1292 1324 1328 utique
1341 1293 1425 1320 etiam
1444 1292 1507 1326 Deo
1530 1293 1730 1323 incontinentia
1754 1298 1808 1324 est.

1015 1335 1103 1364 Porro
1117 1337 1254 1366 actionem
1270 1345 1333 1374 quas
1345 1346 1379 1366 ex
1398 1340 1507 1367 ratione
1526 1341 1662 1369 castitatis
1679 1342 1711 1370 tit
1730 1342 1811 1378 (qua

1015 1387 1089 1410 certe
1108 1383 1197 1411 virtus
1214 1383 1273 1419 est)
1293 1384 1429 1419 potiorem
1445 1392 1509 1413 esse
1524 1385 1571 1413 illa
1584 1393 1644 1421 quae
1664 1394 1698 1414 ex
1713 1387 1811 1416 incon-

1015 1427 1130 1456 tinentia
1153 1432 1197 1457 est
1215 1432 1243 1457 et
1258 1429 1293 1456 ad
1308 1430 1405 1457 vitium
1420 1430 1542 1465 pertinet
1555 1440 1564 1458 :
1580 1431 1732 1468 intelligere
1745 1433 1811 1462 licet

1015 1480 1049 1502 ex
1063 1474 1184 1510 regibus.
1198 1482 1232 1502 ex
1244 1475 1364 1511 politicis
1371 1479 1399 1504 et
1411 1475 1580 1505 militaribus
1590 1477 1810 1512 magistratibus,

1015 1527 1050 1548 ex
1074 1519 1237 1556 mulieribus
1247 1541 1255 1554 ,
1271 1529 1304 1549 ex
1319 1520 1428 1554 liberis,
1441 1529 1475 1550 es
1489 1522 1606 1554 civibus.
1619 1531 1653 1551 ex
1670 1523 1764 1558 lteris,
1776 1531 1811 1553 ex

1017 1565 1139 1600 famulis,
1152 1574 1186 1595 ex
1202 1566 1369 1603 padagogis,
1388 1575 1421 1596 ex
1436 1568 1576 1604 magistris
1592 1579 1599 1596 :
1618 1570 1812 1607 unusquisque

175 1619 379 1648 ἀκολασταίνων
389 1619 428 1652 δὲ,
446 1618 493 1645 καὶ
505 1618 594 1654 ἑαυτῷ
607 1618 655 1645 καὶ
666 1618 705 1654 τῷ
721 1617 804 1653 κοινῷ
820 1616 963 1653 βλαϐερός.

1018 1613 1092 1641 enim
1116 1613 1215 1641 borum
1243 1617 1297 1641 tam
1323 1614 1376 1642 sibi
1403 1621 1486 1650 quam
1502 1614 1612 1651 publico
1623 1616 1699 1645 utilis
1711 1620 1772 1649 est,
1786 1616 1812 1645 si

175 1666 233 1693 Καὶ
244 1666 268 1692 εί
281 1665 339 1691 ἐστι
355 1664 472 1700 διαφορά
488 1673 530 1695 τις
544 1664 672 1691 κιναίδων
686 1664 733 1691 καὶ
746 1663 887 1699 ἀνδρείων,
901 1663 968 1690 ἀκο-

175 1711 282 1739 λάστων
308 1709 355 1736 καὶ
377 1709 543 1744 σωφρόνων·
567 1708 615 1734 καὶ
636 1707 695 1734 ἔστι
718 1708 853 1744 κρείσσων
874 1708 892 1743 ἡ
914 1706 968 1734 τῶν

175 1757 308 1793 ἀνδρείων
325 1756 373 1783 καὶ
390 1754 546 1790 σωφρόνων,
566 1753 665 1789 χείρων
677 1753 705 1780 δὲ
722 1754 739 1788 ἡ
750 1753 804 1779 τῶν
821 1753 967 1780 ἐναντίωνο

176 1804 204 1830 ot
219 1803 247 1830 δὲ
261 1803 310 1837 τῆς
325 1800 483 1838 κρείσσονος
499 1798 583 1834 ἐγγύς
599 1799 652 1825 είσι
676 1798 723 1825 καὶ
737 1797 808 1832 φίλοι
829 1797 908 1830 Θεοῦ,
923 1797 969 1824 καὶ

176 1850 205 1877 οι
219 1849 269 1884 τῆς
283 1848 403 1884 χείρονος
425 1845 534 1883 μακρὰν
547 1845 596 1872 καὶ
611 1844 720 1881 ὲχθροί”
741 1844 766 1870 σί
785 1843 910 1877 λέγοντες
923 1843 970 1877 γέ-

177 1904 252 1923 νεσιν
264 1895 294 1922 τὸ
309 1894 374 1921 αὐτὸ
389 1894 438 1930 τήν
454 1892 560 1920 ἀδικίαν
576 1889 645 1919 εἶναι
661 1891 708 1917 καὶ
722 1899 771 1926 την
784 1889 968 1924 δικαιοσύνην,

177 1941 211 1968 οὐ
225 1941 385 1977 διορίζονται
401 1939 534 1967 κιναιδίαν
548 1938 595 1966 καὶ
611 1937 748 1973 ἀνδρείαν,
764 1935 900 1972 ἀκρασίαν
922 1935 970 1962 καὶ

178 1987 369 2022 οιιιφροσύνην,
383 1987 452 2022 ὅπερ
466 1985 605 2012 ἀδύνατον.
626 1984 658 2010 Et
673 1983 727 2019 γὰρ
742 1982 781 2018 τῷ
793 1981 872 2017 κακῴ
885 1982 970 2016 τάγα-

179 2033 228 2060 θδν
245 2033 376 2064 ἐναντίον,
391 2040 422 2059 το
435 2032 464 2058 δὲ
479 2032 572 2059 ἄδικον
585 2031 670 2057 κακόν
681 2038 688 2045 ι
707 2029 786 2056 τοῦτο
799 2028 827 2055 δὲ
848 2027 969 2055 ἐναντίον

178 2079 220 2114 τῷ
230 2078 325 2113 δικαίῳ
332 2086 339 2092 ·
353 2078 384 2104 τὸ
393 2078 422 2104 δὲ
431 2077 544 2110 δίκαιον,
559 2077 671 2112 ἀγαθόν·
682 2075 713 2102 τὸ
721 2075 748 2102 δὲ
758 2074 859 2109 ἁγαῠδν
873 2073 970 2110 ἐχθρὸν

185 2125 229 2153 τοῦ
246 2123 347 2151 κακοῦ’
365 2123 492 2159 ἀνόμοιον
510 2123 539 2150 δὲ
553 2123 583 2149 τὺ
598 2123 684 2150 κακὸν
700 2121 739 2157 τῷ
751 2119 845 2155 ἀγαθῷ
855 2128 861 2134 ·
877 2119 971 2155 ἕτερον

179 2171 238 2208 ἀρα
252 2171 282 2197 τὸ
296 2170 399 2196 δίκαιον
414 2168 462 2196 τοῦ
475 2169 580 2196 ἀδίκου.
604 2169 662 2195 Οὐκ
682 2168 735 2204 ἀρα
751 2167 836 2198 αἴτιος
849 2165 942 2193 κακῶν
956 2166 971 2192 6

181 2217 261 2249 Θεὸς,
275 2217 336 2244 οὐδὲ
351 2217 442 2252 χαίρει
457 2216 512 2247 τοῖς
524 2217 631 2247 κακοῖς.
648 2215 687 2242 οὐ
702 2214 859 2249 συνίστησιν
873 2212 972 2248 αὐτοὺς

181 2264 198 2291 6
219 2263 314 2298 Λόγος,
328 2262 430 2297 ἀγαθὸς
446 2260 494 2288 ὢν.
512 2261 547 2288 El
558 2262 613 2288 εισι
627 2261 663 2291 δὲ,
674 2260 787 2296 πονηροί
801 2267 882 2290 τινες,
901 2256 976 2284 κατὰ·

1020 1663 1114 1689 castus
1131 1659 1185 1693 sit;
1212 1661 1255 1688 sin
1272 1659 1447 1693 luxuriosus,
1465 1664 1523 1688 tam
1540 1660 1593 1689 sibi
1608 1669 1691 1697 quam
1701 1662 1812 1698 publico

1020 1705 1131 1734 noxius.
1144 1705 1178 1732 Et
1190 1707 1214 1734 si
1228 1710 1270 1734 est
1285 1705 1436 1734 discrimen
1451 1706 1588 1742 quoddam
1604 1707 1678 1737 inter
1692 1709 1812 1739 cinados

1020 1751 1150 1787 virosque
1165 1751 1250 1779 fortes
1261 1771 1269 1785 ,
1286 1751 1413 1786 interque
1424 1751 1579 1787 impudicos
1593 1756 1621 1780 et
1636 1758 1741 1787 castos,
1754 1759 1812 1784 est-

1020 1805 1074 1833 que
1086 1799 1183 1826 melior
1197 1798 1309 1826 fortium
1323 1803 1406 1833 atque
1420 1802 1560 1828 castorum
1574 1800 1668 1834 natio,
1691 1800 1814 1830 deterior

1019 1851 1086 1871 vero
1108 1851 1203 1871 earum
1217 1844 1265 1880 qui
1289 1844 1472 1872 adversantur
1488 1854 1495 1872 :
1513 1845 1648 1880 siquidem
1665 1847 1749 1874 etiam
1762 1847 1811 1882 qui

1020 1890 1107 1924 partis
1122 1890 1245 1918 melioris
1267 1894 1343 1924 sunt,
1368 1890 1424 1919 Deo
1437 1891 1520 1919 vicini
1537 1892 1617 1928 eique
1631 1892 1714 1920 amici
1729 1897 1811 1927 sunt;

1021 1935 1069 1971 qui
1083 1943 1147 1963 vero
1163 1936 1197 1963 ad
1212 1937 1368 1972 sequiorem
1390 1938 1547 1973 pertinent,
1575 1939 1655 1975 longe
1671 1946 1686 1966 a
1702 1939 1759 1968 Deo
1773 1940 1814 1968 di-

1020 1985 1112 2013 stant,
1127 1986 1154 2009 et
1169 1986 1234 2010 sunt
1252 1983 1356 2011 inimici
1373 1993 1380 2010 :
1398 1984 1445 2019 qui
1459 1984 1555 2012 dicunt
1580 1985 1664 2012 natali
1681 1985 1813 2014 fatalitate

1020 2027 1133 2064 perinde
1152 2027 1316 2063 iniustitiam
1331 2033 1413 2064 atque
1423 2029 1560 2064 justitiam
1580 2030 1677 2064 aﬂlari,
1689 2039 1744 2059 non
1755 2032 1814 2061 dis-

1020 2073 1149 2108 tinguunt
1165 2073 1334 2101 cinaedorum
1351 2073 1494 2102 mollitiem
1515 2082 1531 2102 a
1546 2074 1722 2108 fortitudine,
1734 2080 1762 2104 et
1775 2076 1814 2104 lu-

1021 2119 1128 2147 xuriam
1138 2126 1153 2145 a
1171 2119 1313 2147 castitate:
1328 2126 1389 2154 qua:
1408 2122 1438 2146 ut
1461 2119 1489 2146 in
1499 2127 1584 2147 unum
1598 2124 1742 2156 cogantur,
1754 2121 1814 2149 ﬂeri

1021 2172 1077 2193 non
1093 2168 1194 2200 potest.
1214 2164 1243 2192 Si
1268 2164 1342 2193 enim
1366 2165 1470 2192 bonum
1482 2165 1554 2193 malo
1569 2166 1740 2194 contrarium
1753 2171 1812 2201 est,

1022 2212 1156 2248 injustam
1175 2216 1267 2241 autem
1289 2212 1391 2240 malum
1411 2216 1454 2241 est
1471 2222 1478 2241 :
1493 2216 1522 2240 et
1536 2213 1598 2244 hoc.
1613 2217 1689 2248 justo
1704 2220 1814 2242 contra-

1021 2259 1094 2286 rium
1106 2269 1114 2287 :
1126 2266 1210 2295 porro
1219 2258 1294 2295 quod
1302 2258 1420 2294 justum,
1432 2259 1504 2287 idem
1519 2258 1636 2287 bonum:
1648 2260 1752 2288 bonum
1763 2268 1813 2288 au-

181 2309 287 2337 ενδειαν
315 2307 422 2345 φρενῶν
443 2307 511 2334 είσιν
531 2304 602 2334 οὗτοι
627 2306 751 2342 πονηροὶ,
779 2305 827 2332 καὶ
848 2304 879 2331 οὐ
901 2303 966 2331 κατᾶ

1024 2308 1079 2333 tem
1095 2305 1238 2333 inimicum
1255 2305 1327 2333 malo
1341 2314 1348 2333 :
1372 2305 1506 2333 dissimile
1525 2312 1590 2333 vero
1603 2306 1704 2333 malum
1718 2306 1791 2334 bono
1804 2315 1812 2333 :

181 2356 300 2392 γένεσιν.

1026 2350 1101 2379 aliud
1116 2351 1230 2379 omnino
1241 2351 1294 2378 erit
1307 2351 1441 2387 longeque
1450 2350 1588 2378 diversum
1596 2351 1703 2386 justum
1720 2352 1755 2379 ab
1769 2351 1813 2379 in-

181 2402 269 2439 iusto.
284 2401 344 2430 Non
358 2402 441 2438 igitur
457 2403 553 2427 auctor
567 2399 701 2426 malorum
722 2398 793 2426 Deus
804 2417 812 2430 ,
831 2405 881 2425 nec
894 2397 974 2425 malis
990 2397 1151 2426 delectatur.
1163 2396 1256 2432 Neque
1272 2397 1342 2425 ratio
1357 2397 1418 2426 illos
1439 2397 1628 2432 commendat,
1651 2405 1712 2433 qua:
1741 2397 1815 2426 bona

182 2451 233 2479 sit.
250 2449 329 2483 Quod
340 2451 362 2477 si
379 2449 490 2485 quidam
504 2447 568 2474 mali
585 2452 667 2479 sunt.
696 2447 796 2475 mentis
809 2446 899 2482 inopia
912 2446 978 2474 mali
997 2449 1073 2478 sunt.
1088 2453 1143 2474 non
1158 2446 1242 2473 natali
1254 2445 1309 2473 ulla
1323 2445 1466 2474 fatalitate.

223 2496 342 2532 Σφῇσιγ
365 2496 588 2530 ἀτασθαλίῃσιν
607 2494 777 2530 ὑπέρμορον
792 2493 874 2529 ἄλγε’
888 2493 975 2528 ἕχον-

188 2553 236 2579 ιοι·
251 2544 317 2580 (53)-

222 2544 422 2618 ;l(§).&vskiv
432 2598 503 2621 τινα,
523 2588 571 2616 καὶ
591 2586 664 2623 φόνῳ
682 2586 732 2619 τὰς
747 2588 841 2624 χεῖρας
857 2586 974 2622 αίμάξαι

181 2637 293 2672 γένεσις
305 2635 467 2670 ὲργάζεται·
485 2634 564 2661 τοῦτο
582 2632 611 2660 δὲ
625 2632 707 2668 νόμος
725 2632 835 2666 κωλύει,
851 2631 974 2665 κολάζων

181 2682 251 2713 τοὺς
270 2679 432 2715 ἀλάστορας,
455 2680 503 2707 καί⁵
523 2679 556 2706 δι’
579 2677 695 2713 ἀπειλῆς
716 2677 855 2714 ἁπείργων
869 2675 904 2704 τὰ
923 2676 974 2713 τῆς

183 2727 319 2763 γενέσεως
332 2725 453 2761 δόγματα
466 2734 473 2740 ·
495 2723 551 2753 οἷαν
568 2725 600 2752 τδ
615 2724 753 2760 ἀδικῆσαι,
769 2722 974 2759 μοιχεύσασθαι,

183 2773 296 2808 κλέψαι,
309 2770 518 2807 φαρμακεῦσαιο
529 2771 651 2799 ἐναντίον
662 2770 716 2806 ἄρα
728 2770 743 2796 6
758 2770 839 2806 νόμος
853 2769 973 2805 γενέσει.

186 2819 260 2846 ὀσα
282 2819 330 2854 μὲν
343 2817 398 2854 γὰρ
415 2817 522 2851 γένεσις
540 2817 634 2853 ὥρισε,
650 2815 736 2844 ταῦτα
755 2815 836 2852 νόμος
857 2814 974 2843 κωλύιιο

227 2886 283 2922 (32)
297 2886 332 2915 ΕΙ
342 2894 382 2914 τι.
392 2885 433 2922 ita
443 2883 527 2922 codex
537 2883 639 2922 laser.
653 2888 681 2913 et
690 2883 816 2912 Allatius.
827 2881 972 2911 Possinius

185 2919 311 2956 veiofex
325 2929 378 2950 ms.
394 2920 470 2952 ναι..
485 2920 500 2946 ὃ
514 2927 550 2947 τι.
560 2919 707 2948 Coa-aris.

350 2968 490 3001 Panos.
504 2967 564 3001 Gs.
580 2966 697 2999 XVIH.

1065 2492 1197 2529 Nequitia
1217 2493 1268 2520 sibi
1284 2492 1383 2520 dum
1403 2492 1460 2520 suis
1474 2495 1635 2526 mortqu
1648 2494 1777 2520 "cantes.

1063 2582 1093 2611 Si
1113 2583 1251 2611 hominem
1274 2580 1430 2611 interlcere
1452 2585 1480 2609 et
1499 2587 1575 2608 caue
1590 2586 1689 2607 manus
1713 2585 1814 2607 crueno

1025 2633 1095 2663 tare,
1113 2629 1214 2657 natalis
1230 2628 1350 2657 fatalitas
1363 2627 1466 2664 adigit;
1478 2626 1550 2655 idem
1563 2630 1656 2654 autem
1671 2625 1716 2652 les
1726 2627 1811 2655 vetat,

1025 2675 1132 2705 sicariis
1146 2675 1280 2710 supplicia
1295 2674 1458 2703 decernens.
1470 2671 1607 2706 minisque
1617 2670 1747 2707 gravibus
1761 2668 1811 2696 de-

1028 2721 1182 2750 terrensab
1195 2721 1232 2749 iis
1245 2728 1305 2757 qua
1325 2719 1425 2748 natalis
1450 2717 1571 2746 fatalitas
1587 2716 1724 2753 iniungit;
1745 2718 1812 2750 puta

1027 2768 1062 2795 ab
1074 2767 1175 2804 injuria
1193 2766 1344 2799 inferenda,
1366 2765 1401 2792 ab
1422 2763 1567 2796 adulterio,
1591 2769 1607 2789 a
1624 2761 1710 2794 furto,
1731 2767 1748 2788 a
1767 2767 1813 2788 ve-

1029 2813 1136 2842 neﬁciis
1157 2822 1164 2840 :
1182 2813 1320 2841 contraria
1344 2818 1410 2847 ergo
1432 2809 1532 2838 natalis
1559 2807 1681 2837 fatalitas
1703 2810 1732 2836 et
1755 2806 1813 2836 lea.

1060 2879 1118 2916 (ss)
1135 2878 1263 2915 Σφῆσιν.
1285 2878 1390 2906 nam.
1406 2873 1441 2909 Α,
1457 2873 1484 2903 7.
