2116 3167
824 164 854 193 S.
875 163 1040 192 METHODII
1062 163 1216 193 EPISCOPI
1236 164 1280 192 ΕΤ
1302 163 1483 193 MARTYRIS

1902 166 1956 196 179.

327 224 505 259 Qurcunque
523 224 594 252 enim
609 224 710 252 natalis
730 223 850 252 fatalitas
865 224 973 257 statuit,
995 225 1038 253 lex
1053 233 1116 261 pro-
1131 230 1153 257 Α

1131 230 1153 257 Α
1166 226 1216 253 ὅσα
1233 226 1262 253 δὲ
1278 225 1359 261 νόμος
1372 225 1481 256 κωλύει,
1501 224 1590 252 ταῦτα
1601 225 1707 260 γένεσις
1723 227 1810 253 ποιεῖν
1823 225 1955 262 βιάζεται·

328 271 402 298 hibet
416 279 423 303 ;
440 278 612 306 qua-cunque
629 278 695 298 vero
711 271 755 298 lex
777 270 914 305 prohibet,
933 271 1032 298 natalis
1047 271 1118 298 fata-

327 316 390 344 Iitas
404 315 493 344 facere
509 317 594 352 adigit
611 326 618 344 :
636 316 795 344 adversaria
812 324 877 352 ergo
892 317 974 344 natali
990 317 1116 345 fatalitati

326 363 380 390 lex.
398 362 427 390 Si
441 368 532 391 autem
555 364 593 391 illi
615 364 785 396 adversaria,
802 371 857 391 non
872 363 957 399 igitur
973 371 1021 399 per
1037 367 1117 391 nata-

325 409 379 438 lem
408 410 570 438 fatalitatern
596 410 790 446 legumlatores
816 415 921 446 agunt,
946 411 1046 446 quippe
1067 410 1114 446 qui

325 456 464 483 contraria
487 455 573 483 natali
596 455 724 483 latalitati
747 456 907 487 sanciendo.
929 456 1052 484 eamdem
1068 455 1116 483 de-

325 507 448 530 struunt.
479 502 534 529 Aut
562 502 645 537 igitur
674 502 776 529 natalis
805 502 959 529 admittitur
983 501 1114 534 latalitas,

324 550 456 583 nullaque
468 549 558 584 legum
571 552 629 575 erat
641 548 794 576 necessitas
808 557 814 575 :
830 552 878 576 aut
892 548 966 584 leges
977 551 1052 580 sunt,
1065 555 1115 576 nec

324 603 359 623 ex
375 596 461 623 natali
483 595 529 622 illa
545 595 690 627 fatalitate,
708 599 735 622 et
749 595 830 630 quasi
854 595 899 622 illa
915 599 1026 622 auctore
1039 599 1112 622 sunt.

326 641 410 677 Atqui
425 641 483 669 ﬁeri
497 649 552 669 non
568 645 658 676 potest
677 645 706 668 ut
724 641 829 676 absque
842 640 889 668 illa
903 640 972 676 quis
983 644 1114 668 nascatur

324 692 373 716 aut
390 687 493 723 aliquid
509 693 647 723 operetur.
667 686 734 714 Nam
751 694 786 714 ne
801 686 918 722 digitum
930 686 1042 721 quidem
1054 686 1114 714 sine

324 735 382 762 fato
398 742 478 770 posse
493 734 610 770 aliquem
627 741 738 762 tuovere
758 734 847 760 aiunt.
863 732 903 767 Ex
921 732 1005 759 natali
1021 732 1114 767 itaque

325 781 458 809 fatalitate
475 781 575 817 illaque
589 785 702 809 auctore
721 779 777 807 nati
794 779 999 814 legumlatores.
1013 778 1112 810 Minos,

323 827 422 860 Draco,
447 826 599 863 Lycurgus,
626 825 722 856 Solon.
748 824 894 856 Zaleucus,
918 824 990 859 leges
1013 831 1113 851 sanxe-

322 879 388 902 runt
408 875 585 910 prohibentes
607 871 752 903 adulteria,
777 870 876 902 caedes,
896 870 1022 905 injurias,
1040 871 1113 905 rapi-

1171 271 1300 307 πολέμιον
1314 271 1368 307 ἄρα
1378 271 1484 305 γενέσει
1493 271 1586 306 νόμος.
1602 271 1635 298 Et
1647 271 1822 307 δὲπολέμιον,
1837 271 1888 299 οὐκ
1901 272 1954 308 ἄρα

1167 317 1238 344 κατὰ
1250 317 1357 352 γένεσιν
1370 316 1395 343 οῐ
1409 316 1552 352 νομοθέται
1564 324 1571 331 '
1586 316 1621 343 τὰ
1636 316 1690 353 γὰρ
1705 317 1814 344 ὲναντία
1828 318 1956 353 δογματί-

1167 363 1259 395 ζοντες
1281 363 1399 397 γενέσει,
1417 363 1525 397 γένεσιν
1543 362 1663 390 λύουσιν.
1683 363 1762 390 Ἤτοι
1784 361 1831 391 οὖν
1848 364 1955 398 γένεσίς

1166 411 1233 442 ἐστι,
1253 411 1300 437 καὶ
1320 410 1371 436 οὐκ
1387 410 1471 446 ἐχρῆν
1487 407 1557 437 εἶναι
1569 409 1684 445 νόμους’
1701 409 1784 445 ﬁatut
1807 411 1894 446 νόμοι.
1909 411 1955 439 καὶ

1165 456 1215 482 οὐκ
1236 456 1289 483 εἰσι
1303 456 1375 483 κατὰ
1389 457 1506 491 γένεσιν.
1535 456 1604 483 Ἀλλ’
1619 456 1760 492 ἀμήχανον
1780 457 1866 493 χωρὶς
1878 457 1955 492 γενέ-

1166 510 1235 534 σεως
1249 501 1332 536 φῦναί
1348 510 1419 533 τινα,
1436 503 1483 529 καὶ
1496 501 1697 538 διαπράξασθαι
1709 510 1747 529 τι*
1759 502 1820 529 οὐδὲ
1832 502 1887 539 γὰρ
1908 503 1953 530 τὸν

1165 546 1294 575 δάκτυλον
1319 547 1418 581 ἐξεῖναί
1440 556 1506 583 φασι
1529 548 1614 584 χωρὶς
1641 547 1820 585 Εἱμαρμένης
1844 549 1952 585 κινῆσαι

1164 603 1227 621 τινι.
1244 595 1323 622 Κατὰ
1340 595 1447 629 γένεσιν
1461 594 1515 631 ἄρα
1537 595 1586 622 καὶ
1603 594 1696 626 Μίνως
1710 595 1756 621 καὶ
1771 595 1886 630 Δράκων
1906 595 1953 623 καὶ

1164 640 1321 675 Λυκοῦργος
1342 641 1389 667 καὶ
1402 641 1490 668 Σόλων
1509 641 1556 668 καὶ
1578 641 1713 673 Ζὰλευκος
1727 641 1871 676 νομοθέται
1887 641 1952 677 φύν-

1163 694 1219 719 τες,
1230 687 1386 721 διετάξαντο
1395 687 1459 719 τοὺς
1469 687 1579 722 νόμους,
1590 687 1808 722 ἀπαγορεύοντες
1820 687 1951 724 μοιχείας,

1165 733 1271 768 φόνους,
1288 733 1359 768 βίας,
1381 734 1519 770 ἁρπαγὰς,
1539 734 1652 768 κλοπὰς,
1667 734 1705 765 ὡς
1720 734 1770 760 οὐκ
1792 734 1877 761 ὄντων
1891 733 1952 761 τού-

1163 788 1218 806 των
1231 779 1279 806 καὶ
1294 780 1443 815 γινομένων
1456 781 1528 807 κατὰ
1540 780 1657 814 γένεσιν.
1676 780 1707 806 Εί
1724 779 1752 806 δὲ
1764 779 1835 806 κατὰ
1846 780 1952 814 γένεσιν

1163 825 1210 852 καὶ
1233 825 1330 859 ταῦτα,
1356 826 1387 852 οὐ
1410 826 1480 853 κατὰ
1499 827 1606 861 γένεσιν
1631 827 1655 853 οἱ
1675 826 1765 862 νόμοι.
1793 826 1832 853 Οὐ
1848 826 1903 863 γὰρ
1918 826 1952 853 ἃν

1163 871 1232 908 αὐτὴ
1242 872 1288 906 ἀφ’
1304 872 1405 907 ἑαυτῆς
1417 872 1544 909 ἀνῃρεῖτο
1558 873 1676 908 γένεσις,
1690 872 1759 908 αὐτὴ
1774 873 1874 908 ἑαυτὴν
1885 873 1953 900 ἀκυ-

323 928 385 952 nas,
403 920 491 952 furta;
503 919 577 947 haud
591 919 674 946 dubie
691 917 827 948 arbitrati.
840 924 928 952 neque
938 923 1010 948 esse,
1023 924 1112 951 nequc
1129 915 1150 944 Β

1129 915 1150 944 Β
1165 917 1259 954 ροῦσα,
1277 918 1324 945 καὶ
1338 918 1407 955 αὑτὴ
1421 919 1505 955 ἑαυτῇ
1526 919 1685 955 μαχομένη’
1699 920 1747 946 καὶ
1763 919 1881 946 ἐνταῦθα
1901 919 1951 955 μὶν

323 967 382 995 fleri
401 967 467 994 talia
480 973 529 1001 per
549 965 669 992 natalem
686 963 858 992 fatalitatem.
875 962 923 991 Sin
938 967 1030 991 autem
1053 963 1112 991 haec

321 1020 432 1048 quoque
451 1020 500 1047 per
521 1012 637 1039 natalem
658 1010 818 1038 fatalitatem
832 1030 839 1042 ,
868 1017 924 1037 non
948 1014 1014 1038 sunt
1037 1010 1111 1046 leges

322 1066 372 1094 per
385 1059 504 1086 natalem
521 1057 682 1084 fatalitatem
698 1067 705 1084 :
722 1064 812 1092 neque
826 1057 898 1084 enim
911 1057 970 1092 ipsa
982 1064 1012 1084 se
1024 1057 1110 1092 ipsam

321 1105 422 1133 natalis
439 1104 559 1132 fatalitas
582 1104 747 1135 destrueret.
761 1103 821 1138 ipsa
844 1103 896 1130 sibi
920 1103 1110 1130 auctoritatem

320 1152 479 1183 detrahens,
505 1157 538 1177 ac
551 1157 644 1178 secum
669 1150 729 1184 ipsa
754 1156 880 1185 pugnans
896 1159 902 1176 :
917 1149 982 1176 hinc
997 1148 1107 1183 quidem

320 1197 394 1233 leges
413 1201 548 1228 statuens,
564 1196 699 1223 adulteria
719 1196 861 1231 caedesque
877 1196 1062 1230 prohibentes,
1074 1199 1109 1223 et

1163 965 1395 1000 ἀπαγορευτικοὺς
1409 965 1532 1000 μοιχείας
1543 965 1590 992 καὶ
1602 965 1690 1000 φόνων
1701 965 1800 1000 νόμους
1810 965 1949 1001 τιθεμένη,

1162 1012 1209 1037 καὶ
1219 1011 1411 1047 τιμωρουμένη
1445 1012 1492 1038 καὶ
1515 1011 1716 1047 ὲπεξερχομένη
1745 1012 1810 1043 τοὺς
1836 1011 1948 1044 κακούς·

1161 1056 1279 1084 ἐνταῦθα
1295 1057 1324 1084 δὲ
1341 1057 1438 1092 φόνους
1453 1057 1500 1084 καὶ
1518 1058 1640 1093 μοιχείας
1658 1058 1841 1094 ἐργαζομένη.
1872 1057 1952 1086 Ἀλλὰ

1161 1103 1240 1130 τοῦτο
1259 1104 1400 1132 ἀδύνατον.
1421 1105 1504 1132 Οὐδὲν
1523 1105 1578 1142 γὰρ
1594 1105 1738 1133 ἀλλόκοτον
1754 1106 1820 1133 αὐτὸ
1841 1105 1950 1138 ἑαυτοῦ,

1161 1151 1208 1177 καὶ
1220 1151 1286 1177 αὐτὸ
1299 1150 1387 1186 ἑαυτῷ
1398 1151 1626 1186 ἀπεχθανόμενον,
1642 1151 1689 1180 καὶ
1702 1152 1767 1179 αὐτὸ
1775 1152 1855 1180 ἑαυτὸ
1867 1160 1952 1180 καταο-

1162 1196 1235 1228 λύον.
1252 1198 1298 1224 και
1312 1197 1476 1233 ἀσύμφωνον
1493 1199 1558 1226 αὐτὸ
1570 1197 1667 1234 ἐαυτῷ.
1681 1199 1738 1226 Οὐκ
1753 1199 1807 1235 ἄρα
1819 1199 1935 1234 γένεαις.

318 1245 458 1272 ulciscens
469 1243 604 1277 malisque
615 1243 751 1270 muletans
775 1243 871 1271 talium
883 1243 1029 1270 criminum
1054 1251 1117 1270 reos
1137 1253 1142 1270 :
1165 1244 1275 1273 aliunde
1294 1250 1384 1272 autem
1401 1246 1434 1273 ad
1459 1246 1549 1274 caedes
1565 1251 1647 1282 atque
1670 1247 1803 1275 adulteria
1823 1247 1950 1276 homines

319 1292 451 1328 ndigens;
467 1291 539 1327 quod
552 1291 610 1318 tieri
622 1291 698 1318 nullo
715 1290 795 1317 modo
809 1295 909 1326 potest.
936 1291 1092 1318 Nihilenim
1118 1299 1133 1318 a
1149 1300 1178 1319 se
1201 1293 1262 1327 ipso
1286 1294 1405 1321 alienum
1425 1299 1507 1330 atque
1532 1296 1695 1328 abhorrens.
1725 1297 1870 1333 ipsumque
1897 1296 1949 1325 sibi

319 1338 372 1374 ipsi
394 1338 539 1365 adversum
560 1344 592 1364 ac
614 1344 643 1364 se
662 1336 818 1367 destructis.
843 1337 950 1371 sibique
974 1335 1190 1364 dissentaneum.
1212 1336 1290 1364 Nulla
1307 1343 1348 1366 cst
1367 1339 1449 1373 igitur
1467 1340 1567 1367 natalis
1580 1340 1709 1368 fatalitas.

355 1386 384 1413 Si
410 1393 458 1421 per
479 1384 596 1412 natalem
618 1383 783 1412 fatalitatem
801 1383 977 1418 ﬁtquidquid
998 1383 1108 1410 tandem

318 1437 371 1466 est,
395 1439 447 1460 nec
467 1431 526 1459 sine
548 1431 594 1458 illa
617 1430 764 1466 quidquam
785 1437 899 1466 prorsus
924 1429 1042 1461 exsistit,
1061 1437 1107 1456 nec

317 1485 396 1506 cesse
411 1480 453 1506 est
465 1481 492 1504 et
508 1477 594 1511 legem
610 1473 666 1503 illa‘
676 1480 789 1504 auctore
803 1482 875 1504 esse.
893 1475 976 1510 Atqui
992 1474 1035 1502 lex
1048 1481 1108 1501 eam

317 1525 399 1557 tollit,
417 1531 478 1559 qua
500 1522 605 1551 addisci
627 1523 757 1550 virtutem
779 1529 812 1549 ac
837 1522 947 1550 suaderi
963 1528 1044 1556 posse
1059 1519 1109 1547 do—

317 1574 388 1604 ceat,
413 1568 608 1603 diligentiaque
626 1575 658 1594 ac
675 1567 828 1594 attentione
851 1574 910 1595 eam
934 1566 1104 1601 comparari;
1120 1586 1141 1614 ϐ

316 1617 399 1646 vitari
420 1623 531 1651 quoque
553 1621 634 1650 posse
661 1614 767 1646 vitium,
794 1618 821 1641 et
846 1621 879 1640 ex
902 1613 1106 1648 indisciplinata

315 1666 408 1692 mente
419 1660 579 1697 proﬁcisci;
597 1659 672 1687 nulla
686 1667 752 1695 ergo
764 1662 806 1687 est
825 1659 927 1686 natalis
938 1658 1068 1685 l'atalitas.
1097 1660 1101 1664 ’

351 1708 382 1735 Si
397 1712 426 1735 ut
445 1707 492 1734 alii
505 1707 575 1734 alios
590 1706 690 1740 injuria
705 1705 864 1738 adiciamus,
879 1712 910 1732 ac
922 1704 1045 1732 vicissim
1061 1704 1104 1731 af-

316 1754 452 1786 ﬁciamur,
475 1756 588 1789 pratstat
611 1751 711 1779 natalis
739 1751 878 1783 fatalitas,
908 1750 974 1785 quid
997 1750 1103 1785 legibus

314 1800 406 1836 opus?
422 1800 471 1827 Sin
491 1803 581 1826 autem
596 1805 629 1826 eo
649 1798 722 1834 leges
736 1801 860 1833 spectant
875 1801 906 1824 ut
919 1796 1104 1832 delinquenti-

314 1846 367 1874 bus
381 1852 461 1881 pmna
477 1846 645 1880 imponatur,
664 1843 721 1871 Deo
741 1843 795 1871 illis
811 1843 971 1879 providente
989 1843 1036 1879 qui
1057 1843 1101 1870 in-

312 1892 386 1927 juria
408 1891 545 1918 laeduntur
564 1898 571 1916 :
588 1896 654 1916 sane
671 1891 818 1923 praestabat
839 1889 914 1916 fatali
938 1890 1102 1917 necessitate

314 1937 403 1965 malos
419 1944 473 1964 non
487 1936 555 1969 ﬁeri,
572 1942 652 1970 quam
668 1934 714 1961 ubi
729 1934 792 1962 facti
803 1940 877 1967 sunt,
890 1935 995 1971 legibus
1008 1942 1102 1963 emen-

313 1984 384 2014 dari.
402 1983 482 2018 Atqui
504 1981 576 2010 Deus
597 1982 686 2008 bonus
708 1984 750 2007 est
769 1984 796 2008 et
819 1981 941 2015 sapiens,
961 1981 1042 2016 idque
1058 1981 1101 2007 fa—

315 2033 392 2060 ciens
406 2031 480 2068 quod
498 2030 681 2067 praestabilius
697 2031 732 2058 sit
745 2039 752 2063 ;
767 2029 840 2056 nulla
863 2037 929 2065 ergo
941 2034 983 2058 est
1001 2030 1101 2058 natalis

315 2077 444 2105 fatalitas.

348 2125 402 2151 λιιι
421 2123 592 2151 educationis
615 2129 700 2157 genus
715 2122 904 2158 contractiun
929 2129 1030 2154 mores,
1051 2130 1099 2150 seu

312 2171 417 2198 imbuta
433 2169 550 2199 indoles.
564 2176 655 2195 causa:
666 2172 730 2196 sunt
742 2175 915 2203 peccatorum
927 2178 932 2200 ;
951 2173 998 2195 aut
1015 2168 1098 2196 animi

311 2215 544 2252 perturbationes,
565 2218 592 2241 ct
607 2221 667 2248 quae
686 2221 735 2248 per
749 2221 850 2249 corpus
868 2214 1002 2242 desideria
1019 2221 1098 2242 exer-

1194 1383 1225 1409 Εἰ
1242 1384 1312 1411 κατὰ
1334 1385 1440 1418 γένεσιν
1456 1387 1509 1411 πᾶν
1523 1386 1573 1412 ὄτι
1583 1386 1682 1413 ποτοῦν
1699 1387 1815 1421 γίνεται,
1830 1389 1877 1415 καὶ
1890 1389 1948 1416 ἔστι

1157 1429 1218 1465 δίχα
1234 1430 1366 1464 γενέσεως
1382 1430 1473 1457 οὐδέν·
1494 1432 1599 1467 ἀνάγκη
1617 1432 1664 1459 καὶ
1678 1432 1724 1459 τὸν
1745 1434 1827 1468 νόμον
1844 1434 1948 1468 γενέσει

1157 1476 1308 1511 γεγονέναι.
1340 1477 1421 1504 Ἀλλὰ
1441 1477 1523 1513 νόμος
1541 1479 1648 1512 γένεσιν
1671 1479 1789 1516 ἀναιρεῖ,
1819 1480 1947 1518 διδακτὴν

1156 1524 1290 1552 διδάσκων
1306 1525 1355 1561 τὴν
1377 1524 1488 1561 ἀρετὴνθ
1501 1526 1548 1552 καὶ
1572 1524 1602 1557 ὲε
1623 1526 1782 1561 ἐπιμελείας
1802 1536 1948 1564 προσγινο-

1159 1568 1257 1604 μένην·
1278 1569 1399 1604 φευκτὴν
1422 1569 1451 1596 δὲ
1468 1569 1518 1605 τὴν
1531 1570 1639 1603 κακίαν,
1655 1571 1702 1598 καὶ
1719 1571 1749 1605 ἐξ
1769 1573 1946 1607 ἀπαιδευσίας

1158 1614 1306 1649 φυομένην,
1321 1615 1377 1641 οὐκ
1391 1615 1446 1650 ἄρα
1460 1616 1578 1650 γένεσις.

1191 1707 1222 1733 El
1243 1707 1274 1733 τὸ
1288 1707 1419 1743 ἀλλήλους
1440 1709 1543 1736 ἀδικεῖν
1563 1711 1610 1738 καὶ
1629 1711 1661 1738 τὸ
1681 1711 1726 1739 ὑπ’
1751 1713 1873 1749 ἀλλήλων
1890 1713 1946 1742 dst-

1156 1753 1262 1779 κεῖσθαι
1278 1753 1386 1788 γένεσις
1408 1756 1490 1787 ποιεῖ,
1513 1756 1554 1788 τίς
1571 1757 1651 1793 χρεία
1672 1758 1829 1794 νόμωνςὶΕί
1849 1758 1878 1786 δὲ
1900 1760 1944 1787 ἵνα

1154 1800 1216 1831 τοὺς
1249 1800 1456 1837 ἁμαρτάνοντας
1488 1802 1655 1838 ἀμύνωνται,
1685 1804 1874 1840 φροντίζοντος
1896 1805 1944 1833 τοῦ

1153 1845 1220 1873 Θεοῦ
1231 1846 1286 1873 τῶν
1301 1847 1485 1884 ἀδικουμένων
1495 1857 1503 1864 ·
1523 1850 1633 1885 ἄμεινον
1649 1847 1684 1885 ἦν
1697 1851 1799 1882 κακοὺς
1812 1851 1850 1886 μὴ
1866 1852 1945 1888 ποιῆ-

1153 1896 1198 1914 σαι
1220 1888 1281 1915 καθ’
1311 1890 1493 1926 είμαρμένην,
1513 1891 1530 1927 ἢ
1559 1892 1629 1926 μετὰ
1653 1892 1684 1918 τδ
1702 1892 1826 1927 ποιῆσαι,
1849 1893 1942 1929 νόμοις

1153 1935 1379 1970 ἐπανορθοῦσθαι.
1400 1936 1469 1963 Ἀλλ’
1487 1936 1589 1971 ἀγαθὸς
1609 1938 1623 1963 ὀ
1640 1937 1706 1970 Θεὸς
1725 1938 1772 1965 καὶ
1787 1939 1879 1973 σοφὸς,
1893 1938 1940 1967 tta‘

1152 1980 1186 2007 τὰ
1198 1981 1317 2007 κρείσσω
1329 1981 1423 2009 ποιῶν.
1439 1983 1496 2009 Οὐχ
1509 1982 1562 2018 ἄρα
1579 1983 1695 2015 γένεσις.

1189 2124 1265 2150 Ἤτοι
1288 2125 1438 2161 ἀνατροφαὶ
1463 2125 1510 2151 καὶ
1531 2126 1565 2151 τὰ
1585 2125 1633 2161 ἔθη
1654 2126 1709 2152 τῶν
1732 2127 1940 2164 ἁμαρτημάτων

1151 2171 1218 2197 εἰσὶν
1229 2171 1315 2203 αἴτια,
1332 2171 1348 2206 ἢ
1363 2169 1398 2196 τὰ
1414 2170 1487 2206 πάθη
1503 2171 1552 2206 τῆς
1567 2171 1668 2207 ψυχῆς,
1683 2173 1729 2198 καὶ
1742 2172 1769 2198 αἱ
1785 2172 1829 2199 διὰ
1844 2172 1940 2209 σώμαο

1150 2227 1196 2251 τος
1215 2219 1367 2255 ἐπιθυμίαι.
1390 2218 1534 2255 Ὀπότερον
1550 2220 1573 2246 δ’
1595 2220 1629 2247 ἂν
1643 2221 1746 2247 τούτων
1759 2217 1776 2255 ᾖ
1794 2219 1823 2246 τὸ
1838 2219 1936 2252 αῐτιον,

286 2278 290 2282 ι
311 2267 418 2293 eentur,
447 2268 496 2288 seu
523 2259 695 2294 cupiditates.
716 2258 854 2295 Quidquid
883 2265 974 2288 autem
999 2260 1121 2288 horuml

775 2260 854 2295 dquid
883 2265 974 2288 autem
999 2261 1095 2288 horum
1113 2260 1135 2288 D
1149 2263 1190 2297 οἷς
1204 2265 1236 2293 ἂν
1252 2263 1268 2301 ᾖ
1289 2265 1387 2297 αἴτιον,
1400 2264 1465 2296 Θεὸς
1481 2265 1610 2297 ἀναίτιος.

311 2315 394 2336 causa
409 2308 455 2337 sit.
473 2311 547 2334 certe
563 2306 633 2334 Deus
645 2310 741 2333 auctor
752 2314 783 2333 ac
794 2314 875 2334 causa
891 2308 1003 2335 minime
1015 2307 1059 2335 sit.

346 2353 375 2381 Si
391 2353 489 2381 melius
504 2353 658 2388 estjustum
674 2361 734 2380 esse
746 2360 826 2388 quam
839 2353 984 2387 iniustum,
1001 2353 1095 2389 quidni

309 2400 373 2427 talis
397 2399 432 2426 ab
461 2399 521 2434 ipso
548 2399 673 2433 protinus
694 2404 760 2426 ortu
781 2405 868 2433 exque
895 2400 989 2433 genesi
1014 2399 1097 2426 homo

309 2445 442 2473 creatur?
457 2444 507 2472 Sin
525 2450 614 2472 autem
632 2449 737 2479 postea,
756 2449 785 2472 ut
797 2445 831 2472 ad
844 2445 983 2473 meliorem
999 2443 1096 2472 evadat

309 2491 427 2526 frugem.
440 2490 594 2526 disciplinis
610 2491 718 2526 cogitur
731 2496 812 2526 atque
824 2490 930 2525 legibus
948 2500 954 2517 :
969 2491 1050 2525 plane
1065 2493 1096 2517 ut

308 2537 414 2565 arbitrii
429 2537 558 2564 facultate
574 2537 705 2571 praeditus
719 2536 753 2564 iis
769 2538 877 2572 cogitur
892 2540 919 2564 et
934 2537 1092 2572 castigatur,

307 2590 363 2610 non
381 2582 455 2610 velut
471 2582 518 2617 qui
532 2582 619 2609 malus
633 2589 649 2609 a
664 2586 762 2610 natura
777 2583 823 2610 sit.

339 2623 374 2654 Si
385 2627 460 2659 mali,
476 2627 560 2654 natali
575 2626 718 2659 fatalitate,
735 2627 903 2655 ineluctabili
917 2627 1094 2664 providentia;

306 2673 419 2701 decreto
443 2673 508 2700 mali
528 2677 690 2705 nascuntur,
714 2674 789 2701 omni
815 2674 895 2708 culpa
911 2679 1022 2705 vacant,
1042 2681 1093 2701 nec

306 2717 382 2754 digni
401 2721 467 2746 sunt
488 2718 535 2754 qui
558 2719 648 2754 legum
670 2720 760 2755 pmnis
777 2725 972 2754 coerceantur;
992 2712 1092 2755 quippe

306 2764 354 2798 qui
366 2763 460 2790 vivant
481 2767 511 2791 ut
533 2764 588 2792 illis
604 2771 619 2790 a
633 2768 732 2792 natura
747 2769 936 2801 comparatum
949 2770 1010 2798 est;
1027 2774 1090 2794 nam

306 2820 356 2841 nec
373 2819 402 2840 ΒΕ
413 2812 490 2848 ipsos
501 2816 606 2840 mutare
620 2817 778 2848 potuerunt.

341 2857 461 2891 Rursus,
487 2859 510 2886 si
531 2858 606 2891 boni,
621 2867 654 2887 eo
675 2859 748 2896 quod
768 2860 844 2890 iuxta
865 2864 993 2888 naturam
1012 2867 1089 2888 suam

305 2905 366 2932 vitae
382 2905 502 2933 rationes
514 2904 672 2940 instituunt,
689 2906 769 2935 laude
781 2907 857 2943 digni
868 2911 944 2941 sunt,
962 2914 1024 2935 cum
1039 2914 1090 2933 na~

1182 2356 1213 2382 Εἰ
1235 2355 1362 2392 κρεῖσσόν
1382 2354 1440 2381 ἐστι
1458 2355 1488 2381 τὸ
1504 2355 1607 2382 δίκαιον
1624 2352 1694 2380 εἶναι
1707 2352 1754 2379 τοῦ
1772 2352 1877 2386 ἀδίκου,
1892 2352 1936 2380 διὰ

1147 2402 1172 2428 τί
1191 2402 1311 2433 τοιοῦτος
1334 2399 1445 2427 αὐτόθεν
1464 2401 1478 2426 ὁ
1491 2399 1635 2435 ἄνθρωπος
1655 2398 1709 2425 ἀπὸ
1733 2397 1782 2433 τῆς
1801 2397 1935 2432 γενέσεως

1146 2448 1176 2474 οὐ
1197 2448 1316 2483 γίνεται;
1340 2446 1371 2472 El
1386 2446 1414 2473 δὲ
1437 2446 1560 2482 ὕστερον,
1581 2446 1655 2476 ὅπως
1676 2444 1794 2479 ἀμείνων
1820 2443 1933 2479 γενηθῇ,

1147 2493 1341 2529 σωφρονίζεται
1365 2492 1506 2528 μαθήμασι
1522 2491 1569 2518 καὶ
1587 2491 1694 2526 νόμοις·
1709 2490 1746 2523 ὼς
1761 2489 1933 2523 αὑτεξούσιος

1145 2541 1198 2575 ἄρα
1221 2538 1425 2575 σωφρονίζεται,
1440 2539 1487 2566 καὶ
1499 2538 1550 2565 οὐκ
1561 2538 1594 2563 ἐκ
1606 2535 1713 2571 φύσεως
1727 2536 1766 2563 ὢν
1783 2535 1880 2568 κακός.

1180 2631 1211 2658 Et
1224 2632 1248 2657 οἱ
1262 2630 1375 2666 πονηροὶ
1388 2628 1500 2665 πονηροὶ
1511 2627 1582 2655 κατὰ
1593 2627 1699 2661 γένεσιν
1709 2626 1788 2662 φύσει
1799 2625 1932 2666 Προνοίας

1143 2679 1249 2711 ταγαίς,
1266 2677 1315 2703 οὐχ
1328 2677 1382 2702 εἰσὶ
1401 2674 1520 2711 μεμπτοὶ
1536 2674 1583 2700 καὶ
1600 2673 1669 2707 ἄξιοι
1685 2672 1820 2708 τιμωρίας
1834 2671 1884 2707 τῆς
1899 2672 1933 2699 ὲκ

1142 2724 1197 2751 τῶν
1220 2724 1321 2758 νόμων.
1343 2722 1443 2755 ζῶντες
1464 2722 1523 2748 κατ’
1543 2719 1627 2756 αὐτὴν
1645 2719 1694 2756 τὴν
1716 2718 1819 2746 οίκιιαν
1838 2718 1930 2752 qadi-

1142 2771 1203 2797 ἐπεὶ
1217 2769 1254 2804 μὴ
1269 2768 1424 2804 δεδύνηνται
1438 2766 1647 2802 μεταϐληθῆναι.

1176 2858 1231 2885 Καὶ
1247 2857 1350 2889 ἂλλως⁴
1365 2857 1390 2883 ιι
1410 2856 1434 2882 ot
1457 2854 1554 2889 ἀγαθοὶ
1573 2854 1645 2882 κατὰ
1658 2854 1708 2890 τὴν
1725 2851 1829 2880 οἰκείαν
1848 2851 1931 2887 φύσιν

1141 2905 1241 2938 ζῶντές
1260 2906 1329 2932 εἰσιν
1350 2902 1498 2936 ἐπαινεταὶ,
1515 2902 1565 2938 τῆς
1586 2901 1720 2936 γενέσεως
1740 2898 1823 2934 οὖσης
1838 2897 1931 2931 «ista:
