2131 3167
291 172 344 201 495

783 167 813 196 S.
834 164 1001 195 ΜΕΤΠΟΒΙΙ
1019 163 1173 192 Ειηεοηρι
1193 162 1238 190 ΕΤ
1257 161 1440 191 IABTYBIS

1873 161 1926 190 £98

290 238 364 259 enim
378 231 551 258 lucernarum
573 228 686 257 luminis
701 231 754 260 est.
771 227 798 254 id
812 235 878 254 vero
898 226 1008 254 irrorati
1024 225 1078 253 olci
1093 229 1114 257 Α

1093 229 1114 257 Α
1131 231 1184 258 ριοι
1202 223 1231 249 δὲ
1252 231 1363 254 παντως
1376 222 1425 249 καὶ
1447 222 1472 248 οἱ
1495 221 1542 249 τοῦ
1561 221 1630 249 Θεοῦ
1646 221 1783 258 οἰκτιρμοὶ
1798 220 1925 252 θανάτου.

290 276 393 314 pabulo
419 275 583 304 concrescit.
609 275 656 302 Dei
681 281 791 309 quoque
821 280 935 309 prorsus
964 273 1077 300 misera»

290 323 382 351 tiones
398 326 512 350 mortem
534 326 562 349 et
577 326 689 356 peccata
713 320 878 350 dissolvunt.
904 319 1079 353 humanoque

290 369 384 405 generi
396 368 517 404 proclive
533 368 716 403 opitulantur,
742 373 775 393 ac
802 365 931 392 alimenta
956 364 1078 399 prabent

290 415 345 442 luci
369 415 470 442 cordis.
499 414 550 446 Ac.
575 421 679 449 quasso,
697 412 871 440 considente
887 419 952 439 num
969 411 1042 446 leges
1063 418 1078 437 a

291 458 380 493 prituo
390 459 500 486 homine
512 458 624 485 condito
640 458 673 485 ad
690 457 830 485 Christum
849 457 978 491 deinceps
1003 455 1080 483 Scri-

291 509 372 540 ptura
383 505 438 532 illis
446 505 539 532 verbis
554 503 709 539 signiﬁcare
720 503 848 534 voluerit,
864 502 966 538 quibus
983 501 1078 528 diabo-

291 551 336 579 lus
350 551 498 579 contrariis
515 550 651 586 ﬁgmentis
672 549 820 577 humanum
846 556 932 585 genus
959 547 1077 576 seduxit.

291 598 330 625 Ac
345 596 441 624 Ficum
462 596 571 632 quidem
598 599 733 631 praecepto
759 595 938 630 comparavit,
963 595 1079 629 quodin

290 643 420 679 paradiso
435 642 528 670 datum
545 647 585 670 est
601 642 715 677 homini,
731 641 805 676 quod
829 641 853 668 is
866 641 1008 671 seductus,
1027 648 1080 667 mt-

289 688 404 717 ditatem
421 688 489 716 ficus
513 688 585 715 foliis
597 687 718 715 contexit
732 688 767 715 ”.
792 686 880 714 Vitem
892 691 983 714 autem
999 686 1033 714 ad
1051 686 1078 713 id

290 735 396 766 retulit,
413 732 486 769 quod
507 733 603 760 diluvii
618 737 740 768 tempore
766 732 823 760 Noe
850 731 944 759 datum
969 736 1022 763 cst,
1047 739 1080 758 eo

291 779 364 814 quod
381 779 425 806 ille
442 779 505 805 vino
518 778 636 813 sopitus,
651 778 751 805 irrisus
770 780 813 804 est
834 776 868 802 ".
886 776 962 803 Oliva
980 775 1081 802 Mosai-

291 832 352 852 cam
365 825 449 859 legem
468 823 614 859 signiﬁcat.
630 823 722 850 datam
734 823 761 849 in
774 822 895 855 deserto;
921 821 993 857 quod
1009 822 1081 850 vidc-

291 871 356 899 licet
379 870 540 906 prophetica
570 870 669 905 gratia,
699 874 825 897 sanctum
856 870 952 904 utique
976 869 1078 901 oleum.

1132 268 1180 294 καὶ
1199 268 1303 304 ἀρωγοὶ
1320 268 1370 303 τῆς
1386 267 1606 304 άνθρωπότητος,
1625 269 1672 295 καὶ
1685 267 1733 294 τοῦ
1749 267 1800 302 τῆς
1813 266 1927 303 καρδίας

1132 314 1221 348 φωτὸς
1235 313 1387 349 θρεπτικοί.
1407 313 1461 340 Καὶ
1483 313 1669 348 ἐπισκέψασθε
1688 314 1793 349 μήποτε
1807 313 1859 345 τὰς
1872 312 1928 340 άπδ

1132 359 1179 386 τοῦ
1203 359 1417 396 πρωτοπλάστου
1446 359 1526 395 μέχρι
1552 359 1600 386 τοῦ
1625 359 1744 396 Χριστοῦ
1768 359 1886 395 καθεξῆς
1910 359 1928 395 ἡ

1132 403 1228 441 Γραφὴ
1244 403 1405 440 νομοθεσίας
1431 404 1523 439 δηλοῖ,
1540 400 1577 432 ὧν
1600 404 1614 430 ὁ
1637 403 1759 436 διάϐολος
1783 403 1929 440 άντίμιμος

1133 450 1288 487 ἐξηπάτησε
1306 450 1446 487 πλάσμασι
1455 450 1487 477 τὸ
1495 451 1550 477 τῶν
1559 451 1710 487 ἀνθρώπιον
1718 451 1806 485 γένος·
1815 451 1865 487 τὴν
1878 451 1928 487 μὶν

1132 498 1222 534 Συκῆν
1238 497 1428 530 ἀπεικάζουσα
1442 498 1475 532 τῇ
1489 497 1561 524 κατὰ
1575 497 1620 524 τὸν
1637 497 1800 534 παράδεισον
1820 496 1930 534 δοθείσῃ

1131 544 1171 579 τῷ
1184 543 1321 580 ἀνθρώπῳ
1331 543 1438 579 ἐντολῇ·
1455 543 1550 579 ὲπιιδὴ
1561 543 1610 579 τὴν
1624 543 1765 579 γύμνωσιν
1779 543 1929 579 ἀπατηθεὶς

1132 588 1211 622 οὗτος
1233 590 1360 622 πετάλοις
1379 590 1537 617 άπεκάλυύε
1554 590 1650 624 συκῆς.
1667 590 1724 626 Τὴν
1737 589 1767 616 δὲ
1779 590 1928 626 Ἄμπελον,

1132 638 1165 672 τῇ
1179 636 1225 662 ἐπὶ
1239 636 1286 662 τοῦ
1302 635 1495 671 κατακλυσμοῦ
1507 635 1548 671 τῷ
1561 635 1634 667 Νῶε,
1647 635 1692 662 διά
1705 635 1736 662 ἰδ
1751 635 1816 671 οἴνῳ
1832 644 1928 672 κοιμη·

1133 681 1230 713 θέντα,
1253 682 1443 717 χλευασθῆναι.
1462 682 1517 718 Ἰὴν
1539 682 1568 709 δὲ
1589 682 1716 714 Ἐλαίαν,
1793 683 1864 710 κατὰ
1880 682 1929 718 τὴν

1133 728 1236 764 ἔρημον
1252 728 1290 764 τῷ
1306 729 1432 755 Μωῦσεϊ’
1452 728 1544 765 ἐπειδὴ
1557 729 1588 756 τὸ
1602 730 1726 765 χάρισμα
1740 729 1770 756 τὸ
1793 737 1927 766 προφητι-

1133 775 1192 806 κὸν,
1204 774 1294 801 ἔλαιον
1307 774 1338 800 τὸ
1355 775 1443 808 ἅγιον,
1457 774 1652 810 άνομησάντων
1665 775 1766 804 αὐτῶν.
1777 775 1929 802 ἐκλελοίπει

1132 820 1183 855 τῆς
1199 820 1392 856 κληρονομίας.
1410 820 1466 855 Τὴν
1479 820 1507 847 δὲ
1535 821 1669 856 Ῥάμνον,
1690 822 1723 857 τῇ
1739 822 1787 847 ἐπὶ
1806 821 1930 858 σωτηρίᾳ

1132 865 1180 892 τοῦ
1201 866 1304 900 κόσμου
1323 867 1380 897 τοῖς
1403 865 1578 898 ἀποστόλοιςσ
1597 866 1691 903 ἐπειδὴ
1707 867 1762 904 γὰρ
1783 867 1820 894 δι’
1837 867 1929 895 αὐτῶν

291 916 425 952 improbis
452 917 562 944 illorum
586 915 694 943 actibus
722 916 757 943 ab
781 916 943 944 haereditate
962 915 1000 951 (id
1015 920 1054 942 est
1070 923 1086 941 a
1102 917 1123 944 Β

1102 917 1123 944 Β
1137 911 1318 948 ἐδιδάχθημεν
1343 911 1472 946 ἁγνείαν,
1496 909 1530 948 ἦς
1555 912 1692 948 ἀπατηλὸν
1719 913 1804 949 μόνης
1819 913 1927 941 εῐδωλον

289 962 406 997 Ιιιάωίε)
431 961 572 991 defecerit.
600 960 723 997 Denique
751 962 895 989 rhamnum
918 970 973 989 non
990 963 1080 997 inepte

290 1013 376 1041 refert
403 1013 437 1040 ad
462 1021 522 1040 eam
548 1013 633 1048 legem
651 1021 710 1048 qua:
736 1013 868 1048 apostolis
891 1013 953 1040 data
977 1017 1020 1041 est
1045 1013 1080 1041 ad

291 1063 386 1091 mundi
418 1064 545 1095 salutem.
571 1064 636 1099 quia
668 1072 716 1099 per
741 1065 850 1092 illorum
878 1065 1079 1092 institutionem

291 1108 475 1144 virginitatem
486 1108 643 1142 didicimus,
656 1110 737 1144 cujus
753 1110 836 1137 unius
852 1110 934 1136 inane
949 1117 981 1136 ac
995 1109 1079 1137 fallax

291 1154 468 1183 simulacrum
485 1155 612 1183 diabolus
620 1160 727 1183 struere
736 1155 870 1191 nequivit.
883 1154 988 1183 Idcirco
997 1155 1079 1183 etiam

290 1205 410 1236 quatuor
424 1201 525 1229 tradita
543 1205 608 1229 sunt
624 1201 781 1237 Evangelia,
800 1201 874 1236 quod
896 1201 969 1229 Deus
982 1206 1081 1237 quater

291 1247 412 1275 humano
425 1247 519 1283 generi
534 1247 640 1276 faustas
651 1248 711 1275 illas
724 1248 947 1276 annuntiationes
962 1249 1080 1282 miserit,

291 1307 325 1326 ac
335 1299 477 1334 quaternis
493 1300 673 1335 promulgatis
686 1300 792 1335 legibus
807 1299 896 1335 ipsum
908 1301 1058 1328 instituerit
1072 1311 1078 1328 :

291 1353 408 1381 quarum
427 1349 548 1380 tempora
564 1354 597 1373 ex
611 1345 749 1373 fructuum
765 1346 926 1374 diversitate
939 1347 1082 1382 perspicue

293 1400 454 1424 noscuntur.
467 1395 534 1424 Nam
555 1397 632 1428 licus.
648 1398 719 1432 quod
742 1398 806 1426 mite
832 1406 864 1425 ac
885 1399 965 1426 dulce
980 1398 1081 1426 formo-

294 1455 410 1483 sumque
429 1455 540 1482 pomum
565 1453 616 1482 est,
633 1448 746 1476 delicias
762 1449 882 1484 paradisi
899 1449 1016 1484 vitatque
1032 1457 1081 1476 vo-

293 1499 417 1535 luptariae
433 1503 622 1534 repraesentat,
645 1500 672 1526 in
701 1508 754 1534 qua
774 1500 864 1531 ,homo
890 1505 954 1528 ante
975 1501 1080 1535 lapsum

293 1544 355 1573 fuit.
365 1544 437 1573 Sane
451 1553 504 1573 non
515 1553 589 1577 raro,
603 1549 633 1572 ut
647 1550 741 1580 postea
757 1545 1008 1574 demonstrabimus
1018 1567 1024 1579 ,
1047 1546 1081 1573 ii-

1131 958 1182 984 οὺκ
1200 959 1310 994 ἴσχυσεν
1324 960 1339 985 ὁ
1354 958 1477 990 διάϐολος
1494 958 1637 986 σκευάσαι.
1651 959 1701 986 Διὰ
1717 959 1797 987 τοῦτο
1811 961 1860 987 καὶ
1874 961 1928 988 Εὐ-

1130 1004 1247 1038 αγγέλια
1265 1004 1321 1040 (50)
1335 1005 1455 1041 τέσσαρα
1469 1005 1661 1041 παραδέδοται,
1673 1006 1802 1041 τετράκις
1813 1007 1929 1042 εὐαγγε-

1131 1050 1279 1086 λισαμένου
1290 1051 1337 1078 τοῦ
1348 1051 1416 1078 Θεοῦ
1433 1052 1488 1088 τὴν
1502 1052 1710 1088 ἀνθρωπότητα,
1728 1054 1776 1080 καὶ
1791 1053 1929 1088 παιδαγω-

1130 1098 1264 1132 γήσαντος
1280 1098 1411 1134 τέσσαρσι
1431 1098 1534 1133 νόμοις,
1548 1095 1586 1124 ὦν
1603 1099 1628 1125 ot
1644 1099 1743 1135 καιροὶ,
1759 1099 1854 1134 σαφῶς
1874 1100 1928 1128 άπδ

1131 1143 1181 1177 τῆς
1192 1143 1384 1179 διαφορότητος
1400 1143 1541 1179 δηλοῦνται
1555 1144 1609 1171 τῶν
1622 1145 1746 1180 καρπῶν.
1762 1145 1794 1172 Ἦ
1809 1147 1860 1180 μὲν
1873 1145 1929 1183 γὰρ

1132 1190 1212 1225 συκῆ,
1229 1190 1273 1216 διὰ
1288 1191 1338 1226 τὴν
1349 1191 1500 1225 γλυκασίαν
1517 1191 1564 1217 καὶ⁸
1577 1191 1622 1218 τὸν
1633 1191 1784 1227 ὼραῖσμὺν,
1802 1191 1851 1228 τὴν
1864 1200 1930 1228 spu-

1133 1235 1186 1271 φὴν
1209 1236 1258 1271 τὴν
1285 1237 1338 1271 πρὸ
1366 1237 1414 1272 τῆς
1441 1237 1624 1272 παραϐάσεως
1645 1237 1673 1263 ὲν
1699 1237 1854 1273 παραδείσῳ
1880 1236 1928 1264 τοῦ

1132 1281 1276 1318 ἀνθρώπου
1294 1282 1442 1318 παρίστησι
1456 1283 1653 1318 γεγενημένην,
1670 1283 1748 1310 Ἐστι
1761 1283 1816 1319 γὰρ
1835 1284 1880 1310 ὅτε
1895 1283 1928 1320 δὴ

1132 1328 1180 1354 καὶ
1210 1327 1313 1363 σφόδρα
1340 1328 1482 1363 πολλαχῶς
1497 1329 1548 1364 τῆς
1576 1329 1663 1364 συκῆς
1690 1329 1736 1355 τὸν
1763 1330 1868 1365 καρπὸν
1897 1329 1929 1357 τὺ

1133 1372 1246 1408 Πνεῦμα
1257 1374 1288 1400 τὸ
1302 1373 1378 1408 ἇγιον
1390 1374 1437 1400 ἐπὶ
1449 1374 1497 1400 τοῦ
1514 1374 1668 1408 κρείττονος
1682 1374 1826 1409 λαμϐάνει,
1837 1375 1928 1408 καθὼς

1133 1419 1312 1454 ἀποδείξομεν
1332 1419 1455 1456 ὕστερον.
1477 1421 1509 1447 Ἦ
1524 1419 1552 1447 δὲ
1568 1420 1690 1456 ἄμπελος
1707 1420 1751 1447 διὰ
1773 1421 1822 1456 τὴν
1839 1421 1928 1455 ιλαρό-

1132 1474 1201 1500 τητα
1219 1466 1267 1501 τὴν
1289 1467 1322 1492 ὲκ
1345 1467 1392 1492 τοῦ
1418 1467 1507 1497 οῐνου,
1534 1467 1582 1493 καὶ
1606 1466 1656 1502 τὴν
1680 1466 1850 1502 εὐφροσύνην
1873 1466 1928 1493 τῶν

1134 1511 1341 1547 περισωθέντων
1354 1512 1405 1546 τῆς
1420 1512 1506 1547 ὀργῆς
1523 1511 1569 1538 καὶ
1590 1511 1637 1538 τοῦ
1658 1511 1863 1547 κατακλυσμοῦ,
1879 1510 1929 1547 τὴν

1133 1557 1188 1584 ἀπὸ
1203 1557 1250 1584 τοῦ
1265 1558 1346 1591 φόϐου
1364 1558 1409 1584 καὶ
1426 1558 1475 1593 τῆς
1490 1558 1641 1594 φροντίδος,
1659 1558 1708 1594 τὴν
1721 1559 1762 1590 εἰς
1776 1559 1827 1594 τὴν
1840 1558 1929 1594 χαράν

293 1599 344 1619 eus
369 1591 488 1619 fructum
508 1590 628 1626 Spiritus
642 1597 756 1619 sanctus
781 1592 808 1618 in
838 1592 948 1620 virtutis
975 1596 1078 1627 partem
1094 1593 1134 1628 C‘

1094 1593 1115 1620 ε
1131 1604 1221 1630 αὐτῶν
1243 1590 1394 1639 μεταϐολὴν
1421 1590 1582 1631 αἰνίσσεται.
1609 1590 1640 1631 ἰι
1661 1590 1693 1631 δέ
1715 1590 1864 1640 metu
1878 1590 1929 1632 ’τὸν

293 1637 378 1664 sumit
389 1637 421 1664 ".
438 1635 507 1664 Vitis
523 1642 612 1663 autem
629 1640 739 1671 propter
761 1637 816 1664 vini
844 1637 1010 1664 hilaritatem
1031 1645 1078 1664 eo-

295 1691 410 1719 rumque
421 1684 541 1711 laetitiam
557 1683 602 1718 qui
617 1691 631 1710 a
650 1683 745 1711 diluvii
761 1684 812 1715 ira,
829 1683 877 1711 Dei
900 1684 1080 1720 indulgentia,

295 1737 437 1763 evaserant
454 1734 487 1766 ",
505 1737 625 1761 tnutatos
641 1733 750 1760 illorum
771 1733 878 1761 animos
894 1741 908 1760 a
924 1734 1020 1761 timore
1033 1742 1082 1762 an-

1133 1649 1238 1685 καρπδν
1254 1649 1301 1676 τοῦ
1318 1650 1421 1681 ἐλαίου,
1443 1650 1492 1686 τὴν
1507 1650 1707 1686 εὐσπλαγχνίαν
1725 1650 1771 1678 τοῦ
1789 1650 1858 1677 Θεοῦ
1876 1659 1930 1686 μη-

1135 1695 1203 1728 νύει,
1219 1696 1299 1722 πάλιν
1315 1696 1562 1732 ἀνεξικακήσαντος
1579 1696 1647 1732 μετὰ
1664 1696 1708 1723 τὸν
1721 1696 1928 1731 κατακλυσμὸν.

1136 1741 1189 1767 τῶν
1211 1741 1362 1777 ἀνθρώπων
1384 1742 1574 1778 ἐκτραπέντων
1599 1742 1639 1774 είς
1662 1742 1812 1778 ἀθεότητα,
1837 1741 1929 1769 δοῦναι

295 1784 394 1819 xiaque
405 1791 471 1811 cura
498 1783 526 1810 in
548 1783 678 1818 gaudium
694 1783 813 1810 obscure
829 1783 979 1818 signiﬁcat.
1005 1784 1082 1812 Oliva

1136 1787 1218 1823 νόμον
1233 1790 1278 1815 καὶ
1292 1789 1492 1824 ἐμφανισθῆναί
1512 1797 1577 1820 τισι,
1592 1790 1641 1816 καὶ
1654 1789 1749 1824 ὥσπερ
1763 1788 1929 1815 ἀποσϐεννυ-

295 1837 387 1866 porro,
412 1834 525 1865 propter
547 1829 600 1857 olei
627 1829 701 1864 quod
725 1829 852 1864 producit
878 1833 1013 1862 naturam,
1036 1830 1084 1858 Dei

1139 1833 1222 1869 μένην
1235 1835 1284 1870 ήδη
1298 1835 1346 1870 τὴν
1360 1835 1447 1869 αὐγὴν
1462 1835 1511 1870 τῆς
1525 1835 1626 1870 ἀρετῆς
1637 1835 1720 1870 ἐλαίῳ
1735 1835 1857 1861 λιπᾱναι.
1945 1865 1947 1868 γ

295 1878 512 1906 misericordiam
528 1877 669 1912 designat;
693 1877 739 1912 qui
753 1877 851 1904 iterum
864 1881 925 1912 post
945 1877 1090 1911 diluvium,
1114 1882 1202 1909 versis
1228 1882 1255 1909 in
1282 1882 1449 1917 impietatem
1473 1883 1642 1913 hominibus.
1664 1883 1800 1917 patienter
1823 1881 1928 1913 tulerit,

296 1929 326 1953 ut
350 1926 435 1960 legem
463 1925 553 1958 daret,
581 1932 614 1951 ac
639 1931 669 1952 se
693 1924 858 1959 quibusdam
883 1925 1084 1960 manifestaret,
1114 1927 1223 1964 iamque
1254 1937 1338 1964 prope
1364 1931 1592 1965 exstinguendam
1625 1930 1736 1958 virtutis
1760 1930 1850 1958 lucem
1874 1930 1928 1958 olei

296 1973 462 2009 pinguedine
473 1973 580 2000 foverit.

295 2032 361 2061 Cn.
380 2031 424 2059 lli.
439 2031 575 2059 Rhamnus
588 2036 612 2059 et
625 2040 720 2067 agnus,
737 2033 871 2059 castitatis
887 2033 1046 2068 symbolam.
1060 2033 1182 2066 Quatuor
1193 2032 1349 2068 Evangelia,
1364 2033 1392 2060 id
1406 2037 1456 2066 est,
1472 2033 1673 2068 pra-dicationes
1687 2033 1740 2060 sive
1751 2033 1817 2069 leges
1830 2034 1867 2061 ad
1881 2043 1929 2063 sa-

989 2070 1071 2096 lutem
1091 2070 1266 2095 insumentes.

332 2125 475 2154 Rhamnus
491 2132 594 2159 autem,
609 2127 680 2155 idem
697 2129 743 2163 qui
763 2135 849 2163 agnus
875 2133 926 2162 est.
941 2137 996 2164 quo
1009 2133 1086 2156 utro-

1179 2129 1210 2155 'H
1225 2129 1252 2155 δὲ
1270 2129 1385 2164 Ῥάμνος
1395 2129 1442 2156 καὶ
1454 2129 1552 2163 Ἀγνος
1565 2128 1647 2160 ἐστὶν,
1659 2128 1703 2162 ὑφ’
1713 2125 1751 2155 ὧν
1766 2129 1816 2165 μὲν
1826 2129 1929 2165 ῥάμνος

297 2181 350 2209 que
366 2174 521 2208 promiscue
534 2175 642 2201 nomine
654 2175 715 2202 aliis
732 2175 849 2209 aliisque
864 2180 987 2203 vocatur.
1004 2174 1085 2202 Forte

1138 2174 1314 2210 καλούμενος,
1328 2175 1371 2209 ὑφ’
1387 2171 1425 2202 ὧν
1439 2174 1467 2200 δὲ
1481 2174 1563 2208 ἄγνος
1573 2181 1580 2188 ·
1601 2173 1648 2200 καὶ
1663 2173 1733 2208 τάχα
1749 2173 1793 2200 διὰ
1814 2173 1846 2199 τὸ
1863 2181 1929 2208 συγ-

297 2220 379 2247 etiam
407 2220 480 2255 quod
513 2220 605 2256 planta
631 2221 689 2248 lucc
714 2221 865 2255 virginitati
882 2221 970 2249 allinis
990 2222 1036 2253 sit.
1055 2225 1085 2248 ut

1139 2222 1216 2256 γενὲς
1233 2222 1316 2256 φυτὸν
1338 2221 1416 2248 τοῦτο
1436 2223 1469 2257 τῇ
1494 2219 1628 2256 παρθενίᾳ
1653 2220 1818 2255 πεφυκέναι,
1842 2219 1930 2257 ταύτῃ

297 2266 431 2294 rhamnus
447 2271 474 2294 et
495 2275 582 2302 agnus
600 2271 808 2302 nuncuparetur
822 2268 940 2295 obtinuit
966 2276 973 2294 :
994 2268 1086 2294 rltam-
1101 2283 1123 2310 Ι)

1101 2283 1123 2310 D
1141 2268 1243 2304 ῥάμνος
1257 2268 1304 2294 καὶ
1323 2267 1404 2301 ἄγνος
1421 2265 1644 2302 προσηγορεύθη·
1665 2266 1768 2301 ῥάμνος
1780 2265 1839 2300 μὲν,
1853 2264 1929 2302 παρὰ

298 2320 353 2340 nus
367 2312 489 2348 quidem.
503 2318 616 2348 propter
636 2314 805 2341 soliditatem
817 2318 845 2341 et
859 2313 992 2341 adversus
1008 2313 1086 2341 volu—

296 2361 387 2394 ptates
406 2357 561 2385 ﬁrmitatem
575 2367 582 2385 :
596 2365 682 2393 agnus
697 2367 771 2392 vero,
787 2359 838 2386 hoc
852 2363 894 2386 est
908 2363 994 2390 casta,
1011 2359 1085 2394 quod

299 2404 362 2432 talis
375 2411 481 2439 semper
497 2403 587 2430 duret.
605 2403 675 2431 Hinc
696 2409 723 2432 et
737 2404 823 2431 Eliam
839 2412 854 2431 a
867 2405 936 2432 facie
950 2403 1085 2433 Jezabelis

299 2450 422 2478 mulieris
445 2449 593 2484 fugientem
621 2448 763 2484 Scriptura
781 2449 865 2477 refert
878 2450 902 2466 "
917 2451 950 2478 ad
976 2451 1085 2478 rhamni

299 2495 417 2531 primum
435 2495 559 2523 umbram
577 2494 736 2526 secessisse,
763 2495 855 2530 ibique
868 2495 1025 2523 exauditum
1038 2503 1085 2523 ro-

299 2541 352 2568 bur
366 2542 514 2577 accepisse,
531 2548 564 2569 ac
575 2541 666 2568 cibum
681 2541 851 2576 sumpsisse:
867 2542 939 2577 quod
956 2543 1085 2570 nimirum

299 2586 324 2615 ei
341 2587 388 2623 qui
400 2587 521 2615 libidinis
536 2587 605 2623 fugit
618 2591 746 2619 (nstrum,
764 2595 848 2622 seque
868 2595 884 2614 a
898 2588 1012 2616 muliere
1028 2588 1086 2616 exi-

301 2635 361 2666 mit,
378 2633 430 2661 hoc
444 2637 496 2666 est,
516 2641 533 2662 a
545 2635 694 2670 voluptate,
717 2633 836 2669 hospitio
847 2634 884 2662 sit
895 2641 927 2662 ac
940 2634 1088 2662 umbracu-

1137 2314 1168 2340 τὸ
1182 2313 1339 2349 στερέμνιον
1355 2313 1403 2339 καὶ
1419 2312 1551 2348 καρτερὸν
1571 2311 1640 2348 πρὸς
1656 2311 1705 2343 τὰς
1720 2311 1831 2346 ἡδονάς·
1847 2310 1929 2344 ἄγνος

1135 2360 1181 2391 δὲ,
1210 2361 1284 2396 παρὰ
1310 2359 1340 2386 τὸ
1361 2359 1507 2391 διαπαντὸς
1535 2358 1669 2393 ἁγνεύειν.
1699 2356 1780 2383 Ὅθεν
1804 2356 1853 2383 καὶ
1882 2356 1928 2384 τὸν

1142 2407 1234 2434 Ἠλίαν
1249 2408 1280 2433 ὲκ
1295 2405 1440 2442 προσώπου
1453 2406 1502 2441 τῆς
1522 2405 1638 2432 Ίεσάεελ
1653 2403 1781 2439 γυναικὸς
1793 2402 1928 2438 φεύγοντα

1136 2451 1215 2487 λόγος
1233 2452 1285 2479 ὑπὸ
1299 2453 1401 2487 ῥάμνον
1415 2451 1502 2478 ἐλθεῖν
1522 2451 1639 2487 πρῶτον,
1656 2450 1702 2477 καὶ
1717 2448 1930 2476 είσακουσθέντα

1136 2496 1276 2532 ἐνισχῦσαι
1294 2497 1340 2523 καὶ
1353 2496 1444 2524 λαϐεῖν
1457 2497 1570 2533 τροφὴν,
1580 2497 1621 2523 ὅτι
1635 2495 1689 2522 τῶν
1707 2494 1860 2530 φευγόντων
1871 2494 1929 2530 (51)

1137 2540 1255 2578 οἶστρον,
1270 2543 1318 2569 καὶ
1333 2542 1382 2578 τὴν
1394 2544 1522 2577 γυναῖκα.
1535 2542 1583 2578 τὴν
1598 2541 1706 2577 ἡδονὴν,
1717 2540 1747 2567 τὸ
1757 2539 1931 2575 καταγώγιον

1138 2588 1185 2614 καὶ
1200 2589 1217 2623 ἡ
1233 2587 1331 2623 σκέπη,
1348 2588 1378 2614 τὸ
1394 2588 1442 2624 τῆς
1460 2587 1572 2622 ἁγνείας
1590 2585 1740 2621 ὲσλάστησε
1757 2585 1834 2619 ξύλον
1846 2607 1853 2618 ,
1876 2585 1930 2613 άπδ

1139 2633 1188 2670 τῆς
1205 2634 1357 2670 παρουσίας
1373 2633 1420 2661 τοῦ
1441 2632 1642 2670 άρχιπαρθένου
1666 2631 1783 2668 Χριστοῦ
1805 2630 1918 2668 βασιλεῦ

327 2713 349 2728 ⁹⁶
365 2711 430 2740 Gen.
444 2717 488 2746 ιιι,
503 2710 529 2739 7.
563 2713 584 2729 "
601 2711 666 2740 Gen.
682 2720 719 2743 tr.
731 2711 776 2739 22.
811 2712 835 2728 θ’
846 2711 904 2739 Jer.
919 2721 978 2746 vut,
1002 2713 1043 2740 l3.
1082 2711 1106 2728 "
1118 2710 1168 2739 Jac

773 2732 776 2738 .
811 2712 835 2728 θ’
846 2711 904 2739 Jer.
919 2721 978 2746 vni,
1002 2713 1043 2740 l3.
1082 2711 1106 2728 "
1118 2710 1188 2740 Jul.
1203 2720 1234 2745 Il,
1251 2711 1297 2740 22.
1333 2712 1359 2728 ”
1370 2711 1421 2739 111
1434 2711 1498 2747 Reg.
1514 2719 1572 2744 xix,
1587 2711 1614 2739 4.

335 2791 391 2827 (⁵ο)
406 2790 584 2828 εὐαγγέτλιας
610 2791 682 2828 ’Λντὶ
695 2790 753 2828 τοῦν
768 2790 942 2828 κηρύγμειταν
957 2791 1083 2826 ρτιτάίεαε

300 2825 392 2867 tiones,
410 2825 481 2867 leges
494 2825 529 2853 ad
544 2826 657 2867 salutem
674 2825 856 2867 insumentes:
871 2825 1015 2867 Coussrts.
1053 2843 1065 2867 ιι

337 2862 393 2897 (5i)
411 2860 472 2890 Τῶν
485 2861 666 2897 φευγόντων.
684 2861 811 2896 Allatius,
828 2860 872 2889 τὸν
885 2861 1028 2896 φεύγοντα.
1045 2860 1087 2889 Ad

1140 2797 1220 2825 quem
1240 2789 1330 2817 locum
1344 2789 1402 2825 haec
1413 2787 1658 2825 editorALupareus
1676 2798 1683 2816 :
1700 2788 1762 2825 Τῶν
1775 2785 1931 2825 (psum

1139 2820 1303 2860 rescriptum
1325 2823 1486 2860 exiPhotio.
1507 2820 1574 2852 Nam
1600 2828 1695 2854 noster
1720 2820 1838 2852 habebat
1860 2820 1931 2858 πρὸς

1139 2860 1186 2888 τὸν
1200 2859 1344 2896 φεύγοντα.
1358 2859 1444 2888 GALL.
