2131 3167
333 216 384 244 M3

834 221 863 250 S.
885 222 1051 254 ΜΕἸἮΟΒΗ
1066 224 1222 255 ενιεοορι
1236 225 1282 254 ΕΤ
1299 224 1480 254 ΜΑΒΠΒΙΒ

1906 228 1961 258 ω

331 274 430 303 ﬂuctus
454 275 592 305 montanis
617 278 775 312 superciliis
800 280 956 315 proximos,
983 285 1066 318 atque
1089 286 1172 316 atAt

1117 286 1158 316 ;Α
1169 283 1256 320 όρέων
1270 283 1461 321 παραπλήσιον
1479 283 1573 320 ἑώρων
1590 283 1710 320 κύματα,
1733 284 1782 312 καὶ
1805 284 1863 322 (ὡς
1879 286 1958 322 λόγον

330 327 388 366 rem
398 320 500 357 dicam,
513 323 547 351 ad
558 323 649 359 ipsum
661 325 847 362 pertingentes
856 328 956 356 caelum
969 338 976 356 :
992 337 1043 358 nec
1055 330 1123 358 mihi

1117 331 1123 358 ί
1174 328 1291 364 (iusim)
1306 320 1389 356 αὐτοῦ
1404 328 1586 365 ιφικνούμενα
1599 329 1647 356 τοῦ
1665 330 1781 366 οὐρανοῦ
1794 320 1854 358 le
1870 331 1895 359 δ’
1912 320 1958 359 ἀνι

330 365 395 394 inde
409 367 484 396 aliud
498 370 713 405 exspectandum
727 373 899 408 occurrebat,
911 382 993 410 quam
1009 380 1040 404 ut
1063 377 1124 405 uni-

329 419 436 440 versam
449 417 550 442 terram
569 416 785 453 submergerent,
807 419 986 456 veniebatque
1004 421 1034 448 in
1047 429 1122 450 men-

327 461 384 487 tem
400 459 470 496 fuga
493 461 571 490 locus
582 482 590 496 ,
615 467 643 491 et
665 470 757 491 arcam
772 463 829 493 Noe
843 465 936 495 animo
947 467 1118 503 eiiingebam.

327 504 462 534 Caeterum
471 514 553 536 secus
564 511 623 535 erat
638 516 672 536 ac
681 509 823 545 opinabar.
842 510 903 539 Mox
918 513 1019 548 quippe
1030 521 1118 547 mare,

326 555 357 578 ut
372 553 551 587 intumuerat,
565 554 593 582 in
603 562 634 583 se
643 554 732 590 ipsum
747 557 945 592 resolvebatur,
958 567 1014 587 non
1027 563 1119 588 trans-

324 597 453 633 grediens
479 598 569 627 locum
590 607 680 634 suum,
694 603 853 636 reveritum,
868 606 899 630 ut
919 600 1003 632 verbo
1015 605 1116 638 dicam,

325 642 449 672 divinum
471 646 630 674 mandatum
659 648 680 676 '.
707 648 748 677 Ac
776 650 1019 686 quemadmodum,
1043 651 1115 679 haud

325 697 401 724 raro,
417 698 514 721 servus
527 692 627 729 aliquis
640 699 755 732 cogente
771 696 882 725 domino
904 697 1020 725 invitum
1035 697 1116 734 quid-

324 737 388 764 dam
403 736 492 766 facere
503 760 513 773 ,
535 740 666 770 mandato
686 742 797 778 quidem
813 743 913 771 timore
930 743 1092 780 obsequitur
1106 754 1115 773 ε

325 789 377 810 nec
388 783 535 820 quidquam
548 789 651 820 tamen,
660 788 733 823 quod
743 788 905 816 reluctantia
916 789 1000 817 sentit
1010 790 1113 824 animo,

324 828 407 871 audet
425 828 518 859 dicere
533 839 542 859 :
558 831 607 860 sed
635 833 732 868 plenus
758 834 801 861 ira
815 833 944 869 quadam,
959 842 1052 863 secum
1066 835 1114 863 im-

322 880 478 904 murmurat
493 886 501 904 :
514 877 554 906 sic
570 882 644 906 certe
662 883 690 906 et
701 872 767 907 mihi
779 879 893 908 videbar
909 881 1011 915 videre,
1039 882 1113 910 velut

322 919 423 948 iratum
434 929 520 955 mare,
536 930 685 960 secumque
694 925 784 960 ipsum
797 925 928 955 claudens
945 927 1015 955 iram
1030 934 1064 956 ac
1082 935 1113 956 se

1172 373 1269 400 τεῦθιν
1281 373 1359 400 οὐδὲν
1378 373 1472 409 ἓτερον
1492 372 1664 409 προσεδόκων
1676 373 1695 409 ἢ
1714 373 1824 401 ἃπασαν
1843 374 1957 402 tutulu-

1173 418 1301 454 θήσεσθαι
1319 418 1370 455 τὴν
1384 417 1446 453 γῆν·
1460 418 1506 446 καί
1524 427 1570 454 μοι
1587 419 1677 454 φυγῆς
1694 419 1725 445 ὲν
1743 418 1782 455 τῷ
1801 418 1842 446 νοτ
1862 419 1958 453 τόπον,

1172 466 1219 492 καὶ
1233 465 1284 501 τὴν
1300 465 1347 492 τοῦ
1370 464 1434 492 Νῶε
1447 466 1613 493 ἀνέπλαττον
1627 465 1753 494 κιδωτόν.
1769 465 1807 493 Τὸ
1821 466 1844 493 δ’
1855 466 1906 494 οὐκ
1920 465 1958 503 ἦν

1169 511 1185 538 δ
1200 510 1333 548 ἐνόμιζον.
1363 511 1443 538 ’Δλλὰ
1458 512 1513 548 γὰρ
1528 511 1587 547 αμα
1599 510 1774 547 κυρτωθῆναι
1791 511 1842 547 τὴν
1855 511 1956 539 θάλασ-

1170 566 1231 590 σαν,
1253 558 1335 586 πάλιν
1356 557 1484 586 ἀνελύετο
1499 559 1540 591 είς
1554 558 1665 593 ἑαυτὴν,
1682 558 1732 593 οὐχ
1754 558 1956 594 ὑπερϐαίνουσα

1167 604 1215 631 τὸν
1228 604 1328 633 οἰκεῖον
1346 605 1440 639 τόπον,
1457 604 1506 642 (ὡς
1530 604 1595 637 ἔπος
1615 604 1726 640 είπεῑν,)
1737 604 1808 632 θεῖόν
1824 613 1852 632 τι
1871 606 1956 642 πρόσ-

1167 660 1262 688 ταγμα
1286 652 1476 689 πεφοᾶημένη.
1502 652 1558 685 Καὶ
1587 652 1713 689 καθάπερ
1738 653 1868 686 πολλάκις
1899 654 1955 683 τῶν

1166 698 1279 726 οἰκετῶν
1296 707 1349 732 τις,
1378 697 1446 726 ἀκον
1463 707 1490 726 τι
1515 699 1585 736 πρὸς
1601 698 1648 726 τοῦ
1670 699 1801 727 δεσπότου
1823 700 1954 736 πράττειν

1165 745 1397 782 ἀναγκαζόμενος,
1412 744 1451 782 τῷ
1469 746 1517 782 μὲν
1539 746 1729 782 προστάγματι
1743 746 1789 774 διὰ
1810 747 1855 774 τὸν
1871 747 1955 782 φόόον

1164 790 1304 818 πείθεται·
1325 791 1340 818 δ
1353 791 1382 819 δὶ
1404 791 1516 827 πάσχει,
1538 791 1668 826 πράττειν
1689 792 1728 828 μὴ
1752 791 1847 824 θέλων,
1864 791 1955 827 λέγειν

1163 843 1191 862 τι
1213 836 1245 862 οὐ
1262 836 1367 873 τολμᾷ·
1386 835 1541 873 τονθορύξει
1560 835 1589 863 δὲ
1607 837 1637 863 ὲν
1652 836 1751 872 ἑαυτῷ,
1774 836 1861 873 θυμοῦ
1881 845 1953 870 τινος

1163 882 1369 919 πληρούμενος
1386 881 1458 910 οὕτω
1481 882 1528 918 μοί
1545 890 1606 915 πως
1628 883 1754 917 ἐφαίνετο
1775 883 1824 910 καὶ
1839 882 1889 918 τὴν
1904 883 1953 910 θά-

1162 927 1276 962 λασσαν,
1294 928 1416 964 ὡσπερεὶ
1425 928 1610 964 θυμουμένην,
1623 929 1670 955 καὶ
1681 930 1711 956 ἐν
1721 929 1803 964 ἑαυτῇ
1819 929 1952 966 φράττου-

322 967 479 1012 continens,
489 968 606 997 veritum
617 969 732 998 Domino
746 971 871 1007 prodere.
887 971 951 1001 Haec
961 973 998 1001 ita
1009 973 1110 1002 haben-
1124 978 1146 1008 Β
1160 986 1163 998 ‹

1124 978 1146 1008 Β
1160 983 1210 1002 σαν
1230 974 1280 1011 τὴν
1294 975 1389 1011 ὀργὴν,
1407 974 1560 1010 κρατοῦσάν
1571 982 1601 1001 τε
1613 974 1723 1009 ἑαυτῆς,
1736 974 1766 1001 οὐ
1787 974 1951 1012 βουλομένην

320 1011 372 1044 tia,
387 1013 498 1045 tacitus,
515 1013 628 1043 intentis
640 1016 739 1050 oculis,
755 1018 880 1053 aspicere
895 1026 1052 1054 ceperam;
1065 1027 1112 1047 vo-

321 1057 465 1094 lebamque
475 1059 574 1088 caelum
585 1061 676 1090 animo
688 1063 789 1096 metiri.
801 1067 829 1092 et
835 1064 930 1092 orbem
942 1064 1004 1099 ejus
1018 1074 1024 1092 :
1040 1072 1112 1100 quae~

320 1102 416 1131 rebam
441 1112 491 1141 ego
517 1106 589 1135 unde
602 1108 736 1144 inciperet
752 1117 841 1144 quove
862 1110 1001 1138 desineret
1015 1119 1022 1137 :
1035 1110 1110 1145 quali

319 1148 385 1178 item
405 1151 524 1180 cieretur
547 1157 624 1182 motu
643 1163 651 1183 :
679 1163 744 1182 num
760 1155 916 1188 transitive,
931 1155 984 1184 hoc
1001 1159 1055 1189 est,
1075 1156 1110 1184 ab

319 1203 376 1224 uno
399 1196 428 1225 in
443 1198 526 1226 alium
543 1199 652 1233 locum,
672 1201 717 1229 vel
744 1201 772 1228 in
793 1202 887 1229 orbem
905 1201 1044 1230 ferretur:
1062 1202 1110 1230 sed

317 1245 347 1269 et
359 1242 496 1276 quomodo
507 1245 600 1272 statim
616 1245 790 1273 consisteret.
808 1245 890 1280 Atqui
905 1245 988 1273 etiam
1001 1245 1036 1274 de
1052 1246 1111 1274 sole

317 1288 495 1326 quarendum
512 1289 664 1323 videbatur,
696 1298 751 1326 quo
777 1291 801 1318 is
817 1291 898 1319 modo
911 1290 1056 1326 positionis
1080 1291 1109 1319 in

318 1335 391 1363 calo
405 1335 505 1363 habeat
520 1345 527 1363 :
543 1336 607 1372 quis
620 1344 686 1365 vero
699 1337 834 1366 terminus
848 1336 884 1366 sit
895 1345 994 1366 cursus
1008 1337 1084 1365 illius
1099 1345 1108 1365 :

318 1389 375 1418 quo
393 1382 457 1409 item
468 1380 543 1411 brevi
566 1386 640 1412 esset
667 1390 870 1417 concessurus;
897 1391 930 1411 ac
944 1391 1032 1419 neque
1050 1383 1110 1419 ipse

317 1427 536 1464 transgrediatur
552 1435 663 1458 cursum
679 1430 838 1466 proprium:
854 1429 903 1458 sed
916 1434 944 1458 et
957 1428 1109 1465 ipse,un

317 1480 414 1501 verum
439 1473 520 1502 liceat
544 1474 633 1511 loqui,
661 1476 783 1504 melioris
810 1479 975 1512 praceptum
997 1473 1109 1510 aliquod

316 1519 478 1554 custodiat;
507 1524 628 1558 tuncque
652 1521 733 1550 nobis
759 1522 927 1559 conspicuus
958 1523 1107 1556 appareat.

317 1573 380 1594 cum
391 1571 433 1594 εει
446 1574 608 1596 concessum
618 1576 626 1600 ἶ
644 1575 755 1596 rursum
770 1575 846 1602 vero,
857 1575 907 1596 ceu
914 1571 1030 1595 vocatus
1045 1566 1108 1595 ab}

315 1610 408 1639 cedat.
430 1610 542 1639 Interim
564 1619 631 1648 ergo
656 1612 722 1640 dum
750 1612 809 1640 haec
837 1613 962 1648 exquiro,
981 1610 1107 1639 videbam

316 1656 385 1685 solis
393 1656 476 1692 iubar
487 1646 622 1690 occidere.
638 1657 746 1694 dieique
760 1659 851 1687 lumen
864 1646 995 1691 deiicere;
1007 1663 1040 1684 ac
1053 1660 1109 1684 sta-
1121 1646 1143 1675 ο

315 1701 366 1729 tim
380 1702 477 1731 adesse
493 1703 631 1737 tenebras,
652 1704 800 1740 lunamque
819 1705 870 1733 soli
884 1705 1031 1733 succedere
1049 1714 1056 1732 :
1075 1711 1108 1731 ac

315 1747 435 1783 primum
450 1749 560 1784 quidem
576 1750 709 1778 minutam
730 1751 816 1784 oriri;
833 1750 1006 1786 postmodum
1029 1758 1105 1783 vero,

316 1798 401 1820 :ursu
427 1801 643 1830 promoventem,
658 1795 755 1831 majori
779 1797 870 1832 specie
898 1804 1043 1832 apparere.
1067 1795 1107 1824 Ac

315 1846 405 1875 neque
425 1840 460 1868 de
471 1841 517 1868 illa
532 1849 654 1876 quaerere
665 1843 818 1875 cessabant,
830 1850 997 1879 causamque
1016 1844 1106 1871 minu-

314 1886 400 1914 tionis
414 1889 441 1914 et
451 1887 617 1915 accretionis
630 1889 792 1921 scrutabar;
807 1889 880 1924 quod
896 1890 955 1924 ipsa
967 1889 1105 1917 nihilomi—

315 1939 370 1959 nus
382 1931 514 1960 circulum
525 1932 631 1960 dierum
644 1937 734 1960 teneat
744 1943 750 1961 z
759 1935 876 1970 indeque
888 1935 955 1962 mihi
967 1935 1105 1970 quandam

315 1977 436 2005 divinam
450 1977 648 2013 providentiam
663 1987 695 2007 ac
707 1980 761 2007 vim
772 1981 914 2009 meliorum
932 1981 1023 2008 omnia
1040 1989 1105 2009 con-

316 2023 460 2057 tinentem,
472 2031 553 2059 quam
569 2028 597 2052 et
613 2024 696 2052 Deum
705 2025 768 2060 jure
781 2026 909 2060 dicimus,
922 2026 1051 2062 colligere
1061 2027 1103 2054 vi-

315 2070 411 2099 debar.
425 2069 559 2098 Caeterum
584 2079 650 2098 vero
672 2072 743 2107 coepi
758 2072 869 2100 laudare
881 2071 1010 2107 Opiﬁeem
1024 2091 1031 2104 ,
1057 2071 1105 2107 qui

314 2119 417 2144 terram
433 2116 524 2151 ﬁxam,
537 2117 750 2153 animaliumque
771 2117 940 2147 dill'erentias
960 2126 993 2146 ac
1016 2119 1104 2147 varios

314 2162 470 2198 plantarum
485 2162 566 2192 ﬂores
597 2165 757 2200 aspicerem.
786 2164 947 2196 Enimvero,
962 2164 1104 2200 haudqua-

313 2215 396 2244 quam
421 2208 529 2237 animus
555 2209 582 2236 in
610 2209 685 2237 hisce
702 2214 729 2237 et
747 2210 814 2238 solis
835 2211 958 2239 constitit
976 2221 982 2238 :
1002 2211 1049 2238 sed
1070 2211 1104 2238 de

312 2259 422 2289 cetero,
432 2263 555 2291 quaerere
567 2256 637 2291 coepi
651 2257 723 2284 unde
737 2257 795 2284 haec
810 2258 960 2285 constituta
983 2261 1076 2285 essent
1094 2267 1101 2284 :

313 2309 379 2328 num
394 2309 428 2330 ex
446 2302 538 2337 aliquo
553 2302 625 2337 quod
637 2310 743 2338 semper
757 2303 906 2331 coexsistat
921 2303 1045 2338 Deo,‘vel
1069 2311 1102 2331 ex

314 2348 375 2383 ipso
388 2348 501 2383 soloque
512 2347 578 2381 Deo,
595 2349 667 2376 nulla
680 2349 704 2376 ei
724 2357 753 2377 re
768 2350 1102 2382 coexsistente,consiste-

313 2398 385 2422 rent.
403 2394 470 2421 Nam
482 2395 549 2422 nihil
568 2403 600 2422 ex
620 2396 705 2424 nihilo
721 2396 837 2430 fecisse,
853 2396 956 2424 ratione
970 2405 1024 2425 non
1043 2405 1102 2425 om-

312 2440 379 2468 nino
402 2441 574 2476 improbabili
598 2447 758 2478 suppetente
777 2442 1007 2471 considerandum
1023 2444 1099 2471 duxi.

313 2485 419 2514 Habent
430 2488 502 2515 enim
514 2496 574 2523 quae
590 2487 709 2522 ﬁunt,ex
724 2490 815 2524 aliquo
830 2489 889 2517 ﬁeri
912 2497 944 2517 ac
957 2490 1099 2518 constitui.

313 2532 446 2562 Similiter
474 2534 556 2562 etiam
595 2543 658 2564 vere
685 2536 831 2564 dicendum
857 2536 1011 2569 videbatur,
1031 2536 1098 2564 nihil

312 2577 369 2605 Deo
383 2584 479 2613 praeter
494 2580 584 2615 ipsum
609 2582 790 2615 coexsistere;
818 2590 932 2617 esseque
958 2591 1011 2615 res,
1041 2583 1101 2618 ipso

311 2621 422 2652 c’reante
437 2634 444 2652 :
461 2625 595 2660 siquidem
615 2626 642 2654 id
656 2631 779 2655 suaserat
796 2629 964 2662 compositus
978 2629 1099 2656 elemen-

312 2673 401 2697 torum
428 2670 512 2703 ordo.
538 2676 697 2707 naturaeque
725 2673 752 2699 in
777 2673 818 2701 eis
844 2673 1026 2701 concinnitas.
1055 2673 1101 2699 Sic

311 2724 392 2747 vero,
410 2716 478 2745 bene
505 2718 634 2746 statuisse
659 2718 806 2750 arbitrans,
833 2719 942 2746 domum
968 2719 1097 2747 redibam.

311 2759 456 2793 Caeterum,
473 2769 534 2789 cum
547 2763 682 2797 sequenti.
699 2771 796 2799 nempe
814 2763 946 2791 hodierna
960 2765 1015 2797 die,
1027 2765 1100 2792 cxis-

312 2813 379 2839 sem,
394 2806 463 2834 duos
478 2808 624 2842 quosdam,
641 2808 735 2837 eodem
753 2817 869 2845 genere,
895 2810 1030 2844 homines,
1057 2811 1099 2838 in-

364 2908 374 2923 ⁸
393 2907 443 2935 Job
459 2916 571 2942 xui-iu,
587 2909 630 2938 ll.

1159 1020 1200 1056 τῷ
1209 1021 1327 1057 δεσπότῃ
1337 1020 1454 1056 φανερὸν
1469 1020 1581 1056 ποιῆσαι
1594 1020 1640 1047 τὸν
1657 1019 1754 1056 θυμόν.
1769 1021 1862 1049 Ταῦτα
1879 1021 1951 1049 οὕτω

1160 1067 1290 1102 γινόμενα
1305 1066 1415 1094 σιωπῶν
1423 1066 1556 1100 ἀτενίζειν
1567 1066 1704 1103 ἠρχόμην,
1719 1067 1768 1094 καὶ
1777 1066 1823 1093 τὸν
1834 1066 1950 1103 οὐρανὸν

1161 1112 1267 1140 καὶτὸν
1282 1112 1381 1140 κύκλον
1394 1113 1488 1145 αὐτοῦ,
1505 1112 1545 1148 τῷ
1566 1112 1606 1139 νοτ
1631 1113 1813 1148 καταμετρετν
1836 1111 1948 1148 seem-

1160 1157 1243 1185 πόθεν
1250 1167 1279 1185 τε
1287 1158 1411 1194 ἄρχεται,
1426 1158 1474 1185 καὶ
1488 1157 1539 1185 ποῦ
1549 1157 1713 1192 καταπαύει,
1724 1157 1871 1194 ἀνεζήτουν
1880 1156 1947 1192 hair

1160 1204 1240 1231 ποίαν
1249 1213 1279 1231 τε
1290 1206 1397 1241 κίνησιν
1410 1205 1466 1240 ἔχει
1476 1213 1483 1220 ·
1493 1205 1556 1232 πότε
1560 1213 1605 1241 ρον
1612 1203 1661 1241 τὴν
1670 1204 1866 1241 μεταίατικὴν,
1873 1213 1952 1233 τουτ-

1157 1250 1216 1278 έστι
1248 1251 1297 1288 τὴν
1310 1251 1364 1278 ἀπὸ
1377 1251 1460 1278 τόπου
1477 1252 1517 1283 είς
1535 1251 1628 1283 τόπον,
1646 1249 1724 1285 ἢιιὴν
1742 1249 1835 1285 κύκλῳ
1848 1253 1947 1284 φορανο

1159 1298 1220 1330 πῶς
1231 1297 1260 1324 δὲ
1276 1297 1324 1325 καὶ
1335 1297 1384 1333 τὴν
1400 1297 1528 1333 ἐπίμονον
1541 1296 1618 1332 βάσιν
1638 1296 1705 1331 έχει.
1726 1296 1807 1323 Ἀλλὰ
1825 1296 1878 1332 μὴν
1899 1295 1948 1331 καὶ

1159 1344 1223 1379 περὶ
1231 1343 1278 1370 τοῦ
1285 1343 1362 1379 ἡλίου
1371 1343 1461 1379 ζητεῖν
1475 1343 1573 1376 ἐδόκει,
1584 1342 1624 1374 τίς
1632 1349 1662 1368 τε
1671 1343 1686 1368 ό
1695 1342 1794 1378 τρόπος
1804 1341 1887 1370 αὐτοῦ
1897 1340 1948 1376 τῆς

1158 1391 1190 1418 ἐν
1201 1390 1308 1426 ούρανῷ
1322 1389 1423 1421 θέσεως
1432 1398 1439 1404 ·
1452 1389 1495 1421 τίς
1508 1389 1537 1415 δὲ
1548 1390 1595 1416 καὶ
1606 1390 1623 1425 ἡ
1639 1388 1762 1430 περίοδος
1775 1387 1822 1415 τοῦ
1833 1388 1944 1424 δρόμου·

1159 1436 1212 1464 ποῦ
1233 1435 1262 1462 δὲ
1283 1435 1331 1462 καὶ
1355 1435 1414 1470 μετ’
1433 1434 1522 1468 ὀλίγον
1545 1436 1638 1470 χωρεῖ,
1653 1434 1700 1461 καὶ
1717 1435 1758 1461 ὅτι
1784 1433 1852 1469 μηδὲ
1870 1429 1947 1465 οὗτος

1158 1481 1326 1518 παρέρχεται
1340 1480 1386 1507 τὸν
1399 1481 1498 1507 οἰκεῖον
1519 1479 1618 1515 δρόμον
1648 1478 1716 1506 ἀλλὰ
1731 1479 1778 1506 καὶ
1792 1478 1884 1512 αὐτὸς,
1908 1477 1946 1510 ὥς

1159 1526 1263 1554 ἔνεστιν
1276 1526 1375 1557 εἰπεῖν,
1386 1525 1497 1560 ἐντολήν
1511 1532 1572 1552 τινα
1583 1524 1711 1559 φυλάττει
1723 1525 1885 1561 κρείττονος
1898 1523 1947 1552 καὶ

1159 1572 1250 1608 φαίνει
1267 1571 1317 1607 μὲν
1330 1570 1391 1597 τότε
1404 1570 1469 1606 παρ’
1483 1571 1559 1606 ἡμῖν,
1574 1570 1618 1596 ὅτε
1635 1570 1740 1604 ἔξεστιν
1757 1569 1846 1605 αὐτῷ’
1864 1569 1948 1605 ἀπέρ-

1160 1626 1236 1654 χεται
1257 1617 1296 1649 δὲ,
1318 1616 1356 1648 ὡς
1375 1615 1554 1652 καλούμενος.
1576 1617 1631 1643 Καὶ
1653 1615 1756 1644 τούτων
1776 1615 1867 1643 τοίνυν
1896 1615 1948 1651 τὴν

1160 1663 1284 1698 ἐξέτασιν
1304 1661 1474 1698 ποιούμενος,
1500 1661 1593 1697 ἑώρων
1616 1662 1770 1698 παυόμενον
1787 1661 1836 1698 μὲν
1853 1660 1885 1688 τὸ
1898 1659 1947 1688 τοῦ

1160 1710 1236 1746 ἡλίου
1249 1709 1360 1744 φέγγος,
1377 1708 1516 1735 ἐπιλεῖπον
1533 1708 1562 1735 δὲ.
1578 1708 1625 1735 καὶ
1642 1708 1692 1744 τῆς
1702 1708 1809 1744 ἡμέρας
1823 1707 1854 1734 τδ
1869 1707 1945 1742 φῶν

1159 1756 1261 1788 εὐθέως
1276 1755 1305 1782 δὲ
1321 1753 1462 1790 γινόμενον
1477 1753 1582 1785 σκότος,
1600 1754 1647 1781 καὶ
1665 1753 1779 1789 σελήνην
1792 1752 1948 1788 διαδεχομιρ

1159 1810 1208 1837 νην
1226 1801 1272 1828 τὸν
1293 1800 1385 1836 ἦλιονο
1404 1800 1450 1827 καὶ
1466 1799 1500 1826 τὰ
1518 1798 1567 1835 μὲν
1586 1799 1682 1835 πρῶτα
1695 1798 1824 1826 ἀνιοῦσαν
1841 1798 1946 1834 μείονα,

1160 1848 1309 1884 μετέπειτα
1328 1846 1357 1874 δὲ
1377 1846 1585 1882 προκόπτουσαν
1609 1844 1649 1881 τῷ
1670 1844 1774 1880 δρόμῳ,
1796 1842 1946 1878 φαντασίαν

1158 1894 1333 1930 παρέχουσαν
1356 1891 1489 1928 μείζονος.
1513 1891 1571 1918 οὐκ
1593 1890 1735 1925 ἐπαυόμην
1756 1889 1784 1916 δὲ
1807 1888 1854 1916 καὶ
1881 1887 1947 1924 περὶ

1157 1941 1260 1975 ταύτης
1279 1939 1379 1975 ζητῶν,
1395 1939 1442 1965 καὶ
1457 1938 1508 1972 τὴν
1523 1937 1613 1964 αἰτίαν
1634 1936 1684 1971 τῆς
1704 1935 1875 1972 ἀφαιρέσεως
1898 1933 1947 1962 καὶ

1157 1986 1207 2021 τῆς
1222 1985 1394 2020 προσθέσεως
1418 1982 1588 2019 ἀνηρεύνων,
1602 1983 1645 2008 δτι
1661 1990 1692 2008 τε
1712 1982 1759 2008 καὶ
1785 1980 1855 2017 αὑτὴ
1867 1980 1947 2017 τηρεῖ

1157 2031 1203 2058 τὸν
1218 2030 1317 2057 κύκλον
1327 2029 1381 2056 τῶν
1399 2028 1527 2064 ἡμερῶν·
1543 2027 1589 2054 καί
1610 2035 1654 2062 μοι
1669 2026 1755 2054 ἐδόκει
1765 2026 1797 2053 τὸ
1809 2024 1944 2058 ἐντεῦθεν,

1157 2076 1194 2108 ὡς
1207 2075 1266 2102 θεία
1280 2083 1321 2106 τις
1336 2074 1452 2109 ὑπάρχει
1470 2073 1610 2108 οἰκονομία
1629 2072 1676 2100 καὶ
1688 2072 1803 2108 δύναμις
1823 2070 1930 2107 κρειττό

1156 2131 1220 2153 νων,
1237 2122 1254 2156 ἡ
1279 2120 1426 2156 συνέχουσα
1442 2119 1476 2146 τὰ
1498 2119 1556 2150 ὅλα,
1576 2119 1610 2154 ἢν
1625 2119 1673 2145 καὶ
1693 2118 1760 2145 Θεὸν
1779 2117 1890 2149 δικαίως
1910 2116 1945 2144 ἂν

1157 2167 1280 2203 εἴπομεν.
1308 2167 1364 2193 Καὶ
1387 2165 1418 2192 τὸ
1443 2165 1536 2192 λοιπὸν
1559 2165 1605 2192 τὸν
1628 2164 1799 2200 Δημιουργὸν
1823 2163 1944 2190 ἐπαινεῖν

1155 2214 1290 2250 ἠρχόμην,
1318 2213 1368 2247 τήν
1395 2221 1424 2239 τε
1443 2212 1495 2247 γῆν
1520 2212 1675 2247 πεπηγυῖαν
1694 2209 1776 2246 ὀρῶν,
1798 2209 1846 2237 καὶ
1866 2207 1944 2241 ζώων

1155 2259 1296 2294 διαφορὰς,
1321 2258 1369 2285 καί
1391 2258 1501 2285 ποικίλα
1521 2257 1612 2292 φυτῶν
1631 2256 1665 2283 τὰ
1687 2255 1871 2291 ἐξανθήματα.
1887 2254 1945 2290 Οὐχ

1156 2306 1249 2333 ἵστατο
1266 2305 1295 2331 δέ
1312 2313 1357 2340 μοι
1369 2305 1416 2332 ἐπὶ
1426 2304 1530 2337 τούτοις
1545 2304 1592 2330 καὶ
1607 2302 1697 2339 μόνοις
1713 2303 1728 2329 ό
1738 2301 1816 2333 νοῦςθ
1830 2301 1897 2328 ἀλλὰ
1912 2301 1945 2329 τδ

1155 2351 1257 2383 λοιπὸν,
1274 2351 1334 2379 ὅθεν
1351 2350 1437 2378 ταῦτα
1451 2350 1501 2386 τὴν
1520 2349 1651 2376 σύστασιν
1666 2348 1734 2384 ἔχει,
1752 2347 1843 2383 ζητεῖν
1857 2347 1943 2383 ἠρχό-

1157 2408 1227 2435 μην·
1243 2399 1357 2435 πότερον
1377 2398 1409 2425 ἔκ
1424 2406 1496 2430 τινος
1515 2398 1640 2429 συνόντος
1659 2397 1703 2423 ἀεὶ
1723 2395 1762 2430 τῷ
1783 2394 1852 2430 Θεῷ,
1871 2396 1888 2430 ἢ
1912 2394 1944 2427 ἐξ

1154 2446 1237 2473 αὑτοῦ
1258 2445 1305 2472 καὶ
1328 2445 1418 2479 μόνου,
1443 2442 1659 2479 συνυπάρχοντυς
1681 2440 1756 2476 αὐτῷ
1778 2440 1892 2472 οὐδενός·
1911 2439 1944 2467 τὸ

1154 2492 1208 2527 γὰρ
1224 2492 1254 2524 ἐξ
1265 2492 1316 2518 οὐκ
1331 2491 1406 2522 ὄντος
1422 2491 1601 2526 πεποιηκέναι
1615 2489 1690 2516 οὐδὲν
1708 2489 1819 2514 σκοπεῖν
1836 2496 1880 2523 μοι
1892 2495 1944 2514 καρ-

1153 2537 1208 2570 λῶς
1234 2538 1332 2570 ἐδόκει,
1360 2536 1397 2572 μὴ
1427 2536 1516 2562 τέλεον
1541 2535 1674 2563 ἀπιθάνου
1702 2534 1871 2569 ὑπάρχοντος
1893 2531 1942 2560 τοῦ

1155 2584 1243 2618 λόγου.
1257 2584 1298 2611 Τὰ
1312 2583 1366 2619 γὰρ
1382 2582 1512 2618 γινόμενα
1524 2582 1554 2614 ἐξ
1565 2582 1647 2608 δντων
1662 2580 1766 2614 πέφυκε
1779 2579 1827 2614 τήν
1844 2579 1942 2606 σύσταο

1155 2638 1198 2656 σιν
1222 2630 1304 2665 ἔχειν.
1321 2629 1377 2656 Καὶ⁴
1399 2627 1498 2663 ὁμοίως
1518 2627 1626 2663 ἀληθῶς
1651 2625 1738 2652 ὲδόκει
1753 2625 1834 2662 μηδὲν
1850 2625 1941 2659 kéyet‘v

1154 2676 1198 2703 ἀεὶ
1215 2677 1333 2702 συνεῖναι
1349 2673 1387 2709 τῷ
1408 2673 1467 2708 Θεῷ
1483 2673 1575 2710 ἕτερόν
1592 2682 1618 2700 τι
1635 2679 1693 2708 παρ
1722 2671 1815 2703 αὑτὸν,
1834 2671 1891 2697 ἀλλ’
1911 2671 1941 2704 ἐξ

1153 2723 1235 2748 αὑτοῦ
1256 2722 1291 2748 τὰ
1308 2721 1373 2748 ὂντα
1391 2720 1532 2755 γεγονέναι
1544 2728 1551 2734 ·
1574 2719 1621 2746 καὶ
1646 2718 1700 2754 γάρ
1720 2726 1778 2747 πως
1797 2716 1887 2743 ἔπειθέ
1907 2725 1941 2752 με

1153 2768 1198 2794 τὸν
1220 2768 1349 2795 εὔτακτον
1370 2766 1424 2793 τῶν
1441 2766 1590 2802 στοιχείων,
1608 2765 1655 2792 καὶ⁸
1678 2766 1695 2801 ἡ
1719 2763 1784 2800 περὶ
1800 2763 1869 2790 αετὰ
1889 2763 1940 2798 τῆς

1154 2813 1260 2848 φύσεως
1272 2812 1414 2848 εὐκοσμία.
1427 2813 1534 2841 ούτωσὶ
1545 2811 1575 2838 δέ
1586 2820 1644 2843 πως
1655 2809 1684 2839 εὖ
1699 2808 1878 2838 διατεθεῖσθαι
1896 2817 1939 2836 νο-
