2131 3167
299 184 353 212 247

791 185 822 214 S.
842 185 1009 216 METHODII
1028 186 1184 216 EPISCOPI
1202 188 1246 216 ET
1267 188 1446 218 MARTYRIS

1866 189 1920 219 248

301 248 444 271 aversatur
467 247 496 272 et
518 244 664 280 repudiat?
678 243 773 279 Neque
799 245 872 272 enim
895 253 951 272 non
973 246 1088 274 voluerit
1102 253 1142 281 Α.

1080 251 1088 273 ι
1102 253 1127 281 Α
1140 248 1290 282 φεύγοντας
1303 249 1373 276 αὺτά
1389 248 1539 284 προσίεται.
1559 249 1614 275 Καὶ
1633 248 1691 280 πῶς
1706 248 1756 275 οὐκ
1770 247 1870 275 ἄτοπον
1887 246 1921 285 ἦν

300 296 373 321 esse,
388 289 411 316 si
423 289 532 324 quidem
543 290 649 324 primus
660 290 719 325 ipse
735 289 827 325 opifex
844 290 905 319 fuit.
924 291 987 319 Vult
1004 293 1088 327 siqui-

300 334 362 361 dem
379 338 420 367 ut,
447 335 480 361 ad
504 335 595 370 ipsum
620 335 792 367 accedentes.
820 337 908 372 ipsius
935 338 1086 367 imitatores

301 379 376 407 ﬂant.
389 380 478 413 Quare
492 381 613 409 alienum
630 389 645 409 a
661 383 767 411 ratione
783 383 856 416 duxi.
877 385 922 412 illa
944 385 999 414 Deo
1013 386 1087 414 aliin-

299 433 377 461 κει-ες
393 430 439 453 aut
451 426 580 462 tanquam
593 427 627 455 ab
641 435 674 456 eo
690 428 760 456 facta
770 430 894 465 accipere
908 440 914 458 :
929 439 1086 467 quanquam

300 470 418 498 maxime
446 471 650 500 concedendum
665 473 701 500 sit
724 473 798 509 (10),
819 482 899 509 posse
924 476 1027 512 aliquid
1052 485 1086 505 ex

299 516 385 543 nihilo
401 516 470 547 ﬁeri.
487 517 510 544 si
534 517 645 552 quidem
665 517 736 547 Deus
765 524 809 554 (ex
833 520 890 556 illo)
917 521 983 549 fecit
1002 524 1084 551 mala.

299 560 366 588 Nam
381 561 428 596 qui
440 561 504 589 fecit
517 570 550 590 ex
567 563 663 597 nihilo,
687 558 741 591 non
755 564 811 599 jam
840 567 912 594 ultra
928 567 956 595 in
970 568 1086 597 nihilum

300 609 443 644 redigeret.
460 609 615 644 iterumque
630 610 790 638 neceSsitate
805 611 965 646 dicendum,
990 614 1085 648 fuisse,

300 654 409 689 quando
424 653 496 682 Deus
519 655 598 682 malis
624 654 816 689 delectaretur,
838 665 898 692 quae
926 658 1007 686 modo
1031 667 1086 686 non

298 701 417 736 placent.
434 700 526 734 Quare
548 710 602 730 non
632 703 759 736 arbitror,
789 711 869 738 posse
895 703 948 731 hoc.
976 704 1030 732 dici
1052 704 1087 732 de

299 747 367 774 Deo.
383 747 508 775 Alienum
523 749 622 784 quippe
634 752 677 777 est
688 749 723 777 ab
737 749 798 784 ejus
813 754 921 782 natura,
939 753 969 777 ut
983 750 1034 778 hoc
1047 751 1087 778 illi

300 795 453 822 conveniat.
480 793 641 823 Existimavi
667 803 732 830 ergo
755 803 818 823 esse
841 795 944 831 aliquid
970 797 1043 831 quod
1062 798 1088 825 ei

300 839 459 872 cocxsistat,
484 840 589 868 dictum
614 841 747 873 materia;
767 848 800 869 ex
827 849 880 876 qua
897 842 1014 876 sapienti
1030 846 1089 870 arte

299 883 460 913 discernens
476 892 509 912 ac
519 885 633 920 pulchre
647 893 795 918 exornans,
806 893 851 914 res
865 887 1035 921 condiderit;
1054 896 1087 916 ex

1139 295 1185 321 τὸν
1200 294 1265 322 Θεὸν
1280 294 1382 321 τούτων
1395 294 1485 328 λέγειν
1501 292 1570 321 εἶναι
1587 293 1762 330 δημιουργὸν,
1775 294 1820 322 τὸν
1835 294 1923 322 ταῦτα

1139 340 1353 376 παραιτούμενον
1363 349 1370 373 ;
1380 340 1447 367 οὐδὲ
1459 340 1513 376 γὰρ
1526 339 1558 367 ἂν
1572 339 1697 366 ἐϐούλετο
1711 339 1750 374 μὴ
1763 337 1832 366 εἶναι
1842 339 1921 371 αὐτὰ,

1139 389 1163 414 εί
1176 387 1282 423 πρῶτος
1296 387 1387 414 αὐτῶν
1402 387 1515 422 ποιητὴς
1530 387 1651 422 ὑπῆρχεν
1671 385 1762 417 αὑτός.
1785 386 1853 417 τοὺς
1868 386 1923 421 γάρ

1140 433 1301 469 προσιόντας
1310 432 1385 468 αὺτῷ
1395 432 1517 468 μιμητὰς
1524 432 1608 459 αὑτοῦ
1620 432 1742 467 γίνεσθαι
1752 429 1832 458 θέλει.
1842 430 1923 458 Ὅθεν

1139 479 1235 513 ἄλογον
1250 478 1338 512 ἔδοξεν
1351 477 1420 506 εἷναί
1437 486 1483 514 μοι
1505 478 1591 505 ταῦτα
1610 476 1832 513 προσάπτειντῷ
1851 476 1922 512 Θεῷ.

1138 526 1156 561 ἢ
1168 526 1206 558 ὡς
1217 526 1246 558 ἐξ
1261 525 1344 552 αὐτοῦ
1357 525 1533 559 γεγονότοιν..
1546 526 1571 552 ει
1584 524 1631 563 καὶ
1642 524 1678 551 τὰ
1693 524 1810 559 μάλιστα
1823 531 1924 558 συγχω-

1140 571 1222 607 ρῆσαι
1237 571 1287 604 δεῖ,
1302 570 1332 603 ἐξ
1344 571 1393 598 οὐκ
1403 570 1487 597 δντων
1496 570 1607 597 δυνατὸν
1618 567 1688 597 εἷναί
1698 578 1724 596 τι
1735 569 1866 604 γίνεσθαι.
1882 569 1924 596 ὅτι

1138 617 1186 643 καὶ
1198 616 1233 643 τά
1248 616 1322 644 κακά
1343 616 1471 652 εποίησεν
1494 616 1575 649 αὑτός
1585 625 1592 632 ’
1612 617 1627 643 ὁ
1643 615 1699 652 γὰρ
1711 616 1744 642 ἐκ
1757 614 1804 641 τοῦ
1823 614 1873 641 οὐκ
1887 611 1925 641 εῐ-

1139 670 1183 688 ναι
1198 663 1238 693 εἰς
1253 661 1284 688 τὺ
1302 660 1371 689 εἶναι
1385 661 1454 689 αὐτὰ
1470 663 1588 698 ποιήσας
1607 661 1658 688 οὐκ
1682 660 1716 688 ἂν
1737 661 1770 687 ὲκ
1791 659 1840 686 τοῦ
1856 656 1925 685 εἷναι

1140 708 1179 738 είς
1190 707 1221 733 τὸ
1238 707 1336 743 μηκέτι
1351 705 1420 734 εἶναι
1436 708 1515 734 αὐτά.
1531 707 1616 734 Πάλιν
1637 707 1668 738 τέ
1692 714 1744 733 που
1760 705 1866 741 ἀνάγκη
1882 705 1926 732 λέ-

1140 760 1209 787 γειν,
1225 752 1263 784 ὡς
1277 751 1311 788 ἦν
1328 761 1392 779 ποτε
1415 753 1520 789 καιρὸς,
1541 753 1585 780 ὄντε
1604 754 1661 784 τοῖς
1679 753 1775 784 κακοῖς
1788 751 1895 787 ἔχαιρεν
1910 751 1926 778 ὁ

1140 799 1215 830 Θεός·
1241 799 1290 826 νῦν
1305 799 1333 826 δὲ
1355 800 1406 826 οὐκ
1424 798 1492 827 ἐστι.
1518 800 1618 836 Διόπερ
1639 799 1771 826 ἀδύνατον
1790 796 1860 825 εἷναί
1881 806 1926 834 μοι

1140 844 1214 871 δοκεῖ
1225 843 1316 878 λέγειν
1340 844 1419 871 τοῦτο
1439 845 1505 880 περὶ
1524 844 1603 872 Θεοῦ.
1631 843 1776 871 ’Δνοίκειον
1799 844 1853 880 γὰρ
1877 843 1926 879 τῆς

1141 890 1248 926 φύσεως
1275 889 1357 918 αὐτοῦ
1379 890 1459 917 τοῦτο
1485 890 1685 926 προσαρμόζειν
1713 889 1798 925 αὐτῷ.
1827 888 1926 925 Διόπερ

299 940 353 968 qua
370 937 398 960 et
417 933 489 960 mala
502 932 629 960 videntur
656 936 726 960 orta.
741 933 811 961 Cum
830 933 903 962 enim
922 934 968 961 illa
981 938 1009 962 et
1026 935 1086 964 sine
1100 931 1140 961 BI

1082 944 1086 962 ὲ
1100 931 1124 961 Β
1137 936 1211 969 ἐδοξέ
1225 936 1281 972 (12)
1297 945 1342 972 μοι
1359 936 1543 971 συνυπάρχειν
1554 945 1581 962 τι
1596 934 1671 971 αὐτῷ
1686 931 1708 969 ᾧ
1722 934 1839 970 τοῦνομα
1854 935 1923 968 ὕλη,

299 978 431 1012 qualitate
445 981 473 1005 et
485 977 610 1006 informis
621 979 784 1013 exsisteret;
798 980 832 1007 ad
845 980 904 1007 haec
917 989 992 1013 vero,
1004 982 1088 1009 etiam

299 1022 452 1050 inordinate
469 1022 587 1050 ferretur
604 1023 706 1058 Deique
721 1028 780 1052 arte
805 1025 948 1061 indigeret,
965 1034 1022 1054 non
1042 1027 1087 1055 in-

299 1068 369 1096 vidit
390 1068 464 1103 ipse,
479 1076 567 1104 neque
589 1069 627 1097 ita
643 1077 750 1106 semper
777 1072 902 1106 permisit
930 1071 1012 1105 ferri.
1038 1073 1087 1101 sed

299 1114 442 1142 elaborare
460 1115 554 1151 cmpit,
570 1115 727 1151 optimaque
748 1116 784 1144 ab
808 1117 868 1151 ejus
892 1118 1019 1152 pessimis
1044 1127 1088 1146 se-

300 1168 413 1188 cernere
439 1161 542 1194 voluit;
568 1165 650 1197 atque
682 1162 731 1193 ita.
758 1169 928 1198 quaecunque
945 1163 1029 1191 Deum
1054 1172 1088 1192 ex

299 1205 345 1232 illa
371 1212 517 1241 procreare
546 1205 678 1237 decebat,
707 1206 888 1240 procreavit;
919 1215 1089 1243 quaecunque

297 1259 381 1283 vero,
415 1255 446 1278 ut
474 1251 558 1278 verbo
588 1250 689 1284 dicam,
718 1251 814 1278 habuit
840 1251 1004 1286 l'azculenta,
1038 1261 1088 1281 ceu

298 1297 390 1332 inepta
400 1296 519 1332 opiﬁciu.
533 1297 625 1332 qualia
641 1300 731 1329 erant.
751 1297 820 1325 nihil
833 1298 884 1333 ipsi
904 1299 992 1331 utilia,
1008 1300 1087 1328 dere-

299 1342 380 1377 liquit
401 1351 407 1369 :
428 1350 461 1370 ex
483 1342 583 1378 quibus
606 1342 688 1370 modo
702 1343 774 1378 apud
797 1343 924 1372 homines
948 1345 1019 1372 mala
1045 1345 1088 1373 in-

299 1387 383 1416 ﬂuere
398 1388 455 1424 (tt)
469 1388 599 1416 arbitror.
617 1387 662 1416 Sic
676 1389 745 1416 bene
759 1389 846 1417 visum
861 1394 903 1418 est
917 1390 1029 1418 sentire.
1046 1390 1087 1418 Tu

298 1441 381 1466 vero,
412 1435 516 1467 amice,
553 1436 576 1462 si
602 1435 668 1470 quid
699 1435 791 1463 minus
823 1440 898 1464 recte
925 1436 1028 1464 dictum
1046 1437 1089 1464 vi-

298 1480 405 1513 deatur,
423 1489 573 1517 suggerens
590 1482 719 1517 loquere;
749 1482 829 1517 plane
853 1483 927 1510 enim
941 1490 974 1510 ea
994 1484 1089 1512 audire

298 1527 433 1556 desidero.

1139 983 1169 1015 ἐξ
1184 980 1218 1018 ἧς
1233 982 1268 1010 τὰ
1281 982 1346 1009 ὄντα
1359 981 1558 1018 ἐδημιούργησε
1567 1001 1576 1014 ,
1590 981 1674 1018 τέχνῃ
1691 981 1760 1016 σοφῇ
1775 979 1926 1016 διακρίνας,

1139 1029 1188 1056 καὶ
1210 1029 1396 1065 διακοσμήσας
1417 1027 1519 1060 καλῶς,
1541 1026 1572 1060 ἐξ
1595 1024 1630 1063 ἧς
1644 1027 1692 1054 καὶ
1712 1027 1747 1054 τὰ
1763 1026 1837 1054 κακὰ
1857 1026 1926 1054 εἶναι

1138 1075 1222 1102 δοκεῖ.
1240 1075 1349 1101 ⁹Δποίου
1360 1083 1389 1101 τε
1401 1074 1456 1110 γὰρ
1471 1073 1519 1111 καὶ
1527 1073 1731 1109 ἀσχηματίστου
1742 1072 1823 1107 οὔσης
1831 1072 1926 1108 αὐτῆς,

1140 1120 1209 1157 πρὸς
1219 1120 1248 1148 δὲ
1267 1120 1372 1152 τούτοις
1382 1120 1429 1147 καὶ
1442 1119 1568 1152 ἀτάκτως
1582 1119 1746 1156 φερομένης,
1757 1117 1886 1154 δεομένης
1896 1125 1927 1144 τε

1139 1167 1189 1203 τῆς
1200 1166 1247 1193 τοῦ
1262 1166 1330 1193 Θεοῦ
1349 1166 1458 1202 τέχνης,
1475 1167 1525 1193 οὐκ
1537 1165 1684 1202 ἐφθόνησεν
1700 1160 1788 1196 οὗτος,
1805 1162 1867 1190 οὕτε
1883 1163 1927 1190 διὰ

1138 1213 1239 1245 παντὸς
1262 1213 1408 1240 κατέλιπεν
1424 1213 1509 1249 αὐτὴν
1529 1212 1601 1239 οὕτω
1624 1211 1765 1248 φέρεσθαι,
1787 1209 1855 1238 ἀλλά
1879 1209 1927 1245 δη-

1139 1259 1279 1294 μιουργεῖν
1299 1258 1407 1294 ἧρχετο,
1423 1258 1470 1284 καὶ
1492 1257 1546 1284 ἀπὸ
1559 1256 1613 1283 τῶν
1633 1256 1777 1291 χειρίστων
1792 1254 1878 1289 αὐτῆς
1893 1253 1928 1281 τά

1139 1303 1269 1330 κάλλιστα
1280 1303 1432 1337 διακρίνειν
1442 1302 1532 1338 ἡθελε·
1544 1302 1592 1329 καὶ
1603 1301 1689 1333 οὕτως
1701 1300 1926 1336 ἐδημιούργησεν,

1137 1349 1188 1376 ὅσα
1205 1348 1235 1380 ἐξ
1258 1349 1345 1383 αὐτῆς
1360 1348 1465 1384 ἥρμοζε
1487 1348 1548 1383 Θεῷ
1569 1348 1745 1383 δημιουργεῖν
1757 1355 1764 1361 ·
1781 1346 1816 1373 τά
1839 1345 1860 1372 δ’
1875 1346 1926 1372 ὅσα

1140 1395 1170 1428 ἐξ
1181 1394 1267 1429 αὐτῆς
1280 1394 1333 1428 (ὡς
1344 1394 1408 1426 ἔπος
1424 1393 1532 1429 εἰπεῖν.)
1543 1392 1668 1428 τρυγὼδη
1676 1392 1818 1427 ἐτύγχανε,
1830 1391 1926 1423 ταῦτα,

1140 1441 1298 1476 ἀνάρμοστα
1315 1439 1380 1466 ὄντα
1401 1439 1471 1475 πρὸς
1488 1437 1680 1473 δημιουργίαν,
1698 1437 1737 1468 ὡς
1759 1435 1826 1472 εἶχε,
1847 1435 1928 1463 κατέ-

1138 1486 1212 1518 λιπε,
1224 1486 1284 1513 κατ’
1301 1485 1376 1512 οὐδὲν
1395 1484 1471 1520 αὐτῷ
1490 1485 1680 1520 προσήκονταυ
1697 1482 1728 1515 ἐξ
1743 1479 1780 1509 ὧν
1793 1482 1865 1509 δοκεῖ
1882 1490 1928 1517 μοι

1141 1531 1189 1558 νῦν
1209 1531 1284 1567 παρὰ
1299 1530 1454 1567 ἀνθρώποις
1474 1530 1598 1566 ἐπαίρειν
1613 1529 1646 1556 τὰ
1663 1529 1737 1556 κακά
1749 1528 1816 1564 (15).
1835 1527 1927 1558 Οὕτως

299 1575 372 1608 ἔδοξέ
386 1584 432 1611 μοι
445 1572 475 1602 εὖ
487 1575 558 1610 ἔχειν
572 1577 689 1610 φρονεῖν.
704 1576 740 1603 Σὺ
752 1576 792 1608 δὲ,
807 1573 830 1603 ὦ
846 1577 916 1612 φίλε,
929 1577 957 1603 εῐ
968 1577 1029 1603 τινά
1042 1586 1083 1604 σοι
1105 1578 1179 1606 δοκεί
1208 1580 1246 1616 μὴ
1258 1579 1349 1611 καλῶς
1361 1578 1488 1614 εἰρῆσθαι
1500 1578 1569 1614 πρὸς
1587 1576 1665 1613 ἐμοῦ,
1699 1576 1842 1612 ἀναφέρων
1853 1576 1927 1610 λέγε,

299 1624 347 1649 καὶ
363 1623 433 1650 πάνυ
447 1622 510 1658 περὶ
523 1622 624 1649 τούτων
636 1623 744 1649 ἀκούειν
757 1623 843 1651 ποθῶ.

335 1667 440 1696 ORTH.
458 1667 589 1703 Equidem
605 1673 744 1703 acceptam
761 1669 858 1703 habeo,
871 1669 968 1702 amice,
989 1669 1088 1697 alacri—
1104 1672 1127 1702 C

1085 1685 1088 1689 -
1104 1672 1127 1702 C
1178 1668 1298 1697 ΟΡΘΟΔ.
1313 1668 1368 1704 Τὴν
1383 1669 1432 1704 μὲν
1445 1667 1601 1704 προθυμίαν
1619 1667 1786 1702 ἀποδέχομαι
1799 1667 1849 1703 τὴν
1867 1667 1926 1702 σὴν,

298 1718 381 1742 tatem
394 1714 663 1749 tuam,studiumquc
678 1715 745 1742 illud
763 1720 838 1743 tuum
849 1717 922 1744 circa
936 1716 1087 1744 doctrinam

300 1760 392 1787 laudo.
407 1759 485 1793 Quod
499 1767 580 1795 porro
597 1760 632 1786 ita
644 1760 678 1787 de
692 1760 774 1788 rebus
790 1763 953 1790 existimasti
964 1782 971 1794 ,
998 1767 1027 1790 ιιι
1041 1770 1088 1790 cas

301 1805 373 1834 Deus
385 1814 418 1833 ex
433 1806 588 1841 pnejacenti
604 1807 692 1841 aliqua
705 1807 859 1835 substantia
871 1809 1017 1841 creaverit,
1033 1817 1088 1837 non

299 1859 414 1886 prorsus
427 1852 657 1887 reprehenderim.
688 1852 792 1881 Revera
807 1854 879 1881 enim
897 1855 936 1881 ita
951 1854 1042 1887 habet,
1058 1859 1088 1882 ut

299 1902 377 1925 ortus
390 1898 536 1930 malorum,
549 1899 575 1925 in
586 1898 614 1925 id
625 1906 723 1926 sensus
740 1900 842 1926 multos
862 1900 1011 1935 impulerit.
1026 1900 1090 1928 Eur

300 1943 357 1970 nim
380 1947 443 1970 ante
472 1944 579 1976 ambos,
597 1944 648 1971 viri
674 1945 766 1979 plures
790 1945 933 1972 sutiicienti
952 1946 1087 1980 doctrina,

299 1989 447 2017 maximam
467 1997 498 2017 ea
524 1990 558 2018 de
582 1998 612 2018 re
627 1991 804 2025 quaestionem
823 1996 976 2019 moverunt.
994 1988 1089 2028 'Atquc

299 2035 346 2063 alii
359 2036 469 2071 quidem
481 2057 488 2069 ,
503 2037 552 2064 tibi
569 2036 669 2064 similia
683 2037 926 2071 existimaverunt;
956 2038 1001 2065 alii
1023 2046 1088 2067 vero

300 2080 396 2113 Deum,
411 2089 506 2108 eorum
520 2086 659 2109 auctorem
678 2081 900 2116 pronuntiarunt,
919 2090 1037 2110 coazvam
1062 2083 1088 2110 ei

299 2127 481 2154 substantiam
506 2127 648 2163 assignare
677 2128 780 2155 veriti:
805 2128 844 2155 illi
872 2132 984 2159 contra.
1014 2129 1087 2164 quod

299 2172 385 2200 Deum
400 2172 533 2199 malorum
547 2176 686 2200 auctorem
704 2173 794 2200 dicere
807 2178 975 2205 vererentur,
989 2181 1090 2201 conce-

300 2218 417 2246 dendam
433 2224 563 2253 putarunt
575 2220 715 2246 materiam
729 2227 857 2247 coaavam.
879 2219 998 2256 Contigit
1010 2227 1086 2253 vero,

301 2270 331 2292 ut
341 2265 431 2292 neutri
449 2266 599 2292 secundum
614 2266 671 2292 veri
691 2266 832 2293 scientiam
847 2265 932 2294 Deum
948 2267 1086 2299 timentes,

300 2312 371 2339 bene
389 2310 519 2337 dixerint.
546 2311 600 2337 Alii
623 2315 731 2344 autem,
760 2313 896 2348 principio
928 2312 1028 2345 etiam,
1055 2312 1089 2340 de

1142 1713 1164 1743 ὢ
1183 1716 1252 1751 φίλε,
1270 1715 1318 1742 καὶ
1329 1714 1376 1741 σοῦ
1391 1715 1455 1750 περὶ
1466 1715 1512 1741 τὸν
1526 1714 1604 1749 λόγον
1620 1714 1736 1749 σπουδὴν
1748 1714 1862 1740 ἐπαινῶ·
1875 1713 1889 1740 δ
1899 1713 1928 1741 δι

1142 1763 1206 1798 περὶ
1219 1762 1272 1789 τῶν
1284 1761 1368 1788 ὅντων
1382 1761 1455 1788 οὕτω
1469 1760 1601 1796 διετέθης,
1617 1760 1655 1792 ὡς
1665 1760 1719 1796 ἄρα
1736 1759 1767 1791 ἐξ
1781 1759 1930 1796 ὑποκειμέ-

1141 1816 1190 1842 νης
1210 1806 1282 1838 τινὸς
1303 1806 1395 1837 οὐσίας
1413 1806 1500 1832 ταῦτα
1524 1804 1739 1840 ἐδημιούργησεν
1761 1805 1776 1830 ὁ
1799 1803 1876 1836 Θεὸς,
1895 1805 1927 1830 οὐ

1142 1853 1211 1879 πάνυ
1230 1861 1256 1878 τι
1279 1851 1432 1887 μέμφομαι,
1461 1851 1504 1883 Ὧς
1521 1849 1628 1885 ἀληθῶς
1650 1849 1705 1884 γὰρ
1725 1850 1742 1885 ἡ
1759 1849 1818 1876 τῶν
1835 1849 1928 1876 κακῶν

1141 1897 1247 1931 γένεσις
1260 1897 1323 1928 τοὺς
1336 1896 1449 1928 πολλοὺς
1460 1896 1615 1931 διατεθῆναι
1632 1896 1714 1921 ποιεῖ.
1731 1894 1787 1921 Καὶ
1803 1894 1857 1929 γὰρ
1873 1895 1928 1931 πρὸ

1142 1943 1189 1970 σοῦ
1203 1951 1231 1969 τε
1247 1943 1294 1969 καὶ
1307 1942 1374 1978 ἐμοῦ
1392 1942 1483 1969 πολλοί
1495 1951 1568 1973 τινες
1578 1941 1672 1976 ἄνδρες
1687 1941 1773 1967 ἱκανοὶ
1790 1949 1822 1967 πε
1827 1942 1853 1976 pl.
1866 1941 1928 1968 τού-

1140 1999 1187 2016 του
1208 1990 1257 2025 τὴν
1276 1989 1407 2025 μεγίστην
1429 1989 1541 2024 ζήτησιν
1564 1988 1734 2022 ἐποιήσαντο.
1756 1987 1810 2014 Καὶ
1831 1988 1855 2015 οε
1877 1988 1928 2023 μὲν

1141 2036 1241 2071 ὁμοίως
1253 2035 1411 2070 διετέθησάν
1425 2043 1467 2061 σοι
1477 2044 1484 2051 ·
1499 2036 1522 2061 οἱ
1544 2034 1567 2060 δ’
1581 2031 1614 2060 αὖ
1630 2033 1710 2060 πάλιν
1723 2033 1768 2060 τὸν
1782 2033 1848 2061 Θεὸν
1866 2034 1928 2061 τού-

1140 2089 1194 2106 των
1214 2079 1378 2115 δημιουργὸν
1398 2080 1582 2115 ἀπεφήναντο,
1601 2077 1748 2113 σύγχρονον
1770 2078 1844 2114 αὐτῷ
1859 2079 1927 2106 ὑπό-

1142 2134 1234 2152 στασιν
1257 2125 1347 2151 δοῦναι
1367 2124 1568 2160 πεφοϐημένοι·
1582 2124 1714 2155 κάκεῖνοι,
1733 2124 1766 2150 ἐκ
1781 2125 1827 2151 τοῦ
1843 2125 1930 2160 φοδη-

1142 2171 1219 2207 θῆναι
1235 2172 1289 2198 τῶν
1309 2171 1403 2198 κακῶν
1421 2171 1537 2207 ποιητὴν
1554 2171 1641 2196 εἰπεῖν
1659 2169 1703 2196 τὸν
1717 2170 1795 2202 Θεδν,
1812 2170 1928 2206 σύγχρος

1141 2226 1185 2244 νον
1199 2217 1273 2252 αὐτῷ
1287 2216 1377 2243 δοῦναι
1393 2216 1442 2252 τὴν
1460 2216 1526 2252 ὓλην
1537 2215 1638 2248 ἔδοξαν.
1652 2215 1707 2242 Kal.
1725 2216 1823 2251 συνέϐη
1837 2217 1927 2251 ἀμφο-

1141 2262 1239 2298 τέροις,
1264 2263 1296 2288 ὲκ
1323 2261 1372 2288 τοῦ
1401 2262 1439 2297 μὴ
1466 2263 1527 2289 κατ’
1556 2262 1710 2296 ἐπιστήμην
1738 2260 1786 2287 τοῦ
1811 2261 1928 2297 ἀληθοῦς

1142 2307 1292 2344 φοϐηθῆναι
1307 2307 1353 2334 τὸν
1365 2307 1442 2339 Θεὸν,
1456 2307 1487 2334 τὺ
1502 2307 1540 2343 μὴ
1556 2306 1645 2338 καλῶς
1661 2307 1760 2332 εἰπεῖν.
1778 2307 1882 2342 "Et-spot
1898 2307 1928 2334 δὲ

300 2364 332 2385 ea
357 2365 387 2385 re
409 2356 585 2392 quaestionem
611 2357 749 2385 vitandam
778 2358 932 2390 duxerunt,
956 2359 1029 2385 velut
1056 2366 1088 2385 ea
1104 2356 1141 2383 D‘

1084 2368 1088 2385 ι
1104 2356 1126 2383 1)
1139 2353 1189 2388 τὴν
1198 2352 1284 2388 ἀρχὴν
1295 2353 1341 2379 καὶ
1356 2353 1419 2388 περὶ
1430 2353 1476 2379 τοῦ
1487 2352 1607 2380 τοιούτου
1619 2352 1712 2386 ζητεῖν
1725 2354 1925 2388 παρῃτήσαντο,

300 2410 355 2429 non
373 2399 486 2428 haberet
503 2401 594 2429 tinem.
614 2401 748 2429 Caeterum
767 2411 821 2430 non
840 2404 906 2430 sinit
934 2404 1087 2432 communis

301 2448 429 2476 amicitiae
447 2448 588 2479 debitum,
606 2451 636 2474 ut
661 2447 720 2482 ipse
744 2449 869 2480 amoliar,
898 2449 943 2476 ubi
969 2450 1087 2477 maxime

301 2493 367 2528 quid
388 2494 435 2521 tibi
457 2494 492 2521 sit
511 2493 595 2520 animi
624 2496 652 2520 tu
682 2493 740 2528 ipse
760 2495 906 2522 annuntias
924 2504 930 2522 z
947 2495 1018 2530 quod
1046 2495 1089 2522 ni-

301 2539 400 2566 mirum
435 2540 547 2567 miuime
579 2542 672 2567 teneat
700 2540 877 2575 praesumptio
910 2541 1087 2577 (quanquam

337 2614 394 2649 (ιο)
409 2615 566 2650 Quanquam
579 2616 694 2643 maxime
709 2615 900 2643 concedendum
915 2617 960 2649 sit,
975 2621 1028 2644 etc.
1041 2617 1087 2644 Vi-

301 2650 380 2677 detur
400 2651 491 2677 liltera
503 2652 605 2687 minus
621 2658 687 2679 sana
701 2661 708 2678 :
726 2651 780 2678 nisi
796 2651 832 2679 sit
852 2652 922 2678 ratio
939 2653 1084 2687 peculiaris

300 2687 393 2713 clausa
407 2685 572 2722 parenthesi.
587 2694 602 2714 a
613 2694 667 2722 qua
681 2687 773 2714 statim
791 2686 882 2713 redeat
896 2688 928 2714 ad
940 2685 1083 2722 probatio-

302 2728 362 2747 nem
376 2721 522 2755 praemissa
537 2721 704 2755 illius,’quod
717 2722 786 2748 mala
798 2729 854 2748 non
871 2721 986 2750 debeant
998 2723 1082 2750 tribui

302 2756 356 2783 Deo
371 2760 401 2793 ut
417 2755 536 2793 auctori;
547 2757 595 2793 qui
610 2758 667 2791 ipse
681 2762 776 2784 auctor
790 2757 934 2793 exsistens,
951 2766 1004 2785 non
1020 2766 1082 2793 age-

301 2795 342 2818 ret
364 2792 397 2818 ad
422 2791 556 2827 malorum
580 2791 803 2820 destructionem.
823 2791 945 2819 Voluerit
961 2791 1085 2827 crgofad

302 2836 353 2852 aus
369 2826 551 2858 incommoda,
569 2835 656 2862 neque
672 2828 721 2854 hoc
741 2827 832 2859 vitari,
859 2831 889 2853 ut
911 2836 945 2853 ne
959 2828 1086 2855 dicantur

302 2866 372 2889 mala
387 2869 419 2888 ex
442 2862 538 2893 nihilo,
559 2864 581 2890 si
600 2862 708 2896 quidem
725 2862 796 2890 Deus
812 2866 853 2890 est
868 2870 961 2889 eorum
979 2868 1084 2890 auctor.

337 2897 392 2931 (tl)
414 2896 538 2930 lii/luere.
561 2898 706 2933 Ἐπιρρεῖν.
724 2897 769 2925 Sic
785 2897 898 2926 Photius
912 2908 918 2925 2
934 2906 984 2926 vox
1000 2899 1084 2933 aptis-

1138 2398 1177 2430 ὡς
1191 2398 1241 2424 οὐκ
1257 2398 1364 2433 ἔχοντος
1381 2399 1459 2430 τέλος
1472 2398 1520 2424 τοῦ
1532 2398 1654 2428 τοιούτου
1672 2397 1835 2432 ζητήματος.
1860 2399 1926 2434 Ἐμὲ

1140 2445 1169 2472 δὲ
1183 2446 1217 2471 τὰ
1231 2445 1307 2472 κοινά
1320 2445 1370 2480 τῆς
1386 2446 1454 2481 πρὸς
1471 2445 1501 2470 σὲ
1516 2444 1607 2479 φιλίας
1621 2443 1812 2479 παραιτεῖσθαι
1828 2444 1858 2471 τὸ
1878 2446 1927 2479 ζη-

1140 2491 1270 2526 τούμενον
1293 2491 1343 2517 οὐκ
1361 2491 1404 2526 ἐᾷ,
1430 2490 1478 2516 καὶ
1500 2489 1617 2524 μάλιστα
1636 2488 1680 2514 ὅτε
1702 2487 1752 2524 τὴν
1767 2489 1924 2525 προαίρεσιν

1140 2538 1320 2573 ἀπαγγέλλεις
1332 2538 1381 2573 τὴν
1398 2537 1462 2572 σήν·
1483 2535 1521 2567 ὡς
1544 2536 1575 2562 οὐ
1592 2534 1725 2570 προλήψει
1744 2536 1927 2571 κρατούμενος

1139 2616 1220 2648 sima,
1236 2615 1422 2651 signiﬁcanda:
1435 2613 1472 2641 illi
1489 2614 1517 2640 in
1534 2621 1620 2651 genus
1635 2613 1783 2641 humanum
1798 2615 1871 2651 velut
1885 2615 1928 2651 in-

1137 2652 1253 2679 vectioni
1263 2649 1415 2681 inalorum,
1432 2658 1465 2677 ex
1479 2649 1641 2683 contagione
1658 2651 1784 2677 materiae.
1798 2649 1834 2676 Τὸ
1849 2650 1927 2676 ἐπαί-

1137 2695 1205 2722 ρειν,
1220 2686 1327 2714 videtur
1341 2685 1519 2714 mendosum:
1533 2685 1587 2712 nisi
1602 2684 1648 2717 sit,
1665 2685 1741 2718 oriri,
1754 2685 1855 2717 enasci,
1868 2693 1927 2711 nir-

1135 2730 1204 2757 gere.

1172 2757 1229 2791 (12)
1247 2757 1353 2790 Διόπερ
1369 2756 1413 2783 ἔδ.
1429 2754 1498 2791 rHaec
1516 2754 1602 2782 habes
1626 2754 1698 2790 apud
1720 2753 1844 2781 Photium
1859 2753 1922 2781 cod.

1138 2790 1263 2822 ccxxxvt.
1279 2793 1330 2820 sub
1347 2792 1405 2817 init.
1421 2790 1505 2817 GAEL.

1176 2828 1232 2861 (15)
1250 2827 1287 2853 Τὰ
1305 2826 1393 2853 κακά.
1422 2825 1478 2852 lluc
1499 2832 1594 2861 usque
1620 2825 1737 2861 primum
1759 2823 1924 2861 Photianu_m

1139 2856 1308 2897 excerptum.
1331 2862 1375 2889 ubi
1392 2865 1485 2887 tamen
1498 2856 1660 2897 ita‘efrertnr
1674 2860 1717 2887 hic
1731 2859 1808 2888 locus
1821 2868 1829 2887 :
1844 2859 1874 2894 ἐξ
1885 2856 1924 2886 ὧν

1139 2900 1211 2925 domi
1223 2894 1268 2933 μοι
1285 2897 1332 2924 νῦν
1347 2897 1470 2932 ἐπιρρεῖν
1483 2894 1517 2922 τὰ
1530 2895 1612 2923 κακά.
1627 2895 1666 2922 in.
