2131 3167
309 205 365 234 255

805 209 834 237 S.
851 209 1020 239 METEODII
1039 210 1196 240 EPISCOPI
1216 211 1260 239 ET
1280 211 1460 241 MARTYRIS

1884 218 1938 246 256

309 262 442 291 artiﬁcem
468 268 528 294 arte
555 273 638 302 quam
671 267 700 294 in
722 268 878 297 substantia
894 270 1004 302 habeat,
1019 270 1118 302 dicasi

1114 271 1230 307 Ατέχνῃ
1245 273 1327 298 ποιεῖ.
1348 272 1422 308 Φημὶ
1450 271 1478 299 δὲ
1502 272 1569 309 πρὸς
1595 272 1692 306 τοῦτο,
1707 274 1750 302 δτι
1767 275 1828 302 οὐδὲ
1848 276 1878 303 ὲν
1900 277 1939 313 τῷ

308 309 418 343 operari
433 308 501 346 (25).
518 310 559 338 Ad
573 311 625 339 hoc
639 314 792 348 respondeo
805 313 916 351 :Neque
928 316 1032 343 homini
1049 317 1099 344 ud-

309 354 386 382 nasci
401 361 488 384 artem
501 364 535 384 ex
560 358 685 393 subjecta
710 365 784 395 arte;
802 368 865 388 nam
879 369 969 397 neque
984 363 1098 392 concedi

307 405 407 436 potest,
424 402 512 437 ipsam
524 403 551 430 in
569 412 599 432 se
623 404 817 437 substantiam.
841 411 928 436 artem
948 417 1019 437 esse.
1044 410 1098 438 Ars

305 447 380 474 enim
392 448 584 478 accidentibus
597 450 771 485 adcensetur,
793 453 891 488 iisque.
906 462 1022 490 quorum
1032 460 1098 484 tunc

306 493 343 520 sit
356 500 428 525 esse,
449 501 513 521 cum
541 494 570 523 in
595 495 749 525 substantia
765 498 855 534 aliqua
882 505 1025 535 procreata
1039 502 1097 530 fue-

305 539 372 566 rint.
388 539 476 568 Homo
502 541 623 576 quidem.
641 543 701 571 sine
724 544 806 572 etiam
833 546 970 574 tectonica
985 547 1068 576 fuerit
1086 556 1094 575 :

304 589 333 612 at
349 585 406 619 illa,
421 586 475 613 nisi
496 587 574 622 prius
601 590 752 618 exsistente
779 590 901 623 homine.
930 593 1006 620 nulla
1031 593 1094 621 erit.

303 630 395 664 Quare
409 632 556 660 dicendum
572 636 742 668 necessario.
771 636 874 665 habere
893 631 969 666 artes
983 642 1093 672 natura,

304 680 335 704 ut
349 685 382 704 ex
396 678 482 706 nihilo
494 679 559 706 liant
571 680 599 707 in
615 680 784 710 hominibus.
812 682 884 718 Ergo
903 684 927 712 si
943 684 980 711 ita
994 685 1095 713 habere

303 723 478 753 ostendimus
498 725 527 752 in
555 726 735 761 hominibus;
752 729 889 763 quomodo
915 737 971 757 non
985 738 1093 766 aquum

302 769 358 795 erit
369 768 472 801 dicere,
489 777 571 805 posse
585 779 600 798 a
611 771 677 804 Deo.
692 781 747 801 non
774 774 861 802 solum
874 775 1030 810 qualitates.
1046 779 1094 806 sed

303 817 331 840 et
343 813 522 847 substantias,
538 817 596 844 ﬁeri
613 825 647 845 ex
665 818 772 846 nihilo?
785 818 855 847 Dum
877 821 950 848 enim
963 822 1094 857 possibile

302 857 410 886 videtur
422 863 452 886 ut
465 860 575 895 aliquod
594 869 628 890 ex
640 863 727 890 nihilo
741 865 798 896 ﬁat,
824 873 906 900 posse
920 868 1003 895 etiam
1026 869 1093 898 sub-

302 905 419 933 stantias
435 913 468 933 ex
483 907 571 934 nihilo
587 908 644 936 ﬁeri
660 910 824 938 ostenditur.

1149 316 1285 353 ἀνθρώπῳ
1299 317 1331 344 εκ
1345 326 1417 350 τινος
1433 319 1616 355 ὑποκειμένης
1632 320 1729 356 τέχνης
1746 322 1936 356 προσγίνεται·

1148 363 1208 389 οὐδὲ
1224 363 1278 398 γὰρ
1304 363 1392 390 ἔνεστι
1413 365 1463 399 τὴν
1476 365 1519 399 ἐφ’
1537 365 1637 400 ἑαυτῆς
1665 366 1758 393 οὐσίαν
1773 366 1868 395 δοῦναι
1887 369 1938 402 τὴν

1147 408 1254 445 τέχνην.
1273 409 1334 436 Τῶν
1345 409 1399 446 γὰρ
1421 410 1631 447 συμϐεϐηκότων
1651 412 1720 443 ἐστὶ,
1740 412 1787 439 καὶ
1805 413 1859 440 τῶν
1876 417 1936 440 τότε

1147 453 1178 480 τὸ
1188 451 1259 481 εἶναι
1275 455 1391 490 ἑχόντων
1401 475 1408 487 ,
1427 456 1529 483 ὁπόταν
1555 457 1584 483 ἐν
1600 457 1678 493 οὐσίᾳ
1692 458 1746 484 τιν)⁵
1761 457 1884 494 γένηται.
1908 457 1936 486 '0

1149 499 1199 534 μὲν
1214 500 1268 536 γὰρ
1284 500 1426 537 ἄνθρωπος
1442 502 1490 528 καὶ
1507 503 1591 538 χωρὶς
1605 503 1656 538 τῆς
1672 503 1832 539 τεκτονικῆς
1847 504 1934 537 ἔσται,

1147 544 1164 579 ἡ
1174 544 1203 570 δὲ
1216 545 1266 572 οὐκ
1284 545 1371 579 ἔσται,
1385 546 1434 573 ἐὰν
1450 547 1487 583 μὴ
1501 547 1633 584 πρότερον
1648 547 1830 585 ἄνθρωπος
1843 549 1933 583 Ὅθεν,

1145 589 1196 621 τὰς
1211 590 1308 625 τέχνας
1330 592 1360 625 ἐξ
1376 592 1426 619 οὐκ
1439 591 1523 621 ὄντων
1542 594 1582 625 είς
1603 593 1762 630 ἀνθρώπους
1784 595 1934 629 πεφυκέναι

1145 636 1278 670 γίνεσθαι,
1296 638 1386 673 λέγειν
1405 640 1562 675 ἀναγκαῖον.
1587 639 1619 668 Et
1641 641 1729 668 τοίνυν
1748 641 1827 668 τοῦτο
1847 643 1933 676 οὕτως

1145 681 1218 717 ἔχειν
1236 684 1280 709 ἐπ’
1303 684 1455 721 ἀνθρώπιον
1475 686 1625 722 ἐδείξαμεν,
1648 687 1707 720 πῶς
1732 687 1792 723 οὐχὶ
1811 688 1932 724 προσῆκε

1144 728 1190 754 τὸν
1212 728 1277 755 Θεὸν
1294 730 1331 765 μὴ
1356 730 1435 765 μόνον
1455 732 1611 767 ποιότητας,
1635 733 1665 766 se
1679 734 1729 760 οὐκ
1749 734 1833 760 ὄντων
1850 734 1933 768 φάναι

1144 772 1274 800 δύνασθαι
1296 777 1396 808 ποιεῖν,
1413 776 1482 804 ἀλλὰ
1499 777 1547 804 καὶ
1566 778 1676 812 οὐσίαςς
1696 779 1733 806 Τὸ
1753 780 1806 815 γὰρ
1822 780 1933 808 δυνατὸν

1145 818 1263 854 φανῆναι
1279 820 1310 847 τὸ
1323 821 1446 855 γίνεσθαι
1458 831 1483 849 τι
1497 822 1527 855 ἐξ
1540 824 1589 851 οὐκ
1599 824 1694 858 ὄντων,
1711 825 1758 853 καὶ
1776 826 1826 858 τὰς
1839 826 1933 859 οὐσίαις

1144 864 1230 898 οὕτως
1243 865 1316 901 ἔχειν
1331 867 1480 896 δείκνυται.

339 949 439 978 lterum
455 959 521 980 vero
536 953 661 981 instituta
677 955 711 983 de
739 956 819 984 malis
845 957 995 994 disputatio
1011 968 1090 988 resu-
1104 958 1118 986 ε

1114 958 1128 986 3
1176 942 1262 970 Πάλιν
1284 943 1313 970 δὲ
1331 943 1494 981 διαληπτέον
1518 946 1572 974 τῶν
1588 947 1682 974 κακῶν
1697 947 1771 984 πέρι.
1797 949 1838 976 Τὰ
1860 950 1934 978 κακὰ

302 998 404 1023 matur.
421 995 503 1029 Mala,
529 1001 619 1025 utrum
637 999 800 1030 substantia:
824 1003 955 1032 videnlur
966 1006 1009 1034 vel
1024 1014 1094 1042 qua-

300 1039 391 1068 litates
405 1043 620 1072 substantiarum
630 1046 643 1073 ’ἶ

336 1083 415 1113 νΑι.
432 1086 593 1120 Qualitates.

335 1131 440 1160 ORTH.
458 1133 571 1163 Materia
585 1144 659 1171 vero,
680 1143 776 1167 eratne
798 1140 860 1169 sine
874 1142 1053 1176 qualitatibus
1064 1148 1092 1173 et

298 1176 444 1208 informis?

336 1222 414 1251 VAL.
432 1225 559 1255 Maxime.

296 1288 298 1290 τ
331 1268 515 1299 ORTH.H:ec
539 1279 606 1307 ergo
631 1273 742 1301 nomina
760 1274 923 1306 substantiae
935 1278 1091 1317 junguntur

297 1322 332 1342 ex
349 1314 384 1343 iis
400 1323 462 1350 quae
477 1317 530 1351 ipsi
545 1318 685 1347 accidunt.
701 1319 794 1355 Neque
819 1322 893 1350 enim
910 1314 1089 1356 homicidium

297 1364 341 1387 est
355 1360 520 1394 substantia,
537 1370 625 1398 neque
639 1364 788 1401 quidquam
803 1367 919 1396 aliorum
936 1372 1087 1407 malorum;

298 1406 345 1433 sed
364 1407 558 1441 agnominatur
573 1410 607 1437 ab
617 1412 834 1446 operationibus.
851 1413 919 1442 Nam
934 1424 1024 1452 neque
1038 1406 1090 1446 ho;

296 1451 440 1481 micidium
455 1458 497 1482 est
508 1454 610 1490 homo;
626 1457 674 1485 sed
694 1457 736 1489 is,
757 1459 795 1487 ob
811 1460 878 1489 illud
901 1451 1088 1498 perpetratum

296 1497 415 1532 quadam
431 1500 506 1528 velut
527 1503 648 1531 nominis
663 1503 826 1539 deﬂexione,
852 1497 990 1535 homicida
1002 1516 1087 1545 agno-

295 1543 431 1579 minatur;
447 1553 510 1573 cum
524 1547 583 1582 ipse
597 1548 807 1585 haudquaquam
831 1551 868 1578 sit
887 1543 1085 1591 homicidium]:

295 1594 389 1624 atque,
417 1594 448 1618 ut
475 1593 639 1627 compendio
654 1595 765 1628 dicam,
792 1596 861 1623 nihil
876 1597 1027 1633 quidquam
1051 1608 1086 1628 ex

294 1634 357 1662 aliis
383 1637 464 1664 malis
479 1641 522 1665 est
541 1639 694 1667 substantia
711 1650 719 1668 :
736 1641 785 1669 sed
808 1646 900 1677 potest
926 1643 982 1671 dici
998 1645 1082 1680 mala,
1097 1645 1118 1675 C

293 1680 369 1715 quod
394 1681 530 1710 malorum
555 1685 695 1720 quidpiam
710 1687 807 1722 egerit.
830 1687 921 1716 Simili
943 1690 1024 1718 modo
1038 1699 1084 1720 ra-

295 1725 441 1759 tiocinare.
460 1728 563 1764 siquid
584 1731 658 1759 aliud
681 1733 754 1768 quod
768 1735 805 1762 sit
827 1743 911 1766 causa
934 1739 1081 1773 malorum,

292 1776 384 1801 mente
394 1775 560 1805 contineris
576 1785 584 1804 :
597 1786 695 1814 nempe
711 1781 793 1808 etiam
814 1782 882 1810 illud
896 1784 998 1812 malum
1007 1793 1080 1819 esse,

293 1819 367 1865 quod
393 1820 552 1852 hominibus
577 1831 750 1861 cooperetur,
768 1833 796 1856 et
815 1835 944 1865 suggerat
967 1835 997 1859 ut
1009 1832 1082 1860 mala

292 1863 405 1912 iaciant.
432 1867 480 1896 Est
494 1870 567 1897 enim
581 1875 609 1898 et
623 1872 682 1906 ipse
699 1874 798 1908 malus,
813 1863 897 1903 obvea
914 1884 975 1912 qua:
1004 1877 1080 1907 facit.

290 1909 440 1946 Propterea
451 1914 523 1941 enim
534 1915 636 1944 dicitur
654 1926 717 1947 esse
731 1921 830 1954 malus,
846 1909 972 1959 quod—sit
986 1928 1083 1953 auctor

291 1957 438 2007 i-nalorum.
453 1958 550 1993 Porro,
564 1961 637 1996 quod
653 1964 716 1998 quis
741 1964 818 1998 facit,
838 1973 894 1996 non
912 1957 970 2004 ipse
982 1974 1024 1998 est
1034 1972 1082 2007 qui

291 2001 369 2034 facit,
384 2004 431 2031 sed
442 2005 503 2040 ejus
519 2009 641 2041 operatio
652 2029 659 2041 .
677 2011 749 2039 unde
760 2012 813 2040 sibi
839 2001 992 2050 cognomen
1015 2001 1081 2045 mali

291 2048 412 2078 asciscit.
427 2050 495 2078 Nam
523 2054 546 2081 si
577 2054 605 2082 id
629 2055 720 2091 ipsum
746 2048 898 2089 dixerimus
929 2070 990 2091 esse
1007 2063 1082 2098 quod

289 2092 374 2128 facit;
389 2103 450 2123 cum
467 2097 550 2126 faciat
559 2101 647 2129 cedes
661 2106 688 2129 et
704 2103 838 2133 adulteria
863 2110 891 2134 et
915 2107 968 2135 hoc
994 2092 1081 2144 genus

290 2140 407 2174 similia,
421 2143 479 2177 ipse
495 2145 541 2172 illa
560 2146 623 2174 erit.
636 2147 715 2180 Quod
730 2150 753 2177 si
770 2151 839 2186 ipse,
863 2153 911 2179 illa
924 2158 981 2185 est;
995 2140 1081 2182 habet

290 2193 371 2214 suum
388 2196 460 2222 esse,
473 2197 535 2218 cum
550 2191 596 2219 illa
611 2197 676 2221 sunt
693 2201 701 2219 :
719 2195 766 2222 ubi
783 2200 872 2224 autem
896 2206 951 2225 non
967 2198 1080 2234 fuerint,

289 2233 372 2261 etiam
387 2234 444 2269 ipse
455 2236 555 2264 desinit
567 2245 637 2266 esse.
658 2239 739 2268 Fiunt
755 2246 846 2269 autem
861 2243 918 2270 hate
938 2244 972 2271 ab
991 2245 1081 2272 homi-

290 2278 371 2307 nibus
385 2287 392 2305 :
406 2285 488 2309 erunt
506 2290 571 2318 ergo
585 2284 711 2314 bOmines
727 2287 824 2315 borum
841 2294 985 2324 auctores;
1006 2295 1034 2319 et
1049 2295 1079 2318 ut

289 2324 345 2351 sint
358 2325 401 2352 vel
414 2334 468 2354 non
477 2327 542 2362 sint,
558 2337 658 2359 causae.
671 2332 753 2368 Atqui
766 2333 788 2361 si
801 2334 837 2361 ob
846 2342 878 2362 ea
888 2343 948 2370 quae
960 2328 1077 2372 quisque

289 2367 366 2402 facit,
381 2371 469 2400 malus
481 2377 541 2408 est,
564 2383 624 2410 qua“:
639 2367 731 2405 autem
753 2377 828 2410 facit,
842 2367 1007 2415 principium
1024 2367 1075 2409 lia-

289 2415 372 2450 bent;
390 2425 561 2454 consequens
577 2422 615 2454 lit,
631 2427 660 2450 ut
676 2430 702 2452 et
712 2424 757 2452 ille
771 2425 886 2460 coeperit
899 2434 960 2455 eSse
975 2429 1074 2460 malus.

289 2463 477 2499 cmperintque
492 2466 572 2493 etiam
591 2467 643 2496 ista
669 2470 750 2497 mala.
767 2470 845 2503 Quod
868 2472 891 2499 si
908 2481 1000 2500 verum
1022 2480 1074 2506 est.

289 2516 369 2536 nemo
391 2510 474 2545 igitur
505 2516 570 2540 ante
593 2521 674 2543 omne
697 2517 861 2551 principium
889 2522 1076 2555 aeternumque

289 2554 377 2582 malus
391 2559 445 2588 est,
461 2563 494 2584 ac
510 2565 597 2593 neque
612 2560 682 2587 mala
697 2566 761 2589 sunt
775 2562 905 2590 inereata.

334 2631 381 2673 25)
395 2632 430 2660 Ut
439 2634 568 2673 nimirum
590 2637 720 2671 artiﬁcem
732 2642 789 2665 arte
799 2647 878 2673 quam
889 2640 916 2667 in
927 2639 1076 2668 substantia

288 2666 400 2716 alebant.
427 2669 502 2716 dicas
525 2666 740 2716 ορενατῇςιτῇ-ῥν
758 2675 790 2708 τῇ
805 2666 884 2716 οὐσίᾳ
897 2666 984 2716 τέχνη

288 2701 442 2746 Noln‘bene
465 2701 599 2746 interpres
614 2701 732 2746 _Pbotii,
757 2701 803 2746 ρετ
823 2701 907 2736 ατιὲιη
929 2701 1074 2746 aliquid-iri

288 2737 440 2781 substantia
459 2737 595 2774 [ierifQui
609 2743 682 2770 enim
701 2737 801 2781 boc'ad
815 2737 984 2779 propositqu
997 2767 1004 2777 ,
1020 2737 1074 2781 quo

288 2774 421 2812 quaeritur
432 2794 441 2812 ,_
460 2783 527 2804 num
544 2784 589 2805 ars
600 2785 633 2805 ex
650 2774 887 2812 praajaceiite'arfe
902 2781 965 2812 llat,
982 2774 1009 2808 in
1025 2774 1074 2808 lia-

289 2807 385 2848 bente.
403 2810 444 2837 vel
463 2815 495 2848 _ut
514 2819 547 2839 ex
561 2816 627 2848 arte
645 2807 727 2848 quam
743 2814 840 2842 artifex
855 2807 1074 2844 substantialiter

289 2842 399 2884 habeat,
417 2849 447 2872 ut
461 2845 514 2874 ista
527 2847 627 2884 solutio
641 2842 798 2882 contendit;
812 2850 853 2877 vel
868 2858 901 2878 ex
913 2842 1008 2878 nihilo
1017 2842 1070 2884 sui;

290 2881 426 2918 tanquam
434 2888 527 2918 verum
542 2882 681 2918 accidens,
695 2883 767 2918 quod
784 2881 889 2912 tantum
906 2886 952 2918 sit,
966 2893 1028 2913 cum
1042 2881 1072 2914 in

291 2913 445 2942 iubstantia
469 2917 560 2951 aliqua
583 2913 804 2954 fuerit-factum;
823 2921 894 2955 quod
917 2913 1071 2950 methodins

1144 989 1258 1025 πότερον
1271 989 1360 1017 οὐσίαι
1385 1000 1425 1018 σοι
1445 991 1656 1033 δοκοῦσιν-εἷναι
1667 1013 1676 1026 ,
1692 993 1710 1030 ἢ
1726 994 1866 1030 ποιότητες
1888 995 1934 1023 οὐ·

1144 1034 1210 1061 σιῶν
1220 1042 1228 1067 ;

1179 1080 1282 1108 οΥΔΛ.
1299 1082 1457 1118 Ποιότητες.

1165 1127 1296 1154 ὀΡΘυΔ.
1327 1127 1360 1156 'ﬂ
1385 1128 1414 1155 δὲ
1439 1129 1489 1165 ὕλη
1516 1129 1612 1163 ἄποιος
1641 1128 1676 1168 ἦν
1705 1132 1753 1159 καὶ
1779 1132 1934 1168 ἀσχημάτῑη

1143 1179 1224 1205 στος;

1177 1218 1278 1246 οΥΑΛ.
1300 1219 1389 1248 Οὕτω.

1176 1252 1306 1293 01³80Δῖ
1317 1266 1471 1294 Πέπλεκται
1496 1268 1551 1304 ἄρα
1570 1269 1605 1297 τὰ
1625 1269 1746 1306 ὀνόματα
1778 1269 1865 1298 ταῦτα
1895 1271 1930 1306 τῇ

1140 1308 1221 1344 οὐσία
1237 1310 1270 1337 ὲκ
1282 1310 1337 1338 τῶν
1356 1311 1568 1348 συμϐεϐηκότων
1580 1315 1659 1350 αὐτῇ.
1677 1315 1746 1342 οὗτε
1759 1315 1813 1352 γάρ
1830 1316 1904 1342 ἐστιν
1916 1317 1932 1343 6

1140 1355 1221 1388 φόνος
1243 1356 1260 1391 ή
1282 1357 1371 1389 οὐσία,
1392 1357 1453 1385 οὔτε
1469 1359 1566 1386 τιτῶν
1584 1360 1670 1388 ἄλλων
1689 1362 1798 1389 κακῶν⁸
1818 1362 1877 1389 ἀλλ’
1897 1364 1931 1390 ὲκ

1139 1401 1194 1427 τῶν
1220 1401 1365 1437 ἐνεργειῶν
1389 1404 1620 1440 παρονομάζεται.
1640 1407 1710 1434 οὔτε
1733 1408 1789 1444 γὰρ
1815 1409 1895 1444 φόνος
1915 1409 1931 1436 6

1138 1445 1296 1482 ἄνθρωπος·
1311 1448 1378 1476 ἀλλὰ
1389 1449 1428 1485 τῷ
1441 1450 1620 1486 ἐνεργηκέναι
1632 1452 1736 1485 τοῦτον,
1758 1453 1930 1490 παρωνύμως

1138 1493 1236 1527 φονεὺς
1257 1494 1476 1530 Μρονομάζεται
1488 1516 1496 1528 ,
1514 1496 1551 1532 μὴ
1573 1497 1611 1525 ὢν
1625 1499 1706 1534 φόνος
1733 1500 1830 1532 αὐτός·
1854 1500 1928 1535 οὔτε,

1139 1539 1289 1576 συλλήϐδην
1316 1542 1421 1574 εἰπεῖν,
1449 1542 1476 1570 τὶ
1499 1543 1553 1570 τῶν
1579 1544 1667 1572 ἄλλων
1691 1545 1785 1573 κακῶν
1811 1547 1886 1574 ἐστιν
1909 1547 1927 1584 ἡ

1136 1585 1230 1612 οὐσίαι
1251 1586 1321 1613 ἀλλὰ
1339 1587 1378 1622 τῷ
1400 1586 1503 1623 πρᾶξαι
1521 1597 1548 1615 τι
1569 1589 1624 1617 τῶν
1647 1591 1739 1618 κακῶν
1757 1593 1828 1629 κακὴ
1846 1593 1929 1628 ’λέγε-

1136 1629 1199 1657 σθαι
1211 1631 1332 1659 δύναται.
1353 1632 1467 1669 Ὁμοίως
1486 1634 1644 1671 ἐπινόησον,
1661 1636 1688 1663 εί
1706 1645 1733 1664 τι
1752 1638 1844 1674 ἕτερον
1861 1639 1927 1665 ἀνα-

1135 1677 1262 1710 πλάττεις
1283 1680 1313 1706 ὲν
1332 1679 1372 1715 τῷ
1394 1679 1448 1715 νῷ,
1466 1681 1559 1708 κακῶν
1574 1684 1631 1715 τοῖς
1648 1683 1802 1720 ἀνθρώποις
1822 1685 1925 1719 αίτιον,

1133 1723 1172 1756 ὡς
1187 1725 1298 1752 κάκεῖνο
1313 1726 1397 1752 κακὸν
1409 1726 1477 1762 (26),
1496 1728 1526 1754 ὲν
1541 1727 1581 1764 τῷ
1597 1729 1702 1762 τούτοις
1722 1731 1858 1767 ἐνεργεῖν,
1878 1728 1935 1760 και

1134 1769 1296 1798 ὑποϐάλλειν
1318 1773 1406 1798 ποιεῖν
1432 1772 1466 1799 τὰ
1492 1774 1574 1801 κακά.
1592 1775 1669 1802 Ἔτι-ιι
1689 1775 1743 1812 γὰρ
1772 1777 1819 1803 καὶ
1845 1777 1926 1810 αὐτὸς

1133 1815 1230 1849 κακὸς,
1246 1816 1276 1850 ἐξ
1292 1813 1330 1844 ὧν
1344 1820 1424 1845 ποιεῖ.
1439 1819 1490 1847 Διὰ
1501 1820 1556 1856 γὰρ
1570 1821 1650 1848 τοῦτο
1665 1822 1749 1854 κακὸς
1766 1820 1835 1850 εἶναι
1846 1823 1924 1858 λέγε-

1132 1869 1188 1895 ται,
1201 1862 1242 1889 ὄτι
1257 1863 1344 1899 (τῶν)
1366 1864 1459 1891 κακῶν
1481 1867 1538 1893 εστι
1554 1867 1684 1903 ποιητής·
1704 1867 1723 1894 ἃ
1738 1867 1768 1894 δέ
1783 1876 1826 1899 τις
1842 1870 1923 1901 ποιεῖ,

1132 1907 1183 1934 οὐκ
1199 1907 1273 1935 ἔστιν
1299 1909 1391 1941 αὐτὸς,
1413 1911 1471 1937 ἀλλ’
1492 1912 1617 1946 ἐνέργεια
1636 1912 1736 1943 αὑτοῦ,
1757 1912 1804 1947 ἀφ’
1823 1909 1861 1939 ὧν
1875 1913 1922 1949 τὴν

1133 1955 1320 1990 προσηγορίαν
1339 1955 1386 1982 τοῦ
1403 1956 1486 1988 κακὸς
1502 1956 1558 1993 (27)
1579 1957 1706 1992 λέγεσθαι
1723 1958 1864 1993 λαμσάνει.
1890 1959 1922 1987 El

1132 1999 1187 2035 γὰρ
1198 2001 1281 2027 αὐτὸν
1299 2001 1423 2036 εἴποιμεν
1442 1999 1511 2028 εἷναι
1527 2002 1546 2029 ἃ
1560 2004 1647 2029 ποιεῖ’
1669 2005 1742 2030 ποιεῖ
1763 2004 1791 2031 δὲ
1807 2005 1921 2039 φόνους,

1132 2044 1179 2070 καὶ
1195 2044 1328 2079 μοιχείας,
1346 2046 1393 2072 καὶ
1409 2045 1459 2071 ὅσα
1475 2046 1571 2081 ὃμοια·
1586 2047 1666 2079 αὐτὸς
1686 2048 1762 2076 ἔσται
1779 2050 1874 2078 ταῦτα.
1888 2051 1921 2077 Et

1131 2088 1160 2114 δὲ
1175 2089 1256 2120 αὐτός
1270 2090 1328 2116 ἐστι
1344 2089 1444 2117 ταῦτα’
1460 2090 1505 2117 ὅτε
1518 2092 1632 2126 γίνεται,
1643 2093 1692 2129 τὴν
1705 2094 1835 2122 σύστασιν
1847 2096 1918 2131 ἔχει·

1131 2135 1161 2160 οὐ
1181 2135 1310 2170 γινόμενα
1329 2135 1368 2167 δὲ,
1386 2137 1432 2163 καὶ
1457 2137 1504 2164 τοῦ
1522 2135 1590 2165 εἶναι
1612 2139 1737 2168 παύεται.
1763 2142 1869 2168 Γίνεται
1890 2142 1920 2169 δὲ

1131 2179 1218 2207 ταῦτα
1240 2182 1307 2217 πρὸς
1324 2182 1490 2219 ἀνθρώπων
1512 2184 1617 2212 ἔσονται
1630 2186 1684 2222 ἄρα
1705 2187 1809 2214 τούτων
1828 2188 1852 2214 οἱ
1872 2188 1919 2215 ἄν-

1131 2224 1235 2260 θρωποι
1260 2227 1387 2262 ποιηταὶ.
1414 2229 1460 2255 καὶ
1484 2229 1531 2256 τοῦ
1555 2228 1623 2257 εἶναι
1643 2231 1691 2257 καὶ
1716 2231 1764 2258 τοῦ
1788 2231 1825 2267 μὴ
1848 2230 1918 2260 εἶναι

1131 2271 1222 2298 αἴτιοι.
1243 2271 1311 2298 Ἀλλ’
1323 2274 1345 2299 εἰ
1361 2272 1391 2306 ἐξ
1411 2270 1448 2300 ἄν
1461 2275 1568 2310 ἐνεργεῖ
1583 2275 1707 2308 ἕκαστος,
1729 2277 1846 2312 ὑπάρχει
1867 2286 1918 2304 κα-

1095 2316 1116 2343 D
1130 2315 1192 2348 κός·
1207 2316 1225 2343 ἃ
1240 2317 1268 2344 δὲ
1282 2318 1397 2354 ἐνεργεῖ,
1409 2319 1496 2355 ἀρχὴν
1511 2319 1557 2346 τοῦ
1572 2318 1642 2348 εἶναι
1655 2320 1786 2356 λαμσάνει
1797 2329 1804 2337 ·
1815 2322 1917 2358 ἤρξατο

1130 2361 1254 2394 κάκεῖνος
1269 2361 1336 2390 εἶναι
1351 2365 1434 2396 κακός
1444 2373 1450 2379 ·
1470 2364 1571 2400 ἧρξατο
1583 2366 1611 2392 δὲ
1623 2366 1671 2392 καὶ
1683 2366 1769 2393 ταῦτα
1785 2368 1819 2394 τὰ
1832 2369 1915 2396 κακά.

1130 2406 1161 2432 Εἰ
1177 2407 1199 2433 δ’
1214 2408 1300 2440 οὕτως
1316 2409 1382 2446 ἔχει,
1401 2410 1452 2437 οὐκ
1468 2410 1542 2437 ἐστιν
1557 2411 1682 2446 ἁνάρχως
1695 2419 1736 2443 τις
1748 2413 1842 2445 κακὸς,
1854 2414 1916 2458 oues

1129 2452 1265 2490 ἁγέννητα
1280 2454 1315 2481 τὰ
1325 2455 1406 2481 κακά.

1128 2643 1256 2677 intendit,
1272 2650 1300 2673 ut
1313 2647 1478 2686 eo_evinc_at.
1493 2653 1574 2686 posse
1589 2646 1673 2686 Deum
1687 2649 1789 2686 aliquid
1804 2651 1893 2686 majus
1904 2671 1911 2682 .

1128 2686 1227 2718 nempe
1246 2688 1285 2718 (ιιιΔ
1297 2681 1390 2718 .nihilo
1405 2683 1489 2718 etiam
1504 2682 1619 2716 subjecti
1641 2688 1668 2710 et
1694 2681 1831 2718 absolute;
1847 2681 1913 2713 ἠδέ

1129 2715 1217 2752 solum
1229 2715 1379 2752 accidentia
1390 2735 1400 2748 .
1417 2717 1463 2744 sed
1480 2721 1507 2743 et
1520 2715 1688 2745 substantias
1703 2726 1812 2752 creare.
1825 2715 1912 2752 eoque

1128 2756 1183 2791 non
1197 2750 1326 2791 habuisse
1342 2759 1411 2791 opus
1424 2752 1538 2779 materia
1550 2752 1702 2791 adjutrice?
1713 2750 1826 2791 Reliqua
1842 2750 1911 2782 nihil

1128 2784 1186 2812 fere
1202 2785 1309 2813 lelicius
1326 2784 1431 2813 reddita
1443 2806 1450 2819 ,
1468 2787 1558 2814 conati
1579 2784 1675 2816 sumus
1695 2784 1842 2818 restituere
1857 2798 1864 2816 :
1882 2793 1911 2817 et

1127 2819 1245 2857 quisque
1256 2821 1420 2857 adverterit,
1435 2821 1533 2849 collata
1544 2826 1658 2856 utraque
1669 2825 1806 2857 versione,
1818 2827 1846 2852 et
1856 2825 1910 2852 sibi

1127 2853 1238 2885 ipsa.’et
1253 2855 1350 2882 textui.

1139 2861 1197 2888 psa.
1211 2861 1238 2882 et
1253 2861 1350 2882 textui.

1229 2889 1360 2927 Edu'irq
1368 2891 1471 2927 κακόν.
1486 2891 1535 2927 ΑΙ.
1550 2893 1677 2927 κάκεῖνος
1689 2896 1785 2926 κακός.

1172 2923 1336 2959 Ξῖγιὶωιός.
1348 2924 1389 2952 ΑΙ.
1412 2926 1509 2954 κακοῦ.
