2131 3167
301 157 354 186 εστ

790 157 819 186 ε.
837 158 1005 187 METHODII
1024 158 1179 188 EPISCOPI
1197 159 1242 187 ET
1258 159 1438 189 MARTYRIS

1880 162 1934 191 268

302 218 408 252 primis,
437 216 483 245 Dei
512 219 640 244 mandata
667 217 816 253 negligere,
841 225 874 246 ac
899 217 1011 252 justitiae
1031 223 1128 253 quaaA

1105 223 1128 251 Α
1142 227 1220 254 γεται
1250 219 1344 247 κακόν.
1370 219 1513 255 Βαρυτάτη
1538 218 1567 245 δὲ
1593 219 1678 256 βλάϐη
1704 220 1734 248 τὸ
1759 220 1932 257 παρακοῦσαι

302 263 430 298 adjuncta
445 262 565 290 libertati
579 267 631 295 est,
643 262 743 290 limites
753 263 902 298 praterire.

337 350 368 378 ll.
383 350 450 378 lllud
460 358 525 378 vero
537 351 594 386 jam
612 354 690 378 antea
705 350 875 386 disputatum
887 355 940 383 est,
950 356 1089 381 monstra-

300 400 423 432 tumque,
449 397 574 432 pellicem
591 398 693 424 tunica:
708 398 730 431 ',
745 397 819 425 aliud
834 406 896 426 esse
911 403 1009 434 prater
1026 407 1088 427 cor-

299 451 376 479 pora.
406 442 459 471 Sed
491 444 669 472 nihilominus
699 444 772 472 idem
797 452 907 472 rursum
931 445 1086 480 (dicendum

299 491 369 517 enim
385 491 485 526 saepius
499 490 551 526 est)
564 490 615 517 hoc
627 490 686 518 loco
701 495 865 526 repetamus.
882 490 990 519 Primus
1006 492 1088 527 igitur

297 536 357 571 ipse
381 544 492 572 parens,
523 540 669 572 antequam
693 544 732 565 eae
756 537 854 564 tunicae
878 543 1086 572 consuerentur,

297 589 360 609 ossa
371 589 401 610 se
413 586 440 610 et
451 589 561 609 carnem
575 582 675 609 habere
689 582 835 611 conﬁtetur
845 591 852 615 ;
864 591 927 610 cum
945 584 1086 616 nimirum,

295 627 457 662 perductam
483 627 518 654 ad
545 635 606 656 sese
627 627 767 655 mulierem
800 628 1009 662 contemplatus,
1028 628 1086 656 Hoc

296 681 366 700 nunc
381 681 422 705 os,
436 673 536 708 inquit,
554 681 587 700 ex
598 673 700 701 ossibus
713 674 789 704 meis.
814 678 839 701 et
864 682 927 700 caro
953 675 985 701 de
1009 683 1086 702 carne

296 725 364 744 mea.
382 717 414 745 Et
440 725 551 745 rursum
568 727 574 745 :
592 718 656 745 Haec
679 719 815 745 vocabitur
833 719 938 751 mulier,
961 720 1085 754 quoniam

295 762 328 790 de
342 763 395 790 viro
410 769 515 798 sumpta
537 769 586 792 est.
601 764 715 799 Propter
730 765 778 792 hoc
795 764 921 799 relinquet
940 765 1016 792 homo
1031 773 1086 800 pa—

295 813 360 836 trem
386 817 462 836 ruum
484 815 509 837 et
531 814 652 842 matrem,
668 815 693 836 et
710 809 853 837 adhazrebit
872 811 950 837 uxori
964 819 1019 837 suta
1035 819 1044 838 .'
1060 817 1085 838 et

295 861 369 882 erant
385 856 437 883 duo
455 857 482 883 in
499 865 604 883 carnem
615 864 695 883 unam
708 856 729 882 ⁸.
747 855 838 891 Neque
849 857 920 884 enim
931 862 1021 884 certos
1036 857 1085 884 ho-

1142 265 1220 298 Θεοῦ,
1235 266 1298 298 τοϋς
1308 266 1388 302 ὄρους
1397 266 1447 301 τῆς
1462 265 1532 292 κατὰ
1544 266 1575 292 τδ
1588 265 1760 300 αὐτεξούσιον
1774 267 1932 303 ὑπερϐάντα

1141 310 1327 347 δικαιοσύνης.

1177 356 1216 383 B'.
1235 356 1427 393 Πραηπόρηται
1443 356 1499 392 (49)
1507 357 1535 384 δὲ
1551 357 1614 393 ἠδη,
1627 357 1675 384 καὶ
1688 356 1844 393 ἀπεδείχθη,
1859 357 1931 392 τοὺς

1141 400 1336 436 δερματίνους
1348 401 1476 436 χιτῶνας
1494 402 1532 438 μὴ
1548 400 1618 430 εῐναι
1635 403 1671 430 τὰ
1689 402 1814 438 σώματα.
1834 404 1930 439 Ὅμως

1140 447 1169 474 δὲ
1183 447 1237 482 ,καὶ
1264 447 1344 474 πάλιν
1372 447 1417 483 (σὺ
1443 448 1499 484 γὰρ
1529 448 1602 482 ἅπαξ
1626 448 1740 484 ῥητέον)
1769 449 1928 485 φράσωμεν.

1140 493 1227 524 Αὐτὸς
1248 493 1302 529 πρὸ
1318 493 1366 529 τῆς
1384 494 1556 530 κατασκευῆς
1579 494 1669 522 αὐτῶν
1682 496 1697 521 ὸ
1719 486 1930 530 πρωτόπλαστὸς

1140 538 1265 574 ὁμολογεῖ
1285 540 1333 566 καὶ
1350 540 1417 567 ὐστᾶ
1430 540 1502 576 ἔχειν
1525 540 1572 567 καὶ
1594 540 1709 576 σάρκας,
1735 540 1816 568 ὁπότε
1829 540 1862 577 δὴ
1879 540 1929 577 τὴν

1140 586 1257 618 γυναῖκα
1277 585 1351 621 αὐτῷ
1364 587 1565 622 προσαχθεῖσαν
1576 586 1754 621 θεασάμενος,
1771 585 1861 614 Τοῦτο
1871 586 1929 614 νῦν

1139 630 1262 664 ὀστοῦν,
1282 631 1432 668 ἐφώνησεν,
1454 632 1489 659 ἐκ
1501 631 1561 659 τῶν
1577 631 1678 659 ὀστῶν
1690 640 1761 666 μου,
1786 631 1836 658 καὶ
1850 631 1928 666 σὰρξ

1138 678 1173 702 ἐκ
1192 676 1246 711 τῆς
1265 677 1378 711 σαρκός
1399 686 1474 712 μου·
1494 678 1541 704 καὶ
1562 677 1659 704 πάλιν·
1679 677 1759 711 Αὕτη
1775 677 1927 711 κληθήσε-

1138 730 1185 749 ται
1198 722 1286 757 γυνὴ,
1301 723 1346 750 ὅτι
1357 724 1391 750 ὲκ
1403 723 1455 750 τοῦ
1470 723 1581 758 ἀνδρὸς
1592 722 1687 757 αὐτῆς
1698 723 1824 758 ἐλήφθη.
1842 725 1927 753 Ἕνα-

1138 777 1192 795 κεν
1216 769 1323 796 τούτου
1350 770 1527 804 καταλείψει
1551 769 1706 804 ἄνθρωπος
1733 770 1787 797 τὸν
1813 771 1928 806 πατέρα

1138 814 1241 846 αὑτοῦ,
1260 815 1309 841 καὶ
1334 814 1391 849 τὴν
1408 815 1537 850 μητέρα,
1555 815 1606 842 καὶ
1625 816 1926 851 προσκολληθήσεται

1137 859 1175 894 τῇ
1195 861 1313 896 γυναικὶ
1336 861 1429 889 αὐτοῦ
1447 861 1517 897 (50)·
1546 861 1595 888 καί
1614 861 1736 888 ἔσονται
1758 863 1784 888 οι
1808 862 1863 889 δύο
1882 864 1926 896 εις

295 902 382 929 mines
405 901 476 929 ferre
503 909 634 937 possum,
662 902 709 936 qui
734 902 860 929 consulto
886 906 1024 937 nugantur
1053 903 1141 933 acBi

1101 903 1124 933 Β
1136 905 1236 941 σάρκα
1246 908 1330 941 μίαν.
1345 908 1382 934 Οὐ
1399 907 1453 943 γὰρ
1467 907 1499 943 δὴ
1514 907 1644 943 ἀνέξομαι
1660 907 1869 944 φληναφούντων
1885 917 1926 935 τι-

295 946 452 982 Scripturas
477 947 714 982 impudentissime
737 947 912 984 detorquent,
924 956 979 984 quo
1003 956 1084 976 suum

294 993 348 1021 illis
359 993 393 1021 de
414 994 615 1022 resurrectione
636 994 696 1022 sine
718 1002 802 1023 carne
817 995 916 1030 dogma
930 995 1061 1030 procedat
1075 1004 1082 1023 :

294 1039 340 1068 uni
362 1039 433 1072 ideo,
451 1043 477 1067 et
503 1047 567 1067 ossa
593 1041 716 1075 quadam
732 1041 922 1076 intelligibilia.
937 1044 966 1068 et
986 1048 1084 1069 carnes

294 1084 418 1112 similiter
433 1084 617 1120 intelligibiles
642 1085 790 1113 commenti
807 1089 881 1117 sunt,
901 1092 932 1112 ac
947 1085 1005 1112 suis
1016 1085 1078 1112 alle-

293 1131 374 1165 goriis
392 1130 460 1158 alias
481 1131 558 1158 aliter
585 1139 694 1159 sursum
721 1132 904 1166 deorsumque
928 1139 990 1159 sese
1017 1138 1084 1159 con-

293 1179 411 1205 vertunt.
432 1177 514 1212 Atqui
531 1177 588 1204 haec
607 1177 721 1211 perinde
743 1184 776 1204 ac
806 1177 908 1212 scripta
934 1182 1014 1210 sunt,
1036 1185 1084 1205 ac-

292 1223 416 1257 cipienda
441 1230 520 1255 esse,
547 1222 650 1250 Christi
675 1222 819 1250 conﬁrmat
842 1223 1010 1257 auctoritas;
1035 1223 1082 1250 ubi

292 1269 523 1304 interrogantibus
545 1267 691 1296 Phariszeis
716 1268 750 1295 de
766 1269 860 1295 uxoris
882 1268 1010 1301 divortio,
1038 1277 1082 1297 re-

292 1314 435 1350 spondet:
465 1313 527 1341 Nan
555 1315 664 1350 legistis,
695 1315 758 1350 quia
786 1315 831 1350 qui
862 1314 923 1349 fecit
952 1315 1081 1342 hominem

292 1362 324 1388 alt
350 1361 436 1393 initio,
460 1361 607 1388 masculum
625 1366 650 1388 et
667 1361 793 1395 feminam
815 1361 875 1395 fecit
899 1361 968 1389 eos?
987 1362 1023 1388 Et
1040 1361 1082 1387 di-

291 1407 354 1434 xit:
374 1407 486 1441 Propter
509 1408 556 1434 hoc
581 1407 708 1443 relinquet
737 1407 815 1434 homo
841 1411 943 1442 patrem
972 1411 997 1433 et
1024 1414 1082 1433 ma-

291 1458 357 1480 trem
368 1454 389 1486 ’,
405 1458 459 1481 etc.

324 1499 368 1528 lll.
386 1500 440 1528 Sed
455 1504 482 1527 et
500 1499 567 1527 illud
584 1499 726 1535 perspicue
753 1499 901 1527 absurdum
929 1503 989 1532 est,
1006 1499 1081 1526 arbi-

292 1546 356 1572 trari
368 1552 469 1580 corpus
486 1545 514 1572 in
527 1549 629 1572 aeterna
645 1545 690 1572 illa
706 1545 761 1571 vita
783 1545 894 1572 minime
910 1552 973 1572 cum
988 1545 1079 1572 anima

293 1591 423 1624 futurum,
438 1590 511 1626 quod
535 1590 602 1617 illud
621 1594 751 1625 tanquam
768 1591 907 1618 vinculum
924 1597 957 1617 ac
984 1590 1079 1624 pedica

291 1637 341 1670 sit;
357 1640 387 1663 ut
402 1636 534 1670 ne,juxta
550 1635 623 1671 quod
640 1636 798 1670 opinantur,
818 1635 992 1670 sempiternis
1014 1634 1078 1662 vin-

292 1682 359 1710 culis
375 1682 558 1717 corruptionis
571 1681 672 1709 addicti
684 1682 834 1713 videamur,
847 1681 893 1716 qui
911 1681 940 1707 in
950 1681 1020 1708 lucis
1031 1681 1078 1708 illo

292 1736 372 1764 regno
386 1729 473 1756 simus
485 1728 644 1755 habilaturi.
657 1727 724 1755 Cum
740 1728 813 1755 enim
825 1726 932 1754 abunde
944 1726 1078 1768 dissoluta

292 1781 319 1801 ac
333 1773 450 1801 refutata
476 1773 511 1802 sit
535 1773 579 1800 illa
596 1773 740 1806 sententia,
759 1780 812 1809 qua
826 1773 925 1800 animai
938 1772 1078 1800 vinculum

291 1827 399 1848 carnem
414 1827 475 1847 esse
488 1819 667 1852 deﬁniebant;
684 1820 766 1846 etiam
790 1819 857 1846 illud
878 1819 998 1847 solutum
1018 1822 1076 1851 est,

291 1872 345 1894 rore
360 1870 390 1893 ut
406 1866 468 1894 ideo
485 1873 549 1893 caro
564 1873 619 1893 non
630 1869 767 1902 resurgat,
783 1874 818 1893 ne
835 1866 858 1894 si
885 1873 946 1893 eam
971 1873 1077 1893 resum-

290 1912 434 1947 pserimus,
449 1911 532 1938 vincti
548 1915 660 1946 propter
672 1918 733 1938 cam
748 1911 774 1938 in
789 1919 873 1946 regno
888 1911 935 1938 illo
951 1911 1021 1938 lucis
1032 1910 1075 1938 fu-

291 1958 342 1985 .uri
356 1957 454 1984 simus.

320 2001 365 2030 IV.
386 2003 471 2038 Igitur
486 2010 521 2029 ne
536 2002 690 2030 immortale
712 2002 850 2038 quoddam
874 2010 907 2029 ac
931 2003 1077 2038 sempiter-

290 2055 351 2076 tum
365 2048 467 2076 malum
486 2053 557 2075 esset
571 2048 663 2081 homo,
688 2052 718 2075 ut
737 2048 794 2084 jam
821 2048 940 2076 diximus
952 2068 960 2080 ,
976 2048 1003 2075 in
1021 2055 1077 2083 quo

290 2098 427 2128 peccatum
455 2094 607 2129 potioribus
631 2098 762 2126 auctum,
789 2094 940 2121 dominium
969 2093 1077 2121 obtine-

289 2144 327 2167 tet
343 2140 397 2176 (48)
408 2149 416 2173 ;
429 2140 502 2167 velut
513 2138 585 2175 qu'od
601 2140 749 2168 immortali
764 2140 790 2167 in
805 2148 921 2176 corpore
943 2140 1077 2175 pullulas-

290 2190 335 2218 εει,
350 2189 377 2213 et
392 2186 538 2213 immortali
553 2186 666 2221 perinde
688 2186 816 2213 alimento
843 2187 969 2222 glisceret
985 2196 991 2214 :
1008 2193 1074 2221 pro-

1136 954 1200 985 νῶν,
1213 955 1259 981 καὶ
1274 953 1441 990 βιαζομένων
1457 954 1724 990 ἀπηρυθριασμένως
1739 954 1788 990 τὴν
1802 955 1924 991 Γραφὴν,

1135 1000 1179 1027 ἶνα
1200 1000 1293 1032 αὐτοῖς
1310 1000 1372 1036 δίχα
1386 1000 1485 1036 σαρκὸς
1498 999 1565 1027 εἰναι
1580 1001 1747 1037 προχωρήσῃ
1761 1000 1816 1036 (51)
1829 1002 1845 1036 ἡ
1859 1001 1926 1028 ἀνά.-

1136 1053 1240 1077 στασις,
1252 1045 1319 1072 ὀστᾶ
1329 1045 1423 1080 νοητὰ,
1435 1045 1482 1072 καὶ
1494 1045 1597 1080 σάρκας
1604 1046 1702 1081 νοητὰς
1712 1045 1922 1081 ὑποτιθεμένων,

1134 1090 1181 1117 καὶ
1209 1090 1304 1117 ἄλλοτε
1327 1090 1415 1122 ἄλλως
1438 1090 1494 1117 ἀνω
1517 1091 1564 1117 καὶ
1584 1090 1660 1117 κάτω
1682 1090 1924 1126 μεταϐαλλομένων

1135 1135 1319 1172 ἀλληγορίαις.
1337 1137 1391 1163 Καὶ
1402 1135 1486 1162 ταῦτα
1500 1135 1596 1167 οὕτως,
1608 1136 1646 1167 ὡς
1657 1135 1820 1171 γέγραπται,
1837 1145 1925 1172 παρα-

1133 1182 1328 1218 λαμὸάνεσθαι,
1343 1182 1522 1218 κρατύνοντος
1541 1181 1587 1208 τοῦ
1603 1181 1720 1217 Χριστοῦ
1739 1182 1788 1218 τὴν
1800 1182 1922 1218 Γραφὴν,

1133 1229 1197 1256 ἔνθα
1223 1228 1435 1264 πυνθανομένοις
1453 1230 1511 1260 τοῖς
1528 1228 1686 1264 Φαρισαίοις
1702 1228 1765 1263 περὶ
1781 1227 1922 1264 χωρισμοῠ

1133 1275 1260 1308 γυναικὸς
1277 1275 1470 1310 ἀποκρίνεται·
1491 1276 1552 1302 οὐκ
1571 1274 1731 1310 ἀνέγνωτε,
1748 1273 1792 1300 ὅτι
1805 1274 1855 1301 ἀπ’
1869 1273 1922 1309 ἀρ·

1132 1320 1191 1354 κιάς
1203 1321 1219 1346 d
1233 1320 1339 1352 κτίσας
1358 1320 1453 1353 ἄρσεν
1467 1320 1518 1346 καὶ
1533 1320 1612 1354 θῆλυ
1636 1319 1780 1352 ἐποίησεν
1793 1320 1922 1353 αὑτούς;

1132 1365 1188 1391 Καὶ
1209 1365 1312 1391 εἷπεν·
1335 1365 1457 1392 Ἕνεκεν
1478 1366 1586 1392 τούτου
1611 1366 1786 1399 καταλείψει
1811 1364 1922 1399 ἀνθρω-

1132 1419 1189 1444 πος
1202 1410 1255 1438 τὸν
1267 1409 1389 1445 πατέρα,
1402 1411 1450 1438 καὶ
1462 1411 1498 1437 τὰ
1511 1410 1584 1446 ἑξῆς.

1167 1500 1205 1526 l".
1227 1499 1343 1526 Ἀτοπον
1359 1499 1414 1534 (52)
1429 1498 1458 1524 δὲ
1472 1498 1583 1525 κάκεῖνο
1598 1499 1755 1534 προφανῶς,
1771 1499 1801 1526 τδ
1817 1499 1920 1529 οἴεσθαι

1131 1544 1162 1571 τὸ
1173 1544 1252 1580 σῶμα
1266 1545 1294 1571 ὲν
1304 1545 1337 1580 τῇ
1351 1545 1389 1576 εἰς
1399 1543 1499 1576 αίῶνας
1508 1543 1629 1580 διαγωγῇ
1642 1543 1679 1580 μὴ
1692 1544 1852 1572 συνέσεσθαι
1863 1546 1920 1581 (55)

1093 1572 1115 1601 C
1129 1592 1162 1626 τῇ
1186 1572 1269 1626 didm,
1292 1572 1337 1617 διᾶ
1349 1572 1388 1616 tot
1401 1572 1500 1624 δεσμὸν
1517 1572 1584 1616 αὐτὸ
1601 1572 1656 1617 ἰδία).
1674 1572 1758 1621 ἶπέδας
1772 1572 1920 1618 εἶναισὶίνα

1132 1635 1169 1672 μὴ
1182 1635 1285 1662 αἰώνιοι
1298 1634 1443 1670 γενώμεθα
1460 1635 1620 1670 κατάκριτοι
1633 1635 1781 1671 δεσμῶται,
1798 1637 1859 1663 κατ’
1872 1638 1921 1664 αὺ-

1128 1682 1202 1714 τοὺς,
1218 1680 1321 1717 φθορᾶς
1335 1681 1392 1716 (54)
1406 1682 1434 1708 ὲν
1443 1682 1477 1717 τῇ
1493 1680 1616 1717 βασιλείᾳ
1625 1681 1673 1708 τοῦ
1686 1683 1774 1717 φωτὸς
1783 1683 1918 1719 ἐσόμενοι.

1128 1727 1282 1763 Λελυμένου
1300 1727 1354 1763 γὰρ
1373 1726 1482 1759 ἱκανῶς,
1495 1727 1542 1754 καὶ
1553 1726 1756 1763 ἐξελεγχθέντος
1767 1729 1814 1756 τοῦ
1826 1729 1918 1764 λόγου.

1129 1774 1158 1799 ὲν
1177 1770 1199 1807 ᾧ
1217 1773 1316 1809 δεσμὸν
1331 1773 1380 1809 τῆς
1397 1772 1487 1808 ψυχῆς
1512 1771 1642 1808 ὡρίζοντο
1659 1772 1729 1800 εἷναι
1745 1774 1795 1810 τὴν
1818 1775 1917 1810 σάρκα,

1129 1819 1237 1846 λέλυται
1255 1819 1301 1846 καὶ
1315 1819 1355 1851 τὸ,
1374 1819 1416 1846 ἵνα
1432 1819 1470 1855 μὴ
1486 1819 1624 1856 δεσμῶται
1639 1819 1668 1846 ἐν
1683 1821 1716 1855 τῇ
1733 1819 1857 1855 βασιλείᾳ
1870 1820 1917 1847 τοῦ

1129 1865 1228 1900 φωτὸς,
1240 1866 1264 1892 ει
1275 1865 1456 1901 ἀπολάϐωμεν
1470 1866 1527 1901 (55)
1539 1865 1634 1901 αὐτὴν,
1645 1865 1773 1901 ἐσόμεθα,
1784 1865 1828 1892 διὰ
1841 1865 1919 1893 τοῦτο

1128 1912 1179 1938 οὐκ
1191 1911 1294 1947 ἀναστή
1299 1919 1385 1937 σεται.

1163 2002 1199 2027 A'.
1212 2002 1271 2028 ἰνα
1282 2001 1372 2028 τοίνυν
1381 2001 1436 2037 (56)
1453 2000 1490 2037 μὴ
1541 1999 1625 2027 κακὸν
1641 1999 1773 2027 ἀθάνατον
1783 2000 1798 2026 ὁ
1811 1999 1917 2036 ἄνθρω-

1128 2055 1198 2079 πος,
1231 2047 1248 2082 ἢ
1279 2046 1412 2078 ἀείζωον,
1438 2047 1507 2082 ἒχων
1532 2048 1561 2073 ὲν
1584 2045 1674 2081 ἑαυτῷ
1701 2046 1750 2082 τὴν
1779 2047 1917 2084 ἁμαρτίαν

1127 2091 1366 2127 κρατιστεύουσαν,
1384 2091 1433 2118 ἅτε
1455 2092 1483 2119 ὲν
1503 2091 1629 2128 ἀθανάτῳ
1651 2091 1842 2127 βλαστήσασαν
1861 2091 1916 2119 σώ-

1128 2146 1204 2174 ματι,
1225 2137 1272 2164 καὶ
1291 2138 1423 2165 ἀθάνατον
1441 2138 1554 2174 ἔχουσαν
1569 2139 1682 2174 τροφὴν,
1704 2140 1720 2165 ὁ
1739 2138 1806 2169 Θεὸς
1833 2137 1916 2165 αὑτὸν

1126 2184 1169 2211 διὰ
1188 2184 1267 2210 τοῦτο
1286 2184 1381 2220 θνητὸν
1403 2185 1561 2220 ἀπεφήνατο
1584 2184 1726 2220 νεκρότητι
1751 2182 1913 2219 περιϐαλών.

289 2235 376 2265 ριειεθα
390 2231 533 2258 mortalem
555 2231 630 2258 illum
647 2231 718 2258 Deus
729 2239 791 2258 esse
810 2232 894 2258 voluit
908 2251 915 2264 ,
942 2239 973 2259 ac
988 2235 1076 2259 morte
1091 2246 1113 2273 υ
1128 2231 1141 2257 Ἰ

1093 2246 1113 2273 D
1128 2230 1213 2257 Τοῦτο
1229 2230 1283 2266 γὰρ
1299 2231 1323 2257 οι
1338 2231 1495 2267 δερμάτινοι
1517 2230 1629 2266 χιτῶνες
1647 2229 1803 2261 ἐϐούλοντο,
1823 2229 1866 2256 ῐνα
1882 2229 1914 2265 δὴ

289 2277 432 2304 lamnavit.
450 2276 508 2304 Hoc
519 2278 591 2304 enim
608 2281 722 2305 scortea:
747 2277 799 2304 illae
821 2279 920 2305 tunicae
934 2278 1073 2314 signiﬁca-

289 2327 360 2355 oant,
378 2326 408 2350 ut
424 2322 553 2350 nimirum
577 2330 692 2358 corpore
707 2323 840 2354 resoluto,
855 2331 935 2351 omne
960 2332 993 2351 ex
1017 2324 1072 2350 imo

1127 2276 1171 2303 διὰ
1186 2277 1236 2312 τῆς
1250 2276 1404 2309 ἀναλύσεως
1416 2277 1472 2312 (57)
1487 2276 1534 2303 τοῦ
1551 2275 1679 2312 σώματος
1695 2276 1712 2311 ἠ
1727 2275 1850 2311 ἁμαρτία
1863 2275 1914 2302 χά-

1125 2322 1212 2350 τωθεν
1235 2323 1423 2358 αὐτόπρεμνος
1443 2323 1518 2349 πᾶσα
1541 2321 1694 2356 διαφθαρῇ,
1711 2319 1749 2352 ὡς
1772 2320 1839 2355 μηδὲ
1863 2321 1916 2348 κᾶν

321 2394 410 2433 ’ἶσοι
426 2413 468 2438 ιιι,
483 2405 528 2432 21.
566 2405 577 2420 ⁸
590 2403 653 2432 Gen.
673 2412 703 2437 ll,
719 2403 764 2435 23,
776 2403 821 2430 24.
861 2404 871 2418 ⁹
885 2402 982 2430 Matth.
1000 2410 1057 2434 six,
1070 2401 1097 2435 ι,
1115 2401 1141 2428 5.

321 2483 376 2519 (ιδ)
393 2483 546 2513 Potiort‘ltus
567 2487 684 2519 auctum,
705 2481 851 2519 dominium
868 2479 1070 2519 obtine_ret._~Sic

288 2514 374 2547 visum
387 2523 429 2546 est
441 2518 620 2554 circumloqui
631 2517 672 2554 το,
684 2516 923 2554 κρατιστεύουσαν·
936 2514 1072 2554 signiticat

287 2555 358 2582 enim
375 2561 472 2581 novam
492 2554 564 2580 illam
583 2550 771 2581 Excellentiam
786 2552 890 2582 peccati
906 2550 932 2577 in
951 2551 1071 2582 homine,

287 2598 318 2617 ex
336 2589 450 2624 subjecti
472 2588 688 2620 immortalitate,
712 2587 766 2614 nisi
781 2587 852 2613 Deus
870 2587 958 2620 ipsum
977 2593 991 2612 a
1006 2592 1071 2620 pec-

287 2629 358 2656 cato,
373 2628 460 2651 morte
474 2624 640 2650 damnasset.

321 2659 377 2694 (49)
398 2660 510 2692 Ιιροηπ.
531 2659 626 2693 Epiph.
642 2658 707 2685 haar.
721 2665 750 2684 n.
773 2656 825 2687 23,
843 2655 950 2683 emend.
967 2663 999 2682 ex
1021 2662 1070 2681 au-

286 2699 357 2728 togr.
368 2693 406 2721 'l’i.
425 2695 453 2720 l'.
473 2693 555 2720 Sirm.

321 2726 377 2764 (50)
398 2728 436 2763 Τῇ
456 2728 574 2763 γυναικὶ
596 2728 698 2755 αὑτοῦ.
721 2728 776 2759 AL,
794 2727 860 2762 πρὸς
885 2726 934 2761 τήν
954 2726 1070 2759 γυναῖκα

285 2764 377 2791 αὑτοῦ.

323 2800 378 2834 (Si)
388 2799 459 2833 Λίχα
471 2798 583 2833 σαρκὸς
593 2796 668 2834 εῖναι
677 2797 868 2834 προχωρήσῃ.
879 2795 950 2823 Edit.
959 2795 1068 2831 Epipll.,

286 2832 413 2869 πιῐιιρζῦὴ
429 2832 527 2870 supra;
538 2834 578 2870 μὴ
590 2832 658 2870 εἶναι
673 2832 854 2870 προχῲρησις,

324 2870 378 2905 (ὕει,
400 2865 497 2899 "LttcL-t.
522 2865 675 2904 E'x'l'lpiph.
693 2865 773 2901 ibid,
795 2865 822 2894 ιι.
840 2867 884 2900 Δῖ,
906 2865 1013 2895 emend.
1036 2873 1068 2893 ex

1123 2478 1204 2506 codd.
1222 2478 1314 2513 Rupit.
1334 2481 1361 2505 et
1377 2477 1460 2504 Sirm.

1161 2514 1217 2548 (53)
1236 2510 1432 2541 Σὺνέσεσθαι.
1457 2511 1502 2539 Sic
1519 2512 1597 2548 edit,
1608 2511 1643 2538 At
1663 2510 1756 2546 Rupif.
1773 2514 1801 2539 et
1817 2510 1912 2543 Sirm.,

1127 2549 1310 2578 auvsvoﬁcOat,
1327 2549 1422 2574 animm
1437 2555 1489 2574 non
1501 2547 1654 2574 uniendam.

1162 2584 1217 2618 (δι)
1234 2584 1302 2611 Κατ’
1313 2582 1434 2618 αὐτοὺς,
1452 2582 1573 2616 φθορᾶς.
1592 2583 1674 2618 lmpr.
1689 2581 1759 2608 κατὰ
1769 2581 1833 2613 τοὺς
1848 2581 1914 2615 φθο-

1128 2619 1200 2653 ρέας,
1215 2617 1452 2653 (-orrupte.SirnI.,
1466 2618 1514 2643 καὶ
1530 2617 1632 2643 ταυτοί.

1159 2654 1214 2689 (55)
1230 2656 1264 2680 Et
1280 2650 1484 2686 ἀξπολάϐωμεν.
1498 2653 1578 2687 lmpr.
1593 2656 1620 2678 et
1636 2651 1729 2684 Sirm.,
1746 2652 1779 2687 ἣν
1792 2650 1914 2686 ἀπολαμ-

1123 2689 1186 2716 ϐάνο
1191 2698 1247 2716 μεν.

1161 2710 1297 2760 ’λίνα
1312 2723 1386 2760 τοίτῂ.
1404 2722 1444 2749 Er
1461 2722 1557 2756 Epiph.
1576 2722 1593 2748 l.
1613 2730 1637 2748 c.
1655 2730 1730 2748 num.
1743 2721 1788 2754 25,
1802 2720 1908 2748 emend.

1124 2767 1156 2787 cx
1173 2761 1234 2786 cmi.
1251 2759 1355 2793 Rupit.
1374 2759 1400 2784 in
1412 2764 1467 2792 quo
1479 2762 1506 2784 et
1520 2765 1580 2791 quae
1594 2761 1756 2793 sequuntur:

1160 2795 1214 2830 (37)
1232 2789 1482 2830 Tﬁc'git~a.ltiéswq
1504 2789 1556 2820 τὸῦ
1577 2789 1723 2828 σώματος.
1747 2791 1840 2825 lmpr.,
1861 2789 1911 2825 τῆς

1123 2828 1225 2862 Haec);
1242 2830 1287 2856 καὶ
1302 2828 1466 2863 διαιρέσεως.
