2131 3167
151 202 205 231 2C9

689 199 735 227 EX
755 197 859 227 LIBRO
878 197 922 226 DE
942 194 1246 226 RESURRECTIONE.

1730 193 1784 222 2'10

151 263 321 301 βραχύτατον
334 262 412 298 ῥίζης
423 262 538 297 ὲαθῆναι
552 261 645 298 μέρος,
659 260 706 296 ἀφ’
717 257 748 288 οὗ
759 260 819 288 νέαι
831 259 943 295 suum
957 263 981 290 Α

957 263 981 290 Α
995 262 1138 294 peccatum
1155 256 1283 292 stirpitus
1297 258 1458 284 enecaretur
1469 274 1477 286 .
1504 261 1536 281 ac
1558 261 1593 282 ne
1617 253 1785 281 tenuissima:

151 310 234 338 ww
247 310 455 346 ἁμαρτημάτων
471 308 686 340 ἀναὸλύζωνται.

186 399 225 425 Β.
243 397 378 432 Καθάπερ
391 396 460 431 (57⁵)
473 395 528 432 γὰρ
543 396 573 422 ὲν
589 394 786 430 οἰκοδομήμασι
803 393 875 420 ναῶν
893 402 943 420 κα-

149 443 209 475 λοῖς
226 443 283 478 (58)
299 443 369 478 συκῆ
385 441 556 478 γεννηθεῖσα,
570 441 618 468 καὶ
633 441 673 472 είς
691 440 818 467 ἔκστασιν
832 439 879 466 καὶ
896 439 944 473 μέ-

147 489 230 523 γεθος
251 489 459 525 εὐτραφήσασα,
478 488 526 514 καὶ
550 487 597 514 ἐπὶ
621 487 713 518 πάσας
740 485 790 518 τάς
811 485 943 521 ἁρμονίας

148 534 370 570 πολυκλημάτοις
383 534 472 569 ῥίζαις
482 533 537 560 τῶν
547 533 628 560 λίθων
638 532 786 568 κεχυμένη,
801 532 832 559 οὺ
845 532 944 568 πρότε-

149 588 199 616 ρον
209 579 257 607 τοῦ
268 579 345 614 φύειν
357 579 506 611 στέλλεται,
517 579 569 610 ἕως
579 579 655 605 πᾶσα
664 577 839 613 ἀποσπασθῇ,
852 577 944 604 λυθέν-

147 633 205 651 των
217 624 273 651 τῶν
289 624 349 651 καθ’
371 623 418 656 οὓς
433 623 584 659 ὲελάστησε
599 623 699 656 τόπους
713 623 767 650 τῶν
783 623 879 650 λίθων·
899 623 944 649 δυ-

147 671 230 697 νατὸν
245 670 300 705 γὰρ
309 672 350 702 εις
363 670 426 702 τοὺς
437 669 542 697 ἑαυτῶν
556 669 758 706 ὲναρμοσθῆναι
769 670 869 702 τόπους
882 670 944 701 τοὺς

147 716 251 748 λίθους,
263 716 313 751 τῆς
329 716 416 751 συκῆς
430 715 621 752 ἀφῃρημένης,
634 716 709 747 ὅπως
719 716 734 742 ὁ
749 715 799 751 μὲν
812 715 876 747 ναὸς
892 714 945 742 ad:-

148 763 242 799 ζηται,
253 762 336 798 μηδὲν
348 762 402 788 τῶν
415 761 602 796 ἀφανιζόντων
617 761 698 788 αὑτὸν
712 761 805 788 κακῶν
815 762 844 788 ἐν
857 761 946 796 ἑαυτῷ

150 810 252 845 μηκέτι
266 808 356 844 φέρων
366 827 374 840 ,
385 809 402 844 ἡ
418 808 446 834 δὲ
459 808 530 842 συκῆ
544 808 727 844 προθέλυμνος
739 807 945 834 ἀποσπασθεῖσα

148 856 291 892 ἀποθάνῃ·
309 855 379 882 κατά
394 854 482 882 ταῦτα
493 855 542 881 καὶ
555 856 569 881 ὸ
580 854 647 885 Θεὸς
657 855 672 880 ὁ
685 854 808 890 τεχνίτης
822 854 868 880 τὸν
882 854 946 880 ἑαυ-

148 902 198 929 τοῦ
216 901 280 932 νεὼ,
303 901 348 927 τὸν
373 900 527 936 ἄνθρωπον,
550 900 628 936 δίκην
653 900 753 935 ἀγρίας
777 899 872 934 συκῆς,
895 899 945 934 τὴν

148 946 290 982 ἁμαρτίαν
305 945 503 980 βλαστήσαντα,
517 943 665 971 διεκώλυσε
679 944 795 971 θανάτου
812 943 944 978 προσκαι-
961 940 981 967 Β

150 1000 209 1028 ροις
226 991 390 1027 προσσολατς
399 999 406 1006 ·
420 989 600 1023 ἀποκτείνων,
613 989 683 1016 κατά
696 990 727 1016 τὸ
740 989 942 1025 γεγραμμένον,

149 1039 200 1065 καὶ
213 1037 369 1070 ζωοποιῶν·
386 1037 429 1064 ῐνα
443 1037 524 1065 πάλιν
541 1037 597 1063 τῶν
612 1036 702 1062 αὐτῶν
722 1037 738 1071 ὴ
756 1034 825 1071 σὰρξ
842 1035 943 1071 μερῶν,

151 1083 223 1120 μετά
237 1084 268 1111 τὸ
281 1083 447 1120 ξηρανθῆναι
461 1083 508 1110 καὶ
522 1083 668 1110 ἀποθανεῖν
682 1082 713 1108 τὸ
728 1082 890 1118 ἁμάρτημα,
905 1081 945 1108 δί-

150 1137 205 1164 κην
219 1127 508 1164 ἀνακαινοποιηθάντος
523 1127 599 1160 ναοῦ,
616 1126 750 1158 ἀθάνατος
764 1126 812 1152 καὶ
827 1126 945 1161 ἀπήμων

149 1175 264 1211 ἐγερθῇ,
288 1174 387 1206 τελέως
409 1175 442 1201 ὲκ
459 1174 567 1210 βάθρων
591 1172 763 1208 ἀπολομένης
783 1172 832 1207 τῆς
853 1172 944 1207 ἀμαρ-

149 1222 222 1253 τίας.
240 1220 347 1252 Ζῶντος
363 1220 418 1256 γὰρ
437 1219 477 1246 ἔτι
497 1219 544 1246 τοῦ
561 1219 697 1254 σώματος,
715 1217 768 1254 πρὸ
787 1217 834 1244 τοῦ
850 1217 945 1253 τεθνή-

150 1268 261 1302 ξασθαι,
280 1267 363 1302 συζῇν
379 1267 486 1302 ἀνάγκη
503 1266 550 1293 καὶ
566 1265 616 1301 τὴν
637 1264 786 1300 ἁμαρτίαν,
801 1263 874 1290 ἔνδον
896 1264 946 1296 τὰς

151 1314 231 1350 ῥίζας
244 1313 330 1348 αὐτῆς
346 1313 376 1338 ὲν
392 1313 458 1348 ἡμῖν
480 1310 726 1347 ἀποκρύπτουσαν,
746 1310 771 1335 εί
787 1309 834 1335 καὶ
847 1308 945 1341 ἔξωθεν

149 1361 249 1395 τομαῖς
258 1360 320 1391 ταῖς
332 1358 387 1386 ἀπὸ
397 1357 451 1385 τῶν
463 1356 661 1393 σωφρονισμῶν
677 1355 744 1391 (59),
758 1354 806 1382 καὶ
817 1354 871 1381 τῶν
886 1362 946 1381 νου-

150 1405 288 1441 θετήσεων
302 1404 486 1432 ἀνεστέλλετο.
510 1403 586 1430 Ἐπεὶ
602 1401 649 1430 οὖν
660 1403 710 1429 οὐκ
721 1401 753 1429 ἀν
767 1400 836 1437 μετά
847 1400 877 1428 τὸ
893 1409 947 1434 φω-

149 1451 277 1487 τισθῆναι
301 1450 458 1478 συνέϐαινεν
477 1449 591 1481 ἀδικεῖν,
613 1449 661 1476 ἆτε
680 1449 853 1475 παντάπασιν
879 1447 945 1474 είλι-

151 1497 253 1534 κρινῶς
263 1497 444 1534 ἀφῃρημένης
459 1495 506 1531 ἀφ’
523 1495 602 1531 ἡμῶν
618 1495 669 1530 τῆς
684 1494 830 1530 ἁμαρτίας.
847 1493 904 1520 Νῦν
917 1493 946 1520 δὲ

148 1545 199 1572 καὶ
217 1543 288 1580 μετά
302 1544 332 1570 τὸ
351 1542 510 1575 πιστεῦσαι,
528 1543 577 1569 καὶ
591 1542 637 1568 ἐπὶ
653 1541 683 1568 τδ
703 1541 776 1577 ὕδωρ
796 1540 883 1568 ἐλθεῖν
899 1539 946 1567 τοῦ

150 1589 301 1625 ἀγιασμοῦ,
319 1589 448 1621 πολλάκις
459 1589 487 1615 ὲν
500 1587 648 1624 ἁμαρτίαις
660 1587 737 1618 δντες
748 1586 945 1623 εὑρισκόμεθα.

151 1635 248 1666 οὐδεὶς
265 1635 320 1670 γὰρ
334 1635 420 1666 οὕτως
433 1634 571 1670 ἁμαρτίας
589 1633 667 1664 ἐκτὸς
681 1631 751 1660 εἶναι
766 1634 944 1669 καυχήσεται,

151 1682 191 1713 ὡς
204 1680 272 1716 μηδὲ
282 1681 334 1708 κᾶν
343 1680 528 1715 ἐνθυμηθῆναι
537 1679 567 1705 τὺ
575 1678 683 1705 σύνολον
690 1678 758 1710 ὅλως
769 1678 816 1714 τὴν
827 1678 944 1705 ἀδικίαν.

152 1726 236 1752 Ὥστε
254 1725 412 1761 ωμὸέόηκε
427 1725 483 1760 (60)
501 1723 693 1751 συστέλλεσθαι
709 1724 769 1757 μὲν,
790 1724 838 1751 καὶ
849 1732 946 1750 κατευ-

151 1771 282 1804 νᾶζεσθαι
295 1773 328 1807 τῇ
345 1771 434 1797 πίστει
446 1770 494 1798 νῦν
508 1771 558 1806 τὴν
571 1770 720 1806 ἁμαρτίαν,
738 1771 778 1802 είς
793 1770 825 1796 τὺ
842 1770 879 1806 μὴ
896 1769 947 1805 φύ-

152 1825 198 1845 σαι
216 1817 272 1853 (61)
290 1817 414 1853 καρποὺς
435 1815 622 1851 βλασοποιους,
640 1816 670 1842 οὐ
695 1815 747 1851 μὴν
771 1815 947 1850 ἀνασπασθῆ-

151 1873 198 1892 ναι
223 1865 271 1891 καὶ
292 1863 348 1890 τῶν
368 1862 450 1899 ῥιζῶν
480 1862 569 1898 ἄχρις.
592 1861 650 1888 Νῦν
674 1862 723 1897 μὲν
753 1861 870 1898 ἐνταῦθα
897 1863 947 1894 τὰς

153 1911 273 1947 βλάστας
291 1909 387 1944 αὐτῆς,
410 1906 466 1936 οἷον
487 1908 538 1940 τὰς
560 1907 724 1944 ἐνθυμήσεις
752 1908 801 1940 τὰς
813 1909 944 1944 πονηρὰς,

154 1955 347 1991 συστέλλομεν,
369 1955 406 1990 μή
427 1963 470 1986 τις
488 1954 551 1989 ῥίζα
565 1954 677 1990 πικρίας
694 1954 750 1981 ἄνω
779 1954 883 1989 φύουσα
903 1956 945 1981 ὲν-

153 2002 270 2038 οχλήσῃ,
293 2002 330 2036 μὴ
346 2001 444 2031 ἐῶντες
457 2000 600 2036 ἀναμὺειν,
611 2001 659 2026 καὶ
674 2000 839 2035 διοίγνυσθαι
852 2000 887 2027 τά
899 2009 947 2036 με-

155 2048 264 2084 μυκότα
276 2047 375 2082 στόμια
391 2046 459 2082 πρὸς
479 2046 528 2078 τὰς
544 2047 673 2081 ἐκφύσεις
683 2055 689 2062 ·
712 2047 760 2074 τοῦ
774 2047 852 2082 λόγου
869 2048 947 2082 δίκην

155 2094 252 2128 ὀξίνης
274 2092 343 2126 πρὸς
365 2092 414 2124 τὰς
437 2091 515 2127 ῥίζας
536 2092 622 2127 αὐτῆς
643 2092 691 2124 τὰς
710 2093 785 2120 κάτω
809 2094 948 2128 φυομένας

959 1612 980 1640 C

993 303 1106 338 quidem
1121 302 1196 330 librae
1214 305 1398 333 remanerent,
1414 300 1486 328 unde
1501 307 1572 328 nova
1591 299 1708 328 subinde
1722 306 1784 334 ger-

993 349 1068 377 mina
1085 352 1262 383 peccatorum
1283 352 1467 382 erumperem.

1030 393 1063 422 γ.
1087 393 1123 421 Ut
1138 393 1211 422 enim
1228 393 1382 429 magniﬁcis
1397 393 1560 428 templorum
1581 393 1726 421 structuris
1739 400 1786 420 ca-

994 439 1108 474 priﬁcus
1123 445 1261 470 crescens,
1280 443 1363 473 atque
1377 439 1404 465 in
1420 438 1566 465 maximam
1577 437 1785 472 amplitudinem

995 485 1167 517 adolescens,
1184 488 1212 512 et
1225 484 1424 519 multiplicibus
1448 484 1571 511 radicum
1597 484 1718 512 brachiis
1736 492 1785 519 per

994 539 1091 559 omnes
1104 531 1225 566 lapidum
1240 530 1339 558 diﬂ'usa
1351 538 1508 566 compages,
1523 538 1577 558 non
1593 531 1670 566 prius
1691 538 1787 559 excre-

995 585 1073 605 scere
1090 585 1122 605 ac
1149 577 1282 612 pullulare
1312 576 1422 609 desinit,
1438 584 1522 612 quam
1547 577 1669 612 disjectis
1697 584 1730 604 ex
1754 585 1787 605 eo

997 623 1068 651 unde
1083 629 1164 652 enata
1183 630 1226 652 est
1254 624 1314 651 loco
1337 624 1483 659 lapidibus,
1499 627 1556 651 tota
1571 623 1679 659 penitus
1693 624 1787 651 evulsa

995 670 1125 698 concidat
1140 679 1147 697 :
1166 675 1224 698 tum
1240 670 1324 704 enim,
1341 670 1448 698 sublata
1457 670 1596 706 capriﬁco.
1610 670 1715 705 lapides
1729 670 1788 698 suis

997 716 1065 743 locis
1079 719 1195 751 possunt
1207 716 1325 748 restitui.
1346 719 1375 742 ut
1392 719 1418 743 et
1430 716 1560 751 templum
1573 716 1662 751 ipsum
1679 716 1787 743 incolu-

996 770 1040 790 ne
1053 766 1189 795 servetur,
1213 769 1275 789 cum
1293 762 1397 788 nullum
1424 762 1540 797 amplius
1568 770 1602 789 ex
1626 762 1660 790 iis
1688 762 1789 797 quibus

997 809 1181 841 uertebatur,
1197 807 1378 835 incommodis
1390 808 1504 841 habeat;
1519 807 1664 842 capriﬁcus
1674 817 1738 836 vero
1754 809 1790 836 ab

997 856 1060 883 imis
1080 855 1222 883 radicibus
1237 855 1332 883 evulsa
1348 855 1501 883 moriatur:
1518 855 1552 882 ad
1568 855 1693 883 eumdem
1709 856 1790 890 plane

997 901 1108 929 modum
1124 899 1220 929 artifex
1236 901 1282 928 ille
1296 900 1379 933 Deus,
1393 901 1523 936 templum
1535 908 1625 933 suum,
1638 901 1787 934 hominem,

996 947 1042 981 qui
1058 950 1211 982 peccatum,
1225 946 1347 981 caprifici
1376 946 1519 981 cujusdam
1542 947 1638 977 instar,
1652 946 1791 981 produxe-

996 997 1048 1025 rat,
1072 992 1169 1020 mortis
1199 992 1233 1019 ad
1260 997 1367 1027 tempus
1395 993 1593 1027 impressione.
1613 992 1790 1021 fruticatione

996 1038 1114 1065 inhibuit
1136 1038 1192 1073 (63)
1207 1047 1213 1064 :
1231 1040 1278 1072 qui
1289 1038 1366 1072 juxta
1380 1039 1453 1073 quod
1465 1039 1596 1073 scriptum
1613 1043 1655 1066 est
1666 1040 1698 1071 ¹⁸,
1715 1040 1790 1066 occi-

995 1083 1043 1110 dat
1059 1087 1086 1110 et
1099 1083 1191 1110 vivere
1203 1082 1302 1110 faciat:
1318 1088 1348 1110 ut
1365 1083 1462 1110 iisdem
1479 1083 1602 1118 partibus
1611 1091 1685 1115 caro,
1699 1085 1790 1112 exsico

996 1132 1058 1155 cato
1081 1127 1318 1162 intermortuoque
1331 1132 1453 1162 peccato.
1472 1127 1545 1154 velut
1558 1128 1686 1162 templum
1701 1129 1790 1163 quod-

995 1173 1058 1201 dam
1072 1174 1266 1206 instauratum,
1284 1174 1447 1202 immortalis
1464 1174 1620 1209 illesaque,
1649 1174 1757 1202 sublato
1773 1182 1788 1202 a

996 1219 1182 1247 fundamentis
1214 1219 1413 1256 proﬂigatoque
1452 1224 1584 1256 peccato,
1624 1226 1790 1256 resurgeret.

997 1266 1103 1295 Etenim
1117 1266 1239 1302 quandiu
1254 1274 1355 1301 corpus
1377 1267 1454 1299 vivit,
1472 1274 1522 1294 nec
1545 1266 1635 1294 adhuc
1650 1273 1788 1294 mortuum

996 1317 1054 1346 est,
1070 1320 1133 1340 cum
1147 1320 1180 1340 eo
1193 1313 1284 1341 vivere
1299 1317 1442 1347 peccatum
1468 1320 1581 1340 necesse
1609 1316 1669 1344 est,
1695 1318 1722 1340 et
1740 1320 1790 1340 OC-

997 1358 1086 1385 cultas
1103 1359 1130 1385 in
1147 1358 1228 1385 nobis
1244 1358 1352 1386 radices
1369 1365 1466 1393 agere,
1483 1358 1660 1392 quantumvis
1674 1358 1787 1393 quibus-

996 1403 1060 1431 dam
1074 1403 1149 1431 velut
1163 1403 1373 1438 castigationum
1398 1403 1695 1438 reprehensionumque
1709 1408 1789 1438 puta-

996 1448 1117 1476 tionibus
1135 1451 1306 1475 coerccatur.
1335 1447 1461 1482 Alioquin
1475 1452 1535 1481 post
1549 1447 1712 1482 baptismum
1727 1448 1790 1474 nul-

997 1494 1053 1521 lum
1069 1494 1125 1528 jam
1140 1493 1232 1532 scelus
1255 1497 1461 1528 perpetramus,
1487 1497 1663 1529 posteaquam
1694 1501 1792 1529 pecca-

997 1544 1055 1567 tum
1070 1546 1086 1566 a
1100 1539 1181 1567 nobis
1194 1539 1326 1566 funditus
1347 1543 1420 1567 esset
1436 1538 1583 1566 sublatum.
1608 1539 1689 1574 Atqui
1706 1540 1790 1567 etiam

996 1590 1058 1622 post
1068 1590 1224 1620 susceptam
1240 1585 1330 1617 tidem,
1343 1593 1374 1612 ac
1395 1590 1538 1621 postquam
1555 1585 1588 1613 ad
1605 1593 1702 1620 aquam
1716 1585 1791 1614 illam

998 1632 1216 1660 sanctiﬁcantem
1232 1633 1417 1665 accessimus,
1445 1634 1515 1667 saepe
1541 1632 1661 1668 peccatis
1679 1632 1790 1659 obnoxii

998 1679 1165 1706 invenimur.
1183 1678 1277 1714 Neque
1293 1679 1366 1706 enim
1380 1678 1448 1706 adeo
1461 1686 1490 1706 se
1507 1679 1655 1706 immunem
1667 1678 1701 1705 ab
1714 1677 1790 1705 omni

998 1728 1112 1760 peccato
1128 1724 1239 1760 gloriari
1253 1723 1389 1758 quispiam
1409 1727 1509 1758 potest,
1529 1727 1557 1750 ut
1571 1731 1605 1750 ne
1625 1724 1791 1758 cogitatione

999 1770 1109 1806 quidem
1137 1770 1227 1798 scelus
1252 1769 1337 1796 ullum
1355 1769 1489 1796 admittat.
1505 1769 1596 1802 Quare
1625 1769 1740 1801 accidit,
1760 1773 1791 1796 ut

1000 1816 1082 1843 modo
1094 1815 1204 1850 quidem
1228 1820 1371 1849 peccatum
1398 1815 1451 1842 iide
1470 1815 1634 1850 reprimatur
1649 1819 1676 1842 ct
1690 1822 1792 1842 conso-

999 1862 1100 1897 piatur,
1117 1866 1146 1888 ut
1159 1869 1193 1889 ne
1205 1861 1376 1896 perniciosos
1397 1861 1503 1888 fructus
1525 1862 1651 1893 emittat;
1672 1868 1726 1887 non
1749 1865 1791 1888 ta-

999 1915 1061 1935 men
1071 1912 1100 1934 ut
1110 1908 1222 1935 omnino
1239 1915 1271 1935 ac
1286 1908 1419 1936 radicitus
1431 1908 1632 1943 exstinguatur.
1641 1906 1787 1940 Quocirca.

999 1961 1072 1981 nunc
1086 1954 1196 1989 quidem
1212 1953 1286 1982 illius
1303 1954 1435 1989 germina,
1452 1961 1550 1989 pravas
1574 1953 1702 1980 nimirum
1717 1954 1792 1988 cogi-

998 2000 1126 2032 lationes,
1143 2000 1315 2033 inhibemus;
1331 2008 1363 2027 ne
1372 2009 1424 2036 qua
1438 1999 1518 2026 radi:
1531 1999 1719 2026 amaritudinis
1733 2007 1791 2025 tur-

998 2053 1057 2073 sum
1073 2046 1223 2081 germinans
1236 2046 1269 2078 “,
1285 2046 1437 2073 molestiam
1463 2045 1542 2072 nobis
1563 2044 1657 2072 all‘erat
1671 2052 1677 2069 :
1693 2051 1725 2071 ac
1740 2051 1791 2072 nec

999 2097 1108 2128 apertas
1124 2092 1157 2120 ad
1178 2092 1366 2128 pullulandum
1392 2093 1449 2120 vias
1471 2099 1504 2119 ac
1522 2092 1688 2126 spiramenta
1707 2090 1786 2118 dehi-

154 2139 312 2175 τέμνοντος.
330 2139 396 2165 Τότε
419 2139 466 2165 καὶ
488 2139 518 2165 τδ
539 2138 607 2170 ὅλως
629 2138 866 2174 ἐνθυμηθὴσεσθαι
884 2139 948 2174 περὶ
993 2158 995 2163 ι

993 2146 1077 2166 .scere
1090 2146 1122 2166 ac
1135 2138 1258 2173 pateﬁeri
1283 2139 1400 2166 sinimus
1410 2158 1417 2170 ,
1438 2138 1531 2165 divino
1547 2137 1636 2165 Verbo
1648 2157 1657 2170 ,
1685 2137 1790 2165 securis

155 2185 257 2217 κακίας
271 2184 405 2220 ἀφανισθή
410 2193 494 2212 σεται.

1000 2185 1098 2215 instar,
1115 2183 1277 2212 fruticantes
1300 2183 1447 2211 identidem
1474 2184 1508 2211 ab
1523 2183 1614 2211 radice
1629 2184 1728 2217 stirpes
1740 2190 1789 2210 ex-

156 2232 276 2261 cidente.
291 2232 326 2258 At
346 2231 374 2258 in
391 2229 483 2258 futuro
495 2230 544 2257 illo
557 2233 643 2263 statu,
659 2231 724 2257 mali
736 2230 826 2257 omnis
840 2230 882 2257 vel
897 2229 988 2256 futura
1004 2230 1138 2264 cogitatio
1158 2230 1279 2257 tolletur.

192 2277 239 2310 ς’.
259 2277 328 2313 Φέρε
343 2276 398 2312 (6‘2)
416 2275 480 2311 γὰρ,
498 2276 608 2302 ἐπειδὰν
626 2275 731 2302 πολλῶν
746 2276 786 2302 δεῖ
801 2276 855 2302 τῶν
882 2276 946 2311 περὶ
963 2284 985 2311 ο

963 2284 985 2311 ο
1033 2275 1079 2303 Vl.
1100 2276 1156 2311 Age
1170 2276 1255 2308 enim,
1269 2276 1398 2311 quoniam
1409 2275 1502 2303 multis
1514 2282 1606 2302 rerum
1620 2274 1789 2308 ejuscemodi

155 2323 192 2351 τὰ
212 2323 324 2351 τοιαῦτα
345 2321 584 2359 παραδειγμάτων,
598 2322 723 2348 ἐντεῦθεν
739 2322 810 2349 αὺτά
831 2321 947 2357 μάλιστα

158 2369 354 2404 σκεπτώμεθα,
376 2369 413 2404 μὴ
438 2368 617 2402 ἀφιστάμενοι
639 2369 703 2403 πρὶν
721 2368 754 2394 ἀν
777 2369 817 2399 είς
841 2367 949 2403 εὑδηλο-

155 2416 243 2451 τέραν
263 2415 410 2450 ἑρμηνείαν
438 2413 647 2449 ἀποτελευτήσει
660 2414 706 2440 καὶ
721 2413 857 2446 ἀπόδειξιν
874 2414 888 2440 ὁ
904 2413 948 2439 λό-

155 2469 215 2496 γος.
228 2461 354 2487 Φαίνεται
368 2461 457 2488 τοίνυν
469 2460 562 2496 ὥσπερ
577 2460 604 2485 ετ
619 2468 660 2491 τις
674 2460 840 2496 δημιουργὸς
853 2460 947 2495 ἄκρος,

195 2560 218 2576 ¹⁶
228 2559 307 2586 Deut.
321 2567 409 2592 xuii,
426 2560 470 2588 39.
504 2560 524 2575 “
544 2558 610 2587 Heli.
626 2567 676 2592 xu,
692 2559 720 2587 5.

195 2650 265 2686 (δῖ’)
279 2649 394 2686 Καθρπ.
404 2649 451 2686 Et
461 2649 637 2686 Epiphtbazr.
649 2657 678 2676 ιι.
690 2649 735 2676 95.

207 2683 385 2718 58)Καλοῒς.
402 2683 600 2721 nunquam,
615 2684 730 2721 Etrmox,
746 2684 946 2721 εὒτροερήσασα.

208 2721 254 2754 59)
269 2720 497 2754 Σωφρωισμών.
518 2721 567 2748 Ms.
585 2719 690 2754 Rupili.
707 2719 864 2754 συμφορῶν.

207 2755 252 2790 60)
268 2753 448 2790 Σιθμὸέϐηκε.
474 2755 557 2788 Edit.,
571 2753 730 2790 συνέστηκε.

158 2789 331 2822 ςυνάςεσθαι,
343 2790 407 2825 εοιίἐ
423 2789 512 2825 Rup.t
520 2789 704 2823 κατευνάζειν.

207 2826 252 2856 6H
270 2825 375 2855 Φύσέιι.
389 2823 474 2856 Εὐὶι,ζ
487 2823 568 2851 οῐσαι.

207 2829 252 2896 6!;
270 2829 375 2855 Φύσέιι.
390 2829 472 2856 nam.
487 2829 568 2851 οίσαι.
589 2860 594 2865 .

207 2861 250 2900 62.
269 2860 351 2900 ςτέρεε
368 2869 434 2900 κητ-
451 2860 476 2887 λι
487 2859 643 2900 βδβρψιμ
663 2860 750 2900 ηκ2⁷ι
934 2894 946 2900 -

208 2895 254 2931 65)
270 2895 449 2923 Fruticatione
485 2895 606 2931 inhibuit.
620 2896 783 2928 Διεκώλυσε,
793 2902 891 2930 nempe
901 2895 948 2921 τοῦ

160 2931 331 2968 βλαστάνειν.
346 2931 406 2960 Alia
425 2930 505 2960 lectio
518 2930 651 2966 Epiphan.
669 2931 773 2959 διέλυσε
785 2931 867 2960 etiam
882 2938 947 2959 con-

771 2761 806 2782 ox
818 2762 867 2790 pro
882 2762 949 2780 κατ-

1000 2322 1133 2356 exemplis
1145 2329 1215 2357 opus
1233 2325 1275 2349 est
1291 2321 1348 2357 (64)
1359 2341 1366 2354 ,
1392 2321 1455 2348 hinc
1469 2321 1641 2356 potissimum
1657 2322 1709 2348 ista
1725 2329 1792 2348 con-

1002 2368 1171 2400 sideremus;
1188 2376 1276 2404 neque
1300 2369 1376 2402 prius
1391 2368 1425 2395 ab
1440 2375 1472 2395 eo
1487 2371 1648 2403 argumento
1667 2367 1792 2395 disceda-

1002 2422 1064 2441 mus
1077 2434 1084 2445 ,
1104 2422 1186 2449 quam
1203 2414 1230 2441 in
1245 2414 1388 2441 clariorem
1404 2413 1613 2448 explicationem
1630 2421 1662 2440 ac
1692 2413 1790 2447 proba-

1002 2460 1102 2487 tionem
1128 2463 1222 2487 nostra
1246 2459 1357 2487 desierit
1377 2460 1474 2487 oratio.
1491 2459 1605 2487 Perinde
1629 2459 1710 2494 igitur
1722 2467 1791 2486 con-

1021 2647 1085 2675 ruit.

1003 2655 1095 2717 vis?)
1113 2681 1246 2714 Quoniam
1266 2681 1358 2709 multis
1380 2690 1467 2709 rerum
1492 2682 1650 2716 tjuscemodi
1665 2682 1790 2715 exempli:

1003 2726 1067 2753 opus
1084 2721 1132 2744 est.
1157 2717 1286 2753 Ἐπειδὰν
1297 2717 1402 2743 πολλῶν
1416 2718 1456 2744 δεῖ
1479 2718 1527 2743 τῶν
1544 2718 1608 2753 περὶ
1626 2718 1659 2743 τὰ
1680 2725 1792 2744 τοιαυτα

1004 2751 1244 2788 τὲαραδειγμὰτων.
1265 2751 1403 2780 Transitio
1419 2757 1462 2780 est
1480 2753 1514 2779 ab
1533 2751 1656 2786 exemplo
1669 2753 1790 2786 capriﬁci

1003 2793 1029 2817 et
1046 2787 1138 2822 templi
1156 2787 1189 2813 ad
1204 2789 1356 2822 exemplum
1374 2788 1474 2820 simile,
1491 2788 1548 2814 vitii
1563 2788 1694 2821 labisque,
1713 2791 1739 2814 et
1752 2789 1791 2814 si-

1002 2823 1135 2855 mulacri;
1156 2822 1185 2849 in
1200 2823 1300 2857 quibus
1315 2823 1449 2851 ambobus
1465 2823 1569 2851 destrui
1588 2826 1711 2856 oporteat
1725 2824 1776 2850 sub

1003 2859 1102 2893 iectum
1115 2858 1213 2886 iterum
1228 2858 1446 2890 instaurandum,
1458 2864 1487 2885 ut
1497 2862 1590 2893 pereat
1603 2858 1675 2892 quod
1690 2859 1790 2884 malum

1002 2894 1129 2921 accessit.
1144 2893 1201 2920 Non
1213 2894 1280 2920 satis
1294 2894 1400 2921 videtur
1415 2894 1567 2928 exprimere
1582 2893 1715 2926 interpres
1729 2893 1791 2928 Epi-

1001 2930 1094 2964 phmii
1109 2939 1116 2958 :
1132 2928 1262 2963 Quoniam
1278 2929 1367 2958 multis
1382 2929 1416 2957 ad
1432 2928 1459 2957 id
1474 2929 1598 2964 eaemplis
1612 2937 1674 2962 opus
1683 2933 1737 2958 Μ.
