2131 3167
226 187 280 214 277

760 184 803 212 EX
825 183 926 212 LIBRO
944 183 989 211 DE
1005 180 1309 211 RESURRECTIONE.

1784 172 1836 200 278

227 247 335 282 μένους,
360 247 377 282 ἢ
400 245 584 282 γαμήσοντας,
605 245 623 281 ἢ
646 246 872 281 γεννησομὲνους,
897 245 954 271 ἀλλ’
970 244 1007 275 ὡς
1022 246 1067 275 ΑΙ

996 252 1007 275 ς
1022 246 1044 275 Α
1060 249 1110 270 nec
1124 240 1250 269 morituri
1267 239 1323 267 sint
1349 236 1477 272 amplius,
1488 241 1539 262 nec
1561 232 1708 282 eopulandi
1725 231 1837 282 nuptiis,

226 291 357 326 ἀγγέλους
380 291 594 326 ἀμεταστρόφως
615 291 645 318 ὲν
672 291 809 326 ἀφθαρσίᾳ
844 290 879 317 τὰ
907 290 1007 325 ἄριστα

226 337 386 372 πράξοντας.
401 335 446 362 Διδ
463 336 583 372 ληρῶδες
596 337 627 363 τὺ
646 337 675 363 ὲν
687 337 752 372 ποίᾳ
765 337 884 371 διαγωγῇ
898 336 959 362 τότε
974 335 1006 371 δὴ

224 371 268 408 τά’
274 382 386 417 σώματα.
400 371 506 409 ἔσονται
521 382 656 416 λέγεσθαι,
674 383 743 418 μήτε
757 383 845 418 ἀέρος,
862 382 929 417 μήτε
943 381 1005 416 γῆς,

225 428 295 463 μήτε
311 426 364 455 τιῖιν
379 427 466 454 ἄλλων
485 428 631 463 ἐσομένων.

261 558 289 584 ι’.
311 557 402 590 Ἄξιον
425 557 454 584 δὲ
473 556 527 592 (88)
551 556 662 583 κάκεῖνο
684 557 751 593 πρὸς
775 557 830 588 τοῖς
853 557 1007 592 εἰρημένοις

223 602 393 633 ἐπισκοπεῖν,
404 601 442 633 ὠς
456 601 513 636 ἔχει
523 600 623 636 πολλὴν
633 600 780 627 διάπτωσιν
789 620 797 632 ,
818 601 841 627 ει
851 600 892 627 δεῖ
900 602 1007 636 παρρη-

224 645 286 673 σίαν
302 646 379 680 ἄγειν
396 646 460 681 περὶ
476 645 652 682 τηλικούτων,
678 645 844 680 ¹Δγλαοφῶν.
865 646 1007 681 Ἔφρασας

222 691 279 728 τάρ
293 691 484 727 ἀποφήνασθαι
496 692 543 718 τὸν
559 691 672 727 Κύριον,
682 691 721 724 ὡς
735 691 760 718 οι
770 691 820 726 τῆς
834 692 1008 723 ἀναστάσεως

222 737 380 772 τευξόμενοι
402 737 523 764 ἔσονται
538 736 599 763 τότε
618 737 658 770 ὡς
679 737 811 772 ἄγγελοι,
833 737 896 764 ἔνθα
910 737 1007 772 πειρά-

221 782 315 813 ζουσιν
334 782 414 809 αὐτὸν
428 784 452 809 οἱ
470 782 652 810 Σαδδουκαῖοι.
679 782 826 819 Ἔτιέφερες
845 780 892 809 οὖν
903 791 910 797 ·
926 783 957 809 οι
979 782 1008 809 δὲ

221 827 343 861 ἄγγελοι,
357 827 434 859 ὲκτὺς
445 827 521 860 ὅντες
537 827 649 862 σαρκὸς,
665 828 694 855 ὲν
713 828 912 864 μακαριότητος
925 828 1008 864 ἀκρό-

221 881 294 908 τητι,
308 872 352 900 διὰ
371 873 450 899 τοῦτο
474 873 523 900 καὶ
548 873 627 909 δόξης
641 873 712 901 εισι·
735 874 782 901 καὶ
800 874 873 909 ἡμᾶς
889 874 918 900 δὲ
941 873 1006 909 ἀρα,

1057 291 1103 315 aut
1116 285 1291 322 procreanda
1312 283 1399 312 soboli
1419 287 1529 316 operam
1545 278 1646 310 daturi,
1662 277 1709 306 sed
1730 275 1839 311 angelo-

1057 340 1118 360 rum
1145 339 1231 365 more,
1246 331 1306 358 sine
1331 329 1387 356 ulla
1414 326 1573 357 mutatione,
1594 323 1742 351 immortali
1766 325 1838 349 statu

1057 376 1213 405 felicissime
1224 374 1322 402 victuri
1337 373 1404 408 (90).
1416 370 1586 404 Proindeque
1597 372 1639 396 est
1646 367 1759 397 stultum
1766 374 1837 402 qua:-

1057 431 1130 456 rere,
1141 429 1260 458 quanam
1271 421 1334 448 vita:
1346 419 1453 447 ratione
1467 424 1552 445 usura
1567 416 1622 444 sint
1637 421 1764 449 corpora,
1776 419 1838 440 cum

1056 475 1145 503 neque
1160 475 1217 500 aer,
1230 472 1318 500 neque
1329 468 1413 496 terra,
1422 470 1511 499 neque
1521 461 1668 496 quidquam
1678 462 1839 487 ceterorum

1057 514 1093 541 sit
1106 512 1223 547 amplius
1241 510 1375 537 futurum.

1092 558 1126 586 Χ.
1142 558 1183 585 Ad
1197 557 1255 584 haec
1269 563 1335 583 vero
1362 557 1404 582 est
1420 557 1447 582 et
1473 553 1539 580 illud
1552 551 1649 580 merito
1664 549 1839 578 consideran-

1057 603 1122 632 dum
1134 623 1142 636 ,
1158 607 1188 629 ut
1201 601 1330 630 nimirum
1350 599 1448 626 haheat
1464 598 1575 625 multam
1597 596 1704 623 ruinam
1715 593 1783 629 (91).
1799 596 1840 619 at-

1057 657 1110 685 que
1121 656 1136 676 a
1152 655 1217 675 vero
1232 648 1370 674 incautum
1385 643 1502 671 abducat
1518 653 1525 671 :
1540 641 1673 678 siquidem
1694 643 1736 668 est
1756 639 1840 685 inire-

1057 684 1109 723 bus
1125 693 1208 721 tantis
1223 692 1353 720 audacter
1369 689 1545 725 loquendum,
1562 698 1578 715 υ
1592 684 1840 724 Aglaophon.Nam

1058 740 1150 768 dixisti
1168 737 1342 774 respondisse
1360 735 1503 763 Dominum
1527 733 1687 760 Sadducais
1709 731 1839 759 tentanti—

1058 787 1108 814 bus
1120 806 1128 818 ,
1147 785 1215 816 fore.
1237 787 1267 811 ut
1296 782 1343 818 qui
1371 780 1577 809 resurrectionis
1592 783 1734 813 compotes
1748 780 1840 807 erunt,

1058 832 1110 859 sint
1138 832 1205 858 sicut
1231 829 1357 864 angeli“.
1379 825 1497 854 lntulisti
1526 832 1590 860 ergo
1607 834 1614 851 :
1631 823 1713 858 Atqui
1741 822 1840 856 angeli,

1059 877 1123 912 quia
1138 876 1230 904 carnis
1253 878 1390 909 expertes,
1410 873 1437 900 in
1461 878 1566 899 summa
1590 871 1694 905 degunt
1711 868 1841 896 felicitate

221 918 394 950 ὲξισάζισθαι
419 919 563 956 μέλλοντας
575 919 712 954 ἀγγέλοις,
726 920 831 955 ἀνάγκη
843 919 885 955 δὴ,
901 918 1009 954 σαρκῶν
1024 923 1046 950 B
1059 932 1062 945 ι

998 927 1009 945 ν
1024 923 1046 950 Β
1059 924 1087 948 et
1100 920 1186 956 gloria
1203 927 1212 947 :
1229 925 1316 954 quare
1331 922 1359 946 et
1373 925 1423 945 nos
1438 924 1508 952 quos
1521 915 1623 950 aquari
1638 917 1745 949 oportet
1758 920 1839 946 ange-

219 963 352 996 ὡσαύτως
372 964 486 996 ἐκείνοις
505 966 636 1001 γυμνοὺς,
657 964 788 1000 ἀγγέλους
811 964 919 992 ισεσθαι
939 964 1005 991 δεῖν’

219 1009 272 1036 οὒκ
293 1010 451 1046 ἐπιστήσας,
479 1007 503 1038 ὦ
532 1010 646 1047 ἄριστε,
668 1010 706 1043 ὡς
721 1012 736 1037 ό
750 1011 866 1045 ποιήσας
887 1009 934 1036 καὶ
949 1009 1007 1036 δια-

220 1055 363 1091 κοσμήσας
380 1055 409 1089 ἐξ
429 1056 480 1083 οὐκ
496 1055 581 1083 όντων
600 1056 631 1083 τὸ
647 1058 711 1089 πᾶν,
727 1057 777 1092 τὴν
794 1055 849 1082 τῶν
865 1055 1005 1082 ἀθανάτων

219 1101 313 1135 φύσιν,
333 1101 363 1128 οὐ
377 1102 456 1136 μόνον
482 1102 522 1133 εις
543 1101 675 1135 ἀγγέλους
697 1102 744 1128 καὶ
759 1101 929 1138 λειτουργοὺς
949 1101 1006 1127 δια-

219 1146 318 1181 νείμας
335 1146 524 1181 διεκόσμησεν,
548 1146 616 1174 ἀλλά
636 1148 683 1174 καὶ
708 1148 747 1179 εις
769 1147 866 1183 ἀρχὰς,
888 1147 934 1174 καὶ
948 1147 1007 1182 θρό-

219 1200 293 1222 νους.
309 1191 356 1218 καὶ
370 1191 501 1224 ἐξουσίας.
518 1192 599 1219 Ἄλλο
609 1192 664 1228 γὰρ
675 1192 753 1226 γένος
762 1193 793 1218 τὸ
805 1192 858 1219 τῶν
872 1193 1004 1227 ἀγγέλων,

219 1237 268 1263 καὶ
278 1236 343 1263 ἀλλο
356 1237 386 1264 τὸ
398 1236 453 1264 τῶν
471 1237 564 1273 ἀρχῶν
580 1238 627 1264 καὶ
646 1237 789 1271 ἔξουσιῶν-
804 1238 845 1264 ὃτι
861 1237 897 1274 μὴ
912 1238 1005 1273 τάγμα

218 1280 260 1313 ἐν,
273 1282 320 1308 καὶ
333 1282 382 1317 pla
394 1283 532 1315 σύστασις,
547 1282 596 1309 καὶ
605 1282 686 1318 φυλὴ,
698 1283 744 1310 καὶ
759 1283 860 1318 πατριά
870 1283 924 1310 τῶν
938 1283 1005 1311 ἀθα-

219 1327 326 1354 νάτων·
358 1327 427 1355 ἀλλά
452 1328 530 1364 γένη,
558 1328 606 1355 καὶ
631 1328 723 1363 φυλαὶ,
737 1329 784 1356 καὶ
799 1329 940 1365 διαφοραί·
956 1329 1004 1356 καὶ

218 1371 280 1399 οὔτε
292 1373 326 1400 τά
341 1373 483 1409 xerit-gap,
497 1374 548 1409 τῆς
564 1374 631 1406 ιδίας
647 1374 811 1410 ἑξιστάμενα
827 1373 945 1409 φύσεως,
963 1376 1003 1407 εἰς

217 1418 268 1454 τὴν
288 1419 343 1446 τῶν
365 1419 487 1454 ἀγγέλων
514 1420 586 1447 ἰδέαν
609 1419 875 1456 μετασκευάςονταιθ
898 1419 953 1447 οὔτ’
967 1419 1001 1447 αὖ

218 1464 301 1490 πάλιν
322 1464 364 1496 εις
385 1464 481 1500 ἑτέραν
497 1465 554 1501 (89)
573 1466 598 1492 ot
620 1465 741 1500 ἄγγελοι.
757 1464 836 1492 Εἶναι
858 1466 912 1502 γάρ
934 1466 1004 1493 αὐτά

217 1509 270 1545 χρὴ
284 1512 331 1536 καὶ
345 1510 359 1536 ὃ
374 1511 437 1542 εισι,
452 1511 500 1537 καὶ
515 1510 530 1536 ὃ
548 1510 700 1545 γεγόνασιν,
722 1510 804 1545 ’Δτάρ
816 1511 863 1537 καὶ
875 1511 889 1536 ὁ
901 1510 1004 1546 ἄνθρω-

216 1563 268 1586 πος
288 1555 334 1581 τδν
356 1555 458 1591 κόσμον
480 1556 582 1588 οἰκεῖν,
603 1554 721 1582 καὶτῶν
746 1555 775 1583 ὲν
799 1555 874 1590 αὐτῷ
895 1556 1003 1582 πάντων

1058 965 1101 996 Iis,
1117 971 1231 992 necesse
1245 967 1288 991 est
1305 963 1338 990 ad
1351 962 1476 990 eumdem
1492 961 1601 988 modum
1615 967 1697 986 carne
1712 957 1840 990 nudatOs,

1056 1011 1167 1046 angelos
1184 1009 1252 1036 ﬁeri.
1270 1007 1326 1036 Nec
1347 1008 1424 1039 illud,
1450 1006 1552 1042 Optime
1566 1005 1699 1035 virorum,
1717 1002 1840 1031 animad‘

1056 1055 1182 1088 venisti;
1196 1061 1269 1086 eum,
1285 1053 1332 1088 qui
1351 1060 1384 1080 ex
1402 1051 1488 1079 nihilo
1503 1050 1634 1078 mundum
1651 1048 1794 1076 fabricavit
1808 1054 1840 1074 ac

1056 1101 1209 1132 constituit,
1224 1107 1278 1127 non
1296 1098 1400 1134 angelis
1422 1097 1504 1124 modo
1528 1100 1554 1123 et
1574 1094 1744 1122 administris
1761 1093 1816 1129 (92)
1831 1102 1840 1126 ;

1055 1146 1103 1174 sed
1119 1150 1146 1174 et
1158 1144 1356 1181 principatibus
1370 1147 1397 1171 et
1411 1142 1518 1170 thronis
1531 1145 1558 1170 et
1568 1140 1750 1177 potestatibus
1768 1147 1828 1167 eam

1055 1192 1116 1220 dem
1131 1191 1343 1219 immortalitatis
1359 1194 1486 1217 naturam
1500 1187 1663 1223 impertisse.
1675 1186 1756 1214 Aliud
1766 1185 1838 1213 enim

1056 1237 1214 1272 angelorum
1231 1243 1328 1272 genus,
1345 1234 1473 1269 aliudque
1494 1232 1695 1268 principatuum
1716 1235 1743 1258 et
1764 1229 1838 1257 aliud

1055 1286 1240 1318 potestatum;
1260 1289 1293 1309 eo
1307 1280 1379 1316 quod
1395 1288 1450 1307 non
1466 1287 1538 1306 unus
1553 1278 1630 1310 ordo,
1647 1284 1751 1304 unusve
1779 1283 1836 1303 cce-

1055 1332 1101 1356 tus
1117 1335 1149 1356 ac
1160 1328 1248 1355 tribus
1263 1326 1422 1361 familiaque
1441 1326 1477 1354 sit
1495 1324 1688 1352 immortalium
1707 1333 1713 1350 :
1730 1323 1776 1350 sed
1792 1330 1841 1356 ge-y

1054 1381 1162 1405 uerum,
1178 1380 1210 1399 ac
1225 1372 1300 1399 velut
1314 1371 1433 1398 tribuum
1448 1373 1476 1398 et
1500 1369 1640 1396 nationum
1655 1368 1781 1395 divortia.
1800 1367 1838 1394 Ac

1055 1426 1144 1454 neque
1160 1417 1311 1449 cherubim,
1325 1415 1504 1444 desciscentia
1521 1421 1536 1441 a
1553 1417 1650 1441 natura
1665 1421 1726 1445 sua,
1745 1413 1772 1440 in
1789 1420 1837 1439 an-

1055 1465 1176 1500 gelorum
1192 1463 1310 1498 speciem
1326 1466 1489 1494 transeunt;
1504 1467 1592 1495 neque
1607 1462 1702 1486 contra
1716 1458 1745 1485 in
1759 1461 1836 1485 natu-

1055 1517 1113 1537 ram
1132 1510 1213 1536 aliam
1238 1508 1326 1544 angeli
1353 1510 1566 1534 commutantur.
1591 1505 1706 1541 Quippe,
1717 1511 1779 1532 esse
1792 1504 1836 1531 illa

1054 1555 1127 1591 quod
1149 1559 1222 1586 sunt,
1240 1559 1267 1582 et
1294 1554 1447 1589 cujusmodi
1475 1553 1608 1588 producta
1637 1555 1712 1583 sunt,
1726 1558 1836 1578 necesse

217 1599 393 1635 ἡγεμονεύειν
409 1587 531 1636 ταχθεὶς,
555 1601 604 1635 τῆς
620 1600 651 1632 ιε
676 1600 764 1636 ἀρχῆς
786 1587 1002 1636 διακοσμήσεως,
1017 1587 1038 1615 C
1056 1612 1058 1627 ι

995 1621 1002 1632 ,
1017 1587 1038 1615 c
1056 1587 1107 1629 est.
1128 1600 1309 1634 Quamobrem
1325 1587 1407 1627 etiam
1419 1587 1500 1626 homo
1516 1598 1582 1632 (95),
1600 1598 1647 1634 qui
1663 1600 1692 1625 ut
1703 1597 1835 1624 habitaret

215 1645 350 1677 ἀθάνατος
365 1645 414 1677 ὥν,
429 1645 475 1672 τοῦ
487 1643 556 1672 εῐναι
571 1645 712 1681 ἄνθρωπος
725 1645 822 1672 οὔποτε
839 1646 1004 1682 μεταδληθή-

216 1699 293 1717 σεται
311 1690 373 1717 οὗτε
389 1692 429 1723 εις
440 1691 490 1726 τὴν
509 1691 563 1717 τῶν
585 1691 708 1725 ἀγγέλων
731 1691 793 1719 οὕτε
820 1693 860 1724 εἰς
883 1692 931 1727 τὴν
946 1692 1002 1719 τῶν

215 1735 318 1772 ἑτέρων
334 1737 456 1772 μορφήν·
470 1736 511 1762 δτι
536 1736 602 1772 μηδὲ
622 1737 649 1764 ol
667 1737 777 1772 ἀγγελοι
797 1739 838 1770 εις
856 1738 905 1774 τὴν
919 1738 1002 1773 ἀλλην

214 1782 266 1818 τῆς
276 1781 306 1814 ἐξ
319 1781 406 1817 ἀρχῆς
426 1781 497 1814 ἰδέαις
510 1783 760 1819 μετακοσμούμενα
779 1784 999 1819 μετασάλλονται.

221 1828 254 1856 '0
264 1828 319 1865 γὰρ
333 1828 449 1864 Χριστὸς
464 1825 531 1864 ἧκεν
545 1828 595 1856 οὐκ
609 1829 649 1860 εις
662 1829 758 1864 ἑτέραν
778 1829 1000 1865 μταπλασθῆναι

215 1874 392 1911 κηρύσσωνῆ
413 1873 665 1910 μετασκευασθῆναι
686 1874 737 1909 τὴν
762 1875 932 1910 ἀνθρωπείαν
951 1875 1002 1910 φύ-

268 1951 291 1966 ¹¹
310 1949 408 1978 ΙσιιΙι.
423 1958 494 1979 uti.
512 1951 557 1979 ὅθ.

262 2007 308 2042 88)
323 2008 422 2040 Ἄξιον
432 2008 476 2036 δέ.
489 2009 528 2036 Ex
540 2007 636 2043 Epiph.
649 2007 726 2040 ham,
741 2015 768 2034 n.
782 2007 826 2035 33.

264 2043 310 2077 89)
329 2045 381 2075 Εἰς
391 2043 505 2077 ἑτέραν.
517 2041 599 2076 Ειιῖιὶξ
616 2044 655 2075 εἰς
671 2042 729 2078 (τὴν
737 2043 801 2078 τῶν)
816 2042 925 2078 ἐτέρων.
942 2041 1003 2070 Mox

215 2077 310 2119 iid'enm‘,
327 2079 434 2119 vitiose,
446 2080 474 2119 ει
491 2078 546 2119 γάρ
559 2082 620 2119 post
636 2077 790 2119 metam.

251 2112 311 2152 (90).
331 2111 502 2153 Fciicissime'
517 2111 620 2153 victuri,
646 2111 680 2140 τά
708 2113 805 2148 ἀρίστα
829 2112 1000 2153 ⁸γιράξονττιξς.

215 2146 328 2175 Pbrasis
343 2148 411 2174 nihil
426 2155 506 2180 nova,
522 2148 674 2183 rudiusque
683 2146 814 2183 expressa
829 2146 883 2175 illis
897 2147 1000 2180 verbis,

215 2185 316 2217 optima
325 2191 433 2244 gulaque
447 2183 555 2217 facturi.

250 2218 307 2244 (9i)
350 2223 359 2244 ι
384 2217 509 2244 nimirum
527 2218 555 2244 ha

250 2218 307 2253 (9i)
325 2218 359 2244 Ut
384 2218 509 2244 nimirum
527 2218 621 2244 habeat
635 2218 747 2244 multum
757 2218 872 2249 ruinam,
885 2220 939 2244 etc.
950 2218 998 2244 Co-

213 2251 306 2286 gimur
319 2253 398 2286 longa
410 2253 460 2279 hac
478 2252 637 2286 paraphrasi
652 2260 736 2287 pauca
752 2253 797 2279 illa
812 2253 892 2279 verba
905 2252 998 2286 expri-

213 2294 298 2323 mere.
313 2287 350 2319 ὡς
366 2288 421 2323 ἔχει
435 2287 533 2322 πολλὴν
545 2287 704 2323 διάπτωσιν,
716 2287 762 2315 ubi
774 2287 816 2323 τὸ,
826 2287 881 2323 ἔχει
895 2287 1000 2323 accipio

213 2326 244 2357 ει
255 2322 421 2353 absolutum.
434 2322 570 2357 quomodo
583 2326 625 2350 est
639 2322 741 2349 Cra-cis
756 2322 997 2357 elegantissimum.

212 2354 261 2382 Est
273 2356 362 2384 littera
374 2354 463 2385 minus
475 2364 540 2384 sana
552 2366 559 2383 :
570 2357 610 2389 τὸ,
618 2354 810 2392 διαλεγόμενος
818 2357 844 2383 in
857 2357 998 2391 impressis

212 2392 354 2425 propalam
380 2393 507 2420 vitiosum
535 2396 577 2419 est
605 2401 613 2419 τ
640 2392 837 2426 omisimusque
852 2399 925 2426 ﬁcum
953 2399 997 2419 se-

212 2426 307 2459 quenti
328 2428 508 2462 πραγμάτων,
521 2427 606 2454 secuti
620 2426 702 2462 alium
715 2425 837 2454 codicem
850 2425 954 2461 Rupit.
964 2434 997 2454 ex

212 2467 268 2497 quo
290 2464 318 2487 et
339 2461 420 2490 editis
445 2469 527 2497 unam
548 2462 627 2488 nobis
648 2461 764 2497 litteram
781 2461 995 2497 composuimus.

211 2494 348 2528 impressa
371 2498 444 2524 velut
467 2496 591 2531 Origenis
606 2499 632 2523 et
649 2495 676 2522 in
691 2497 769 2523 tertia
783 2494 910 2531 persona.
926 2494 996 2523 reTe-

211 2532 292 2566 runt;
306 2537 357 2557 nos
369 2538 431 2558 cum
450 2540 501 2559 ms.
519 2535 548 2558 ut
562 2531 768 2566 Aglaophontis,
785 2535 812 2558 et
825 2531 852 2557 in
864 2531 994 2563 secunda,

174 2571 181 2581 '
307 2566 393 2604 magis
413 2570 546 2594 consonat
567 2563 688 2600 reliquis.
711 2565 887 2601 lmpugaatur
908 2574 995 2593 novus

235 2606 436 2627 maenianorum
456 2609 543 2627 error.
563 2609 595 2627 ex
617 2601 706 2627 nriore
722 2600 768 2627 illo
788 2601 994 2627 resurrectionis

235 2600 436 2632 rigenianorum
456 2609 543 2633 error,
563 2609 595 2629 ex
617 2601 706 2635 priore
722 2600 768 2628 illo
788 2601 994 2628 resurrectionis

211 2635 316 2668 absque
328 2641 411 2671 carne
424 2640 512 2668 ortus,
523 2644 622 2671 nempe
633 2635 790 2663 mutationis
802 2636 953 2662 animarum
966 2638 994 2662 in

211 2670 333 2706 angelos,
350 2670 378 2696 in
399 2678 457 2706 quo
471 2675 513 2698 est
529 2670 612 2698 multa
633 2671 678 2697 illa
693 2677 787 2706 eorum
805 2671 992 2706 παράπτωσις,

211 2705 321 2742 agentia
339 2711 349 2742 :_
365 2705 438 2742 velut
452 2705 673 2742 impingentihus,
686 2705 770 2733 semel
784 2713 799 2732 a
816 2706 930 2733 Veritate
945 2705 994 2733 de-

211 2741 262 2767 viis
278 2739 443 2768 hominibus.

243 2776 302 2836 SE)
319 2774 353 2800 Et
368 2774 543 2807 administris,
569 2777 616 2803 καὶ
637 2775 817 2812 λειτουργούς.
841 2776 947 2812 Accipit
962 2780 992 2804 ut

264 2810 334 2836 inem
349 2810 471 2836 angelico
487 2812 664 2836 superiorem.
679 2816 709 2836 ut
730 2819 762 2836 ex
780 2812 901 2836 sequenti
916 2813 991 2836 loca.

211 2810 334 2845 ordinem
349 2810 471 2844 angelico
487 2812 664 2845 superiorem,
679 2816 709 2838 ut
729 2810 762 2838 ex
780 2812 901 2845 sequenti
909 2810 991 2839 loca-

213 2844 284 2881 tione
295 2850 482 2872 creaturarum
497 2853 545 2880 pro
559 2847 690 2881 cujusque
712 2845 798 2881 gradu
818 2844 906 2881 liquet
918 2855 925 2879 ;
937 2854 991 2881 qua

213 2879 294 2907 x3105
309 2881 428 2911 assignat
442 2880 561 2911 angelis;
577 2879 678 2908 lumina
688 2879 761 2912 vero.
774 2879 877 2912 notiora
889 2882 916 2908 iu
933 2879 990 2909 cte-

384 2216 509 2259 nimirum
527 2218 621 2259 habent
630 2217 872 2259 'mnltamrttinam:
885 2220 939 2244 etc.
950 2216 1000 2258 C9-
1013 2229 1037 2259 ι)

1055 1645 1188 1673 mundum
1201 1645 1383 1679 omnibusque
1397 1643 1425 1670 in
1436 1650 1469 1670 eo
1480 1642 1563 1670 rebus
1579 1645 1718 1677 pmesset,
1734 1649 1766 1668 ex
1779 1642 1835 1676 pri-

1055 1698 1099 1718 ma
1114 1690 1293 1726 dispositione
1307 1689 1472 1716 constitutus
1487 1693 1549 1719 est,
1566 1688 1642 1715 velut
1661 1686 1835 1718 immortalis,

1054 1744 1195 1772 nunquam
1210 1736 1238 1763 in
1252 1735 1410 1770 angelorum
1426 1736 1473 1760 aut
1491 1732 1604 1760 alterius
1619 1732 1766 1767 cujuslibet
1781 1731 1835 1758 [ομ

1053 1790 1125 1810 mam
1139 1790 1172 1810 ex
1187 1781 1296 1809 homine
1309 1779 1510 1808 convertendus
1521 1783 1563 1807 est
1575 1788 1582 1812 ;
1597 1778 1707 1814 quando
1723 1785 1774 1805 nec
1787 1785 1835 1804 an-

1053 1828 1106 1861 geli
1127 1828 1162 1855 ah
1175 1834 1205 1855 ea
1219 1834 1302 1862 quam
1314 1825 1392 1853 initio
1403 1825 1493 1853 sortiti
1506 1828 1570 1852 sunt
1580 1824 1670 1859 specie
1684 1828 1709 1851 et
1725 1826 1834 1854 natura.

1051 1873 1243 1903 transformari
1254 1877 1290 1901 ,et
1306 1872 1406 1899 mutari
1424 1876 1548 1908 possunt.
1564 1871 1605 1916 Et_
1613 1878 1677 1899 vero
1697 1870 1834 1903 Christus,

1059 2006 1104 2039 iis,
1117 2011 1144 2044 et
1157 2007 1347 2042 respondentia
1365 2008 1521 2044 purioribus
1530 2007 1586 2038 illis
1600 2007 1750 2044 luminibus
1763 2009 1833 2037 assi»

1058 2042 1301 2079 gnatissupremis
1325 2042 1481 2079 spiritibus.
1498 2051 1594 2078 nempe
1620 2043 1788 2079 seraphinis;
1804 2047 1833 2071 ut

1058 2051 1148 2077 gnatis
1165 2051 1301 2077 supremis
1325 2051 1481 2079 Spll‘lllDllS.
1498 2051 1594 2078 nempe
1620 2051 1788 2104 seraéimms;
1804 2051 1832 2071 ut

1052 2076 1378 2114 et‘sedibusthronisque
1391 2082 1566 2114 potestatum.
1576 2085 1674 2114 respon
1695 2083 1741 2114 ent
1758 2079 1832 2106 coeli.

1053 2111 1186 2148 biinistris
1200 2112 1253 2140 illis
1266 2122 1273 2140 :
1294 2111 1443 2148 respiciens
1475 2113 1544 2140 forte
1559 2111 1631 2140 illud
1646 2113 1712 2147 psal.
1725 2120 1783 2145 cut.
1794 2113 1810 2140 4
1825 2123 1831 2140 :

1053 2146 1106 2188 Qui
1127 2146 1192 2181 facit
1202 2147 1314 2188 .angeloa
1335 2146 1536 2188 Suosspiritua,
1561 2152 1586 2188 at
1599 2146 1748 2188 _ministros
1770 2157 1832 2188 sua:

1050 2181 1187 2242 gemmam
1198 2181 1265 2217 ignis
1277 2190 1286 2208 :
1302 2191 1362 2217 quae
1373 2186 1415 2211 est
1430 2184 1524 2218 purior
1539 2182 1635 2218 spiritu
1652 2190 1700 2210 seu
1715 2187 1795 2210 vento
1805 2188 1832 2210 et

1069 2221 1115 2242 atu
1142 2217 1198 2242 illic
1217 2217 1377 2242 signiﬁcato.
1394 2219 1557 2242 nmniusatm
1571 2217 1676 2242 accedit
1704 2217 1738 2242 ad
1754 2222 1832 2242 natu-

1069 2221 1127 2253 atu_
1142 2217 1198 2253 illic
1217 2217 1377 2252 signiﬁcato,
1394 2217 1561 2253 propiusque
1571 2217 1676 2245 accedit
1704 2217 1738 2244 ad
1754 2222 1832 2244 natu~

1050 2258 1108 2278 ram
1120 2251 1252 2287 luminum
1267 2253 1382 2287 igneam,
1394 2251 1611 2284 'vel’foruialiter,
1624 2252 1703 2287 juxta
1728 2252 1831 2286 pleros-

1050 2293 1103 2322 que
1117 2285 1222 2317 Patres,
1238 2285 1288 2314 vcl‘
1297 2288 1392 2315 saltem
1409 2288 1519 2318 virtute,
1534 2288 1613 2321 juxta
1626 2285 1831 2322 Peripateticos

1049 2325 1076 2347 et
1091 2321 1247 2357 invehentes
1260 2323 1383 2356 quintam
1398 2322 1470 2349 illam
1484 2323 1639 2349 essentiam.
1656 2321 1747 2349 Vidci
1767 2330 1831 2357 pos-

1049 2360 1114 2391 sunt
1138 2356 1188 2391 ista
1219 2357 1309 2384 minus
1335 2357 1500 2391 Dionysiana
1524 2367 1531 2383 :
1563 2357 1609 2384 sed
1637 2357 1705 2384 nihil
1732 2356 1830 2384 mirum

1049 2390 1140 2425 ignoto
1162 2390 1290 2425 Dionysio
1315 2399 1369 2418 non
1398 2390 1485 2418 solum
1514 2391 1659 2425 Methodio,
1678 2391 1726 2419 sed
1748 2392 1829 2419 etiam

1071 2425 1251 2460 hrysostomo,
1267 2427 1312 2461 qui
1332 2430 1359 2453 et
1385 2426 1443 2461 ipse
1461 2426 1528 2453 nihil
1544 2426 1707 2461 Dionysiane
1723 2425 1757 2452 de
1779 2434 1828 2453 an-

1047 2461 1113 2495 gelis
1121 2461 1204 2496 sentit
1219 2466 1247 2487 et
1262 2460 1350 2494 docet,
1366 2460 1428 2487 cum
1442 2465 1538 2496 praeter
1552 2460 1630 2488 notos
1642 2461 1720 2488 nobis
1735 2468 1830 2488 eorum

1046 2495 1365 2536 populos._&1rat9at0v_n
1378 2497 1424 2522 καὶ
1435 2495 1505 2536 φῦλα
1522 2496 1656 2536 ἀμύθητα,
1667 2502 1718 2536 nec
1732 2503 1765 2522 ex
1780 2504 1830 2536 np:

1046 2529 1120 2557 inine
1137 2534 1202 2558 nota
1230 2529 1380 2563 contendit,
1395 2535 1423 2558 et
1441 2529 1588 2566 probat'ex
1606 2529 1652 2557 illo
1666 2529 1777 2565 Ephes.,
1795 2531 1829 2558 Et

1047 2572 1120 2592 omne
1138 2572 1231 2592 nomen
1245 2567 1314 2600 quod
1328 2565 1481 2593 nominatur
1496 2574 1546 2592 non
1567 2565 1653 2592 solum
1669 2566 1696 2592 in
1713 2566 1761 2592 hoc
1779 2575 1830 2593 ue-

1045 2600 1114 2631 culo,
1132 2601 1188 2631 sed,
1204 2603 1270 2632 ctc.,
1284 2601 1357 2628 hom.
1375 2601 1402 2632 ι,
1422 2600 1460 2627 De
1474 2602 1599 2634 incompr.
1615 2604 1642 2628 et
1655 2600 1682 2632 3,
1696 2601 1828 2629 cherubin

1045 2636 1117 2662 velut
1124 2635 1243 2696 ltlhronos
1253 2635 1311 2668 Dei,
1330 2643 1417 2671 eoque
1434 2636 1472 2663 illi
1486 2635 1700 2670 conjunctiores,
1719 2635 1830 2671 prafert

1045 2678 1122 2696 εει-ιιι)
1144 2678 1181 2696 ιη.

1044 2678 1181 2698 seranmn.

1079 2678 1324 2767 Eggzlaitamobrem
1350 2706 1430 2732 etiam
1444 2706 1529 2737 homo,
1550 2705 1620 2742 ἀτὰρ
1634 2706 1681 2732 καὶ
1694 2706 1708 2732 ό
1722 2705 1827 2740 ἀνθρω-

1079 2749 1102 2767 c.
1142 2741 1166 2767 ic
1183 2741 1256 2767 clare
1281 2741 1401 2767 nrocedit
1423 2740 1593 2767 Methodiana
1614 2742 1824 2767 araumentatio.

1043 2749 1102 2772 πος,
1121 2740 1166 2767 Sic
1183 2741 1256 2768 clare
1281 2741 1401 2776 procedit
1423 2740 1824 2776 Methodiana'argumentatio,

1043 2783 1122 2811 quam
1144 2775 1286 2811 impressa
1296 2776 1416 2811 pntuino
1437 2776 1622 2804 obscurahant
1649 2775 1826 2803 conditionali

1043 2809 1088 2838 illa
1099 2811 1133 2838 εἰ.
1146 2809 1273 2845 lnlerpr.,
1289 2810 1392 2838 Etenim
1409 2815 1434 2838 et
1455 2811 1542 2843 homo,
1568 2815 1634 2842 εις..
1649 2818 1703 2845 quo
1720 2810 1825 2845 signiﬁ-

1042 2850 1120 2873 catur
1135 2849 1164 2872 ut
1188 2845 1361 2879 antecedens,
1391 2847 1464 2881 quod
1493 2846 1645 2874 Methodiua
1665 2846 1780 2873 assumit
1795 2849 1826 2873 ut

1041 2888 1219 2911 consequens.
