2131 3167
335 182 389 210 ςθθ

814 176 844 205 S.
865 174 1031 205 METRODII
1049 173 1203 203 EPISCOPI
1221 173 1266 202 ET
1283 173 1464 202 MARTYlllS

1913 174 1966 201 δυο

335 245 505 274 acceperam,
528 241 559 265 ut
573 237 612 265 illi
634 236 766 265 obediens
795 236 926 264 virentem
949 242 1057 271 semper
1087 234 1121 262 ad
1134 239 1176 267 Α·

1170 234 1216 261 τὸν
1236 233 1373 269 ἁμαρτιας
1399 233 1550 269 ὑπάρχειν,
1571 231 1617 259 διὰ
1635 231 1686 267 τῆς
1704 230 1813 266 ἐντολῆς
1836 230 1966 267 ἀφορμὴν

334 284 568 313 immortalitatem
581 287 608 311 et
635 283 765 319 gaudium
779 281 863 310 vitam
888 281 1034 312 haberem,
1050 287 1118 308 con-

335 331 466 359 temnenti
478 329 556 362 mihi,
573 329 658 357 cessit
675 329 703 356 in
721 332 848 356 mortem.
864 326 970 362 Quippe
993 325 1119 354 diabolus

334 385 415 412 quem
447 377 492 403 hic
517 375 621 403 Paulus
647 378 789 411 peccatum
813 373 1024 409 appellavit,eo
1044 373 1118 407 quod

333 423 392 458 ipse
406 423 574 450 architectus
590 421 629 449 sit
647 425 674 449 et
697 424 794 448 auctor
810 419 925 455 peccati,
945 419 1090 447 occasione
1102 426 1118 446 a

333 474 445 504 peccato
461 473 585 504 accepta,
609 472 639 495 ut
655 474 703 502 per
729 466 940 494 inobedientiam
969 465 1116 500 deciperet,

332 516 475 551 deceptum
487 516 603 548 occidit;
619 515 813 548 sententireque
822 513 895 540 illius
907 512 1012 548 peregit
1024 519 1117 540 reum:

333 560 366 588 In
381 569 433 596 qua
448 565 535 587 autem
559 559 600 586 die
618 558 782 586 comederitis
806 565 839 585 ea:
862 565 903 590 eo,
924 563 1008 584 morte
1023 564 1119 583 morte-

331 608 408 634 mint’.
426 606 519 641 Itaque
548 606 590 632 [ex
617 605 721 640 quidem
746 607 840 631 sancta
854 608 879 630 ιι
894 602 1049 630 mandatum
1059 610 1119 629 san-

331 657 413 684 ctum,
424 656 448 679 et
460 651 575 686 justum,
590 655 615 677 et
627 650 721 677 bonum
737 649 781 676 "z
799 648 1010 676 velutnimirum
1025 647 1059 674 ad
1074 655 1119 675 sa-

331 699 428 730 lutem.
443 705 499 724 non
513 696 547 724 ad
563 696 674 724 exitium
689 694 875 723 datum.Nihil
886 694 959 721 enim
974 693 1118 721 credamus

332 743 422 772 ﬁeri‘a
442 742 497 770 Deo
508 741 603 769 inutile
627 744 654 769 et
678 740 800 768 noxium.
813 739 866 772 Qui
886 736 1059 773 crgo?Quod
1069 736 1116 764 bo-

331 799 395 818 num
415 795 455 818 est
463 790 525 818 mihi
531 790 632 825 factum
641 791 679 815 est
688 791 758 812 mort
773 785 815 812 "?
835 785 861 811 id
887 783 1027 815 nimirum,
1044 783 1117 818 quod

330 837 430 864 summi
446 843 477 863 ac
490 834 620 870 praecipui
636 831 779 867 cujusdam
805 830 870 858 bani
885 837 969 857 causa
983 829 1116 861 futurum,

329 882 397 910 mihi
426 881 515 909 fuerat
537 880 596 915 lege
622 876 806 914 praeceptum?
832 875 919 903 Absit.
931 874 1025 910 Neque
1045 874 1117 902 enim

1173 279 1264 307 λαϐὼν
1280 279 1349 315 πρὸς
1365 278 1505 314 παρακοὴν
1518 277 1659 313 ἀπατῆσαί
1676 285 1721 312 με,
1736 276 1881 312 ἀπατήσας
1897 275 1965 302 ἁπέ-

1172 334 1276 353 κτεινε·
1292 325 1343 361 τῷ,
1358 322 1400 361 ⁷ῌ
1424 324 1451 351 δ’
1477 323 1516 351 ἂν
1535 324 1630 358 ἡμέρᾳ
1654 322 1767 357 φάγητε
1782 321 1833 349 ἀπ’
1857 320 1963 348 αὑτοῦ.

1172 372 1288 406 θανάτῳ
1305 371 1518 403 ἀποθανεῖσθε,
1539 369 1725 405 κατακρίματι
1749 367 1899 395 ὑπεύθυνον
1918 376 1965 402 για

1171 418 1264 446 νέσθαι
1285 417 1534 452 κατεργασάμενος.
1548 416 1636 442 Ὥστε
1655 417 1672 442 ὁ
1689 414 1749 449 μὲν
1764 414 1856 449 νόμος
1869 413 1964 448 ᾶτιος,

1171 464 1221 492 καὶ
1245 465 1264 499 ἠ
1289 463 1399 497 ἐντολὴ
1422 462 1476 489 τοῦ
1499 461 1574 490 Θεοῦ
1599 462 1679 496 ἁγία,
1701 460 1750 487 καὶ
1778 459 1893 492 δικαία,
1912 459 1963 486 καὶ

1171 510 1284 546 ἀφαθψ
1301 510 1342 537 ὅτι
1365 509 1403 545 μὴ
1422 509 1468 535 ἐπὶ
1489 508 1521 535 τὸ
1543 507 1653 543 βλάψαι,
1679 504 1736 533 ἀλλ’
1760 505 1807 532 ἐπὶ
1822 505 1854 532 τὸ
1876 504 1963 532 σῶσαι

1172 556 1259 592 ἐδόθη.
1277 555 1324 591 Μὴ
1347 554 1402 590 γὰρ
1423 553 1543 589 οἰώμεθα
1568 552 1703 587 ἀνωφελές
1731 560 1758 578 τι
1783 551 1800 586 ἢ
1832 550 1963 586 βλαϐερὸν

1171 602 1257 628 ποιεῖν
1272 601 1318 628 τὸν
1334 600 1409 627 Θεὸν.
1426 600 1459 626 Tt
1481 597 1543 632 05v;
1563 599 1598 626 Τὸ
1624 597 1737 633 ἀγαθὸν
1756 596 1821 632 ἐμοὶ
1843 596 1962 631 ἐγένετο

1171 647 1315 680 θάνατος;
1339 646 1354 673 ὃ
1373 645 1420 672 τοῦ
1445 645 1573 681 μεγίστου
1597 653 1642 680 μοι
1664 644 1703 675 ὡς
1727 644 1812 674 αἴτιον
1833 642 1962 677 ἐσόμενον

1171 692 1284 726 ἀγαθοῦ.
1307 691 1479 727 νομοθέτημα
1503 691 1599 726 ὲδόθη;
1625 690 1674 724 Μὴ
1695 689 1808 725 γένοιτο
1819 689 1830 715 .’
1845 689 1905 715 Ὅτι
1923 687 1961 724 μὴ

1171 739 1187 773 ἡ
1201 738 1294 773 ἐντολὴ
1310 737 1357 764 τοῦ
1371 737 1439 764 Θεοῦ
1454 738 1493 769 εις
1506 737 1537 763 τὸ
1551 735 1789 771 καταδουλωθῆναί
1807 743 1840 771 με
1853 734 1962 769 ἐγένετο

1169 785 1203 819 τῇ
1219 784 1306 819 φθορᾷ
1325 783 1408 815 αἰτία,
1495 784 1510 809 ὁ
1532 782 1669 814 διάϐολος⁹
1697 781 1739 809 ῐνα
1755 781 1898 817 φανερωθῇ
1914 779 1962 808 διὰ

1169 829 1216 856 τοῦ
1230 829 1332 864 ἀγαθοῦ
1347 829 1377 856 τὸ
1389 829 1474 856 κακὸν
1490 828 1696 860 κατασκευάς-ας
1706 836 1712 843 ·
1729 827 1772 855 ἵνα
1785 828 1898 863 γένηται
1911 828 1960 854 καὶ

1169 876 1283 912 ἐλεγχθῇ
1312 876 1373 902 καθ’
1396 875 1548 910 ὑπερϐολὴν
1573 875 1587 901 ὁ
1610 874 1724 909 εὑρετὴς
1749 873 1799 909 τῆς
1821 873 1960 909 ἁμαρτιας

329 926 377 955 Dei
391 926 549 954 mandatum
561 924 627 951 mihi
638 931 720 952 causa
734 923 795 954 fuit,
811 926 839 949 ut
855 921 1115 957 corruptionisjugo
1131 927 1152 954 Β
1165 931 1170 947 ι

1131 927 1152 954 Β
1165 921 1336 957 ἁμαρτωλός.
1354 920 1482 955 015411131-
1497 920 1563 954 γὰρ,
1579 919 1624 946 ὅτι
1637 921 1654 946 ό
1669 920 1760 953 νόμος
1781 919 1848 945 ἐστι
1867 926 1958 945 πνευ-

328 973 513 1007 manciparer,
530 970 578 999 sed
592 969 716 998 diabolus
736 968 794 1004 (38)
815 978 821 995 :
835 973 865 995 ut
883 967 972 1003 palam
989 967 1115 1003 prodere-

330 1024 386 1050 tur,
402 1018 449 1052 qui
479 1024 526 1051 per
552 1016 654 1043 bonum
681 1015 747 1042 mihi
769 1018 844 1042 esset
859 1014 971 1040 molitus
993 1012 1112 1046 malum;

329 1064 460 1098 ﬁeretque
473 1066 500 1090 et
514 1061 727 1089 convinceretur
753 1060 879 1087 inventor
893 1058 1010 1094 peccati,
1031 1065 1114 1092 supra

329 1108 440 1136 modum
453 1111 590 1143 peccator.
603 1106 708 1133 Scimus
720 1105 790 1132 enim
818 1104 880 1139 quia
901 1103 944 1130 lea:
965 1103 1112 1138 spiritantia

327 1158 366 1181 eu
376 1154 398 1170 "
417 1164 424 1181 :
439 1161 535 1188 eoque,
559 1152 627 1180 nulli
641 1151 725 1179 ullius
743 1150 837 1178 damni
856 1153 899 1178 est
915 1157 1008 1177 causa.
1025 1148 1112 1184 Spiri—

327 1200 410 1227 tualia
424 1199 507 1231 enim,
524 1197 620 1233 procul
644 1204 659 1223 a
690 1195 840 1230 cupiditate
854 1195 940 1222 aliena
961 1203 976 1221 a
996 1195 1112 1228 ratione,

327 1245 422 1281 procul
437 1252 452 1272 a
469 1249 583 1279 peccato
596 1242 730 1270 habitant.
743 1241 799 1276 Ego
813 1248 900 1268 autem
913 1241 1031 1268 carnalis
1042 1249 1112 1274 sum,

327 1288 557 1317 venumdatuuub
577 1292 691 1323 peccato.
709 1286 793 1320 Quasi
808 1287 930 1314 diceret:
948 1286 1003 1322 Ego
1021 1290 1113 1313 autem

327 1335 447 1362 carnalis
464 1341 537 1366 sum,
550 1338 577 1360 et
592 1333 619 1360 in
631 1332 695 1360 boni
710 1333 829 1367 malique
841 1332 972 1364 conﬁnio,
989 1332 1063 1359 velut
1080 1331 1111 1358 li-

325 1381 385 1408 beri
396 1380 515 1412 arbitrii,
530 1379 652 1415 positus;
666 1383 696 1406 ut
709 1379 736 1406 in
762 1386 822 1406 mea
834 1379 870 1405 sit
885 1381 1030 1413 potestate,
1046 1377 1111 1412 quid

325 1426 406 1454 velim
423 1426 531 1462 eligere.
550 1425 631 1452 Ροεηὶ
643 1424 832 1459 enim,inquit,
851 1428 911 1450 ante
923 1423 1020 1458 [aciem
1038 1428 1111 1450 tuam

325 1472 406 1498 vitam
420 1475 446 1498 et
461 1476 570 1498 monent
583 1471 616 1500 ⁸⁸.
631 1471 699 1498 Cum
724 1470 816 1505 itaque
835 1469 1004 1502 annuissem,
1017 1473 1047 1497 ut
1059 1469 1111 1504 legi

325 1517 437 1553 quidem
454 1517 582 1552 spiritali,
611 1517 751 1549 mandato,
772 1517 894 1551 inquam,
910 1523 965 1543 non
978 1515 1112 1550 obseque-

324 1570 387 1596 rer;
401 1562 567 1597 obsequerer
583 1569 649 1589 vero
662 1562 714 1596 legi
730 1562 845 1594 carnali,
871 1562 1004 1596 serpentis
1027 1561 1110 1588 nimi-

1164 968 1302 1002 ματικός·
1320 967 1360 993 διὸ
1374 967 1420 993 καὶ
1436 966 1512 993 οὐδὲν
1525 965 1610 997 αἴτιος
1626 965 1727 1000 βλὰΰης
1745 964 1842 991 οὐδενί.
1860 964 1960 1000 Πόρῤω

1166 1013 1220 1050 γὰρ
1235 1013 1381 1048 ἐπιθυμίας
1401 1013 1498 1047 ἀλόγου
1521 1013 1568 1039 καὶ
1594 1012 1730 1048 ἁμαρτίας
1753 1011 1902 1046 ἐσκήνηται
1925 1011 1960 1037 τὰ

1166 1060 1347 1095 πνευματικά.
1371 1059 1444 1093 Ἐγὼ
1463 1058 1497 1085 δὲ
1518 1058 1660 1092 σάρκινός
1685 1059 1754 1092 ειμι,
1769 1056 1960 1091 ,πεπραμένος

1166 1106 1225 1133 ὑπὸ
1240 1106 1297 1140 τὴν
1312 1106 1467 1141 ἁμαρτίαν.
1486 1102 1563 1132 οἷον·
1583 1104 1653 1139 Ἐγὼ
1668 1104 1696 1130 δὲ
1711 1104 1836 1139 σάρκινος
1851 1102 1899 1135 ὣν,
1911 1103 1959 1130 καὶ

1165 1152 1199 1178 ὲν·
1221 1151 1294 1187 μέσῳ
1310 1147 1360 1178 ῖτοῦ
1383 1151 1486 1185 ἀγαθοῦ
1513 1152 1560 1178 καὶ
1585 1150 1704 1186 πονηροῦ
1721 1149 1903 1181 κατασταθεὶς
1919 1148 1957 1181 ὡς

1165 1197 1347 1231 αὑτεξούσιος,
1363 1198 1405 1224 ἵνα
1421 1198 1463 1224 ἐπ’
1480 1198 1542 1232 ἐμοὶ
1561 1196 1668 1223 ἑλέσθαι
1679 1197 1694 1223 ὃ
1718 1195 1847 1231 βούλομαι
1910 1194 1958 1222 Τέ-
2001 1232 2006 1236 _

1165 1246 1248 1271 θεικα
1263 1244 1317 1278 γὰρ
1333 1244 1388 1278 πρὸ
1403 1243 1564 1278 προσώπου
1578 1251 1647 1275 σου,
1659 1243 1736 1278 φησὶ,
1748 1242 1805 1276 τὴν
1819 1241 1895 1276 ζωὴν
1907 1241 1956 1268 καὶ

1165 1291 1218 1316 τὸν
1237 1289 1375 1316 θάνατον.
1396 1289 1503 1321 Νεύσας
1514 1289 1580 1325 πρὸς
1604 1289 1635 1315 τὸ
1651 1288 1822 1324 παρακοῦσαι
1842 1288 1892 1323 μὲν
1908 1286 1955 1314 τοῦ

1166 1335 1350 1370 πνευματικοῦ
1364 1334 1445 1369 νόμον
1457 1343 1465 1349 ·
1488 1332 1532 1361 οἷα
1553 1335 1604 1369 τῆς
1616 1333 1725 1369 ἐντολῆς
1737 1342 1744 1348 ·
1760 1333 1911 1360 ἔπακοῦααι
1927 1332 1956 1359 δὲ

1164 1381 1212 1407 τοῦ
1229 1379 1336 1407 ὑλικοῦ·
1360 1372 1464 1407 οἷαῗῑοῦ
1479 1380 1570 1415 ὄφεως
1582 1379 1631 1415 τῆς
1646 1379 1826 1414 συμϐουλίας·
1844 1379 1956 1413 πέπρα-

1162 1435 1215 1462 μαι
1230 1426 1272 1453 διὰ
1289 1426 1337 1462 τὴν
1351 1427 1478 1462 τοιαύτην
1490 1426 1606 1462 αἵρεσιν,
1622 1424 1713 1452 πεσὼν
1730 1425 1783 1451 ὑπὸ
1804 1424 1854 1460 τὴν
1865 1425 1956 1460 ἁμαρ-

1164 1472 1235 1504 τίαν,
1246 1472 1285 1507 τῷ
1298 1471 1422 1507 διαϐόλῳ.
1434 1472 1514 1499 Ὅθεν
1535 1471 1657 1498 ἐντεῦθεν
1676 1470 1858 1506 πολιορκῆσάν
1877 1478 1909 1506 με
1924 1470 1954 1496 τδ

1164 1519 1249 1546 κακὸν
1264 1519 1379 1551 ὲνιζάνει
1395 1519 1441 1545 καὶ
1455 1517 1661 1553 έμπολιτεὺεται
1678 1516 1838 1543 εἱσοικὶσθαι
1854 1515 1910 1551 (59)
1925 1516 1954 1542 ὲν

1163 1566 1196 1600 τῇ
1224 1565 1305 1600 σαρκί
1332 1573 1394 1599 μου,
1417 1564 1495 1599 δίκης
1514 1563 1667 1599 ὲντεθείσης
1695 1572 1750 1598 μοι,
1774 1563 1823 1598 τὴν
1844 1561 1954 1597 ἐντολὴν

325 1616 387 1636 rum
403 1608 528 1644 consilio,
537 1613 646 1643 propter
667 1607 802 1642 eiusmodi
833 1608 994 1636 electionem
1015 1608 1109 1642 lapsus
1123 1607 1144 1635 C
1161 1619 1166 1636 ι

1123 1607 1144 1635 C
1161 1610 1333 1646 ὰθετὴσαντι,
1346 1610 1482 1646 πραθῆναι
1495 1609 1535 1645 τῷ
1547 1610 1633 1645 κακῷ.
1652 1610 1697 1636 Διὸ
1709 1611 1756 1636 καὶ
1764 1610 1805 1641 τὸ,
1821 1611 1861 1636 Οὐ
1874 1609 1955 1644 γινώ-

325 1656 353 1683 ἱη
368 1658 522 1690 peccatum,
538 1654 646 1682 diabolo
655 1654 826 1681 venumdatus
839 1662 908 1681 sum.
926 1653 995 1681 Hinc
1010 1654 1110 1680 malum

324 1701 400 1728 velut
423 1701 564 1733 obsidens,
590 1701 657 1728 mihi
682 1701 855 1733 adhaerescit,
885 1704 966 1735 atque
986 1700 1013 1727 in
1029 1708 1112 1729 carne

324 1754 385 1773 mea
401 1750 532 1781 tanquam
549 1748 576 1774 in
591 1747 672 1775 domo
689 1747 809 1780 habitat;
827 1747 878 1774 hac
893 1747 984 1774 violati
1010 1755 1110 1782 praece-

324 1793 363 1828 pti
388 1793 473 1820 multa
501 1792 638 1828 imposita,
663 1793 703 1820 uti
727 1793 799 1820 malo
823 1790 964 1821 venderei’.
993 1791 1071 1820 Unde
1085 1798 1112 1821 et

325 1838 397 1873 quod
412 1839 530 1866 dicitur:
548 1838 609 1866 Non
625 1847 751 1874 cognosco
763 1838 831 1874 quod
846 1846 953 1873 operor:
966 1842 993 1866 et
1010 1847 1017 1866 :
1035 1839 1111 1872 Quod

324 1883 369 1911 odi
385 1883 455 1919 facio
468 1884 492 1900 "'
510 1893 517 1912 :
533 1891 588 1912 non
606 1884 646 1912 sic
673 1885 760 1920 accipi
776 1885 867 1917 debet,
884 1885 962 1920 quasi
979 1884 1012 1911 de
1039 1884 1111 1912 malo

323 1937 405 1965 opere
421 1930 597 1965 intelligatur,
609 1929 657 1958 sed
671 1930 812 1957 dumtaxat
824 1930 857 1957 de
867 1930 1041 1966 cogitatione.
1050 1929 1110 1958 Non

323 1976 394 2003 enim
411 1977 438 2004 in
453 1981 548 2004 nostra
565 1981 607 2004 est
619 1980 762 2012 potestate,
780 1979 810 2003 ut
823 1977 975 2012 cogitemus
996 1977 1038 2005 vel
1055 1984 1110 2004 non

322 2023 472 2058 cogitemus
485 2023 599 2056 absona,
617 2023 665 2050 sed
696 2028 726 2050 ut
740 2026 850 2049 utamur
872 2023 914 2050 vel
927 2030 982 2050 non
997 2027 1109 2050 utamur

322 2067 458 2102 cogitatis.
472 2067 551 2101 Nam,
578 2076 612 2096 ne
636 2067 715 2095 nobis
745 2067 902 2095 istiusmodi
928 2068 1108 2103 cogitationes

323 2113 539 2148 obrepant,qu:e
566 2113 698 2149 probandi
725 2114 813 2141 nostri
838 2120 921 2141 causa
941 2114 1108 2142 intrinsecus

323 2158 518 2190 tmmittuntur,
534 2159 678 2193 prohibere
692 2167 746 2186 non
766 2166 931 2194 possumus;
947 2167 1001 2187 non
1013 2167 1109 2187 asseu-

323 2203 368 2230 tiri
379 2207 406 2230 et
418 2211 471 2230 non
497 2204 547 2236 uti,
575 2212 732 2239 possumus.
748 2204 894 2237 Quocirca,
922 2205 1057 2240 ejusmodi
1073 2213 1108 2233 ne

1162 1663 1225 1682 σκω
1241 1655 1257 1682 ὃ
1275 1655 1500 1692 κατεργάζομαι⁸
1527 1656 1584 1688 καὶ,
1600 1655 1677 1683 Ποιῶ
1704 1655 1719 1681 ὃ
1735 1654 1824 1690 μισῶ,
1841 1654 1954 1691 λεγόμε-

1162 1710 1220 1729 νον·
1244 1703 1295 1728 οὑκ
1321 1702 1367 1728 ἐπὶ
1392 1701 1439 1728 τοῦ
1461 1702 1557 1737 δρᾶσαι
1580 1702 1610 1727 τὸ
1633 1700 1733 1736 φαῦλον
1753 1701 1952 1737 παραληπτέον,

1161 1748 1218 1774 ἀλλ’
1235 1749 1281 1774 ἐπὶ
1298 1747 1346 1774 τοῦ
1369 1747 1448 1783 μόνον
1469 1747 1663 1782 ἐνθυμηθῆναι.
1687 1748 1724 1774 Οὐ
1748 1747 1803 1783 γὰρ
1823 1746 1865 1781 ἐφ’
1888 1747 1953 1782 ἡμῖν

1161 1795 1192 1821 τὸ
1207 1794 1418 1829 ὲνθυμείσθαι,ἢ
1437 1794 1473 1830 μὴ
1493 1793 1677 1829 ἐνθυμεῖσθαι,
1697 1795 1785 1820 χεῖται
1802 1792 1836 1819 τὰ
1855 1792 1952 1824 ἄτοπα,

1165 1840 1232 1868 ἀλλὰ
1247 1841 1277 1867 τὸ
1286 1841 1404 1877 χρῆσθαι
1418 1841 1435 1877 ἢ
1452 1841 1488 1877 μὴ
1500 1841 1618 1877 χρῆσθαι
1628 1842 1683 1872 τοῖς
1699 1839 1880 1875 ἐνθυμήμασι.
1895 1840 1955 1866 Κω-

1164 1886 1243 1913 λῦσαι
1266 1887 1315 1922 μὲν
1328 1887 1381 1922 γὰρ
1396 1887 1506 1913 πίπτειν
1528 1887 1570 1918 εἰς
1589 1887 1664 1922 ἡμᾶς
1685 1885 1748 1916 τοὺς
1763 1885 1907 1920 λογισμοὺς
1920 1886 1952 1912 οὺ

1163 1931 1315 1967 δυνάμεθα,
1337 1933 1559 1968 προσδεχομένων
1582 1931 1638 1967 (40)
1662 1929 1741 1966 ήμῶν
1769 1929 1868 1961 ἔξωθεν
1894 1931 1952 1957 εισ-

1163 1977 1342 2012 πνεομένους·
1361 1977 1397 2013 μὴ
1414 1976 1558 2012 πεισθῆναι
1574 1976 1676 2012 μέντοι,
1689 1975 1706 2011 ἢ
1725 1976 1763 2011 μὴ
1776 1975 1893 2012 χρῆσθαι
1906 1975 1952 2003 δυ-

1160 2022 1274 2057 νάμεθα.
1290 2022 1336 2048 Διὸ
1350 2022 1380 2049 τὸ
1398 2023 1446 2056 μὲν
1460 2022 1547 2049 θέλειν
1561 2022 1632 2048 αὐτὰ
1648 2021 1686 2056 μὴ
1699 2021 1881 2058 ἐνθυμηθῆναι
1896 2031 1944 2049 πα-

1163 2068 1293 2109 ράκειται·
1305 2068 1334 2095 τὸ
1343 2068 1370 2094 δὲ
1380 2068 1600 2106 κατεργάσασθαι
1609 2069 1650 2099 εἰς
1660 2067 1692 2094 τὸ
1703 2068 1842 2103 ἀφανίσαι,
1858 2069 1902 2095 ἵνα
1913 2068 1952 2104 μὴ

1160 2110 1238 2144 αὖθις
1251 2113 1314 2149 περὶ
1321 2111 1366 2139 τὸν
1381 2112 1510 2149 λογισμὸν
1516 2112 1678 2145 ἀνέλθωσιν,
1691 2112 1722 2140 οὗ
1733 2121 1741 2129 ’
1754 2114 1795 2141 ἂτι
1812 2114 1849 2149 μὴ
1862 2115 1951 2141 κεῖται

1160 2158 1239 2185 τοῦτο
1249 2159 1291 2194 ἐφ’
1299 2159 1374 2194 ἡμῖν,
1384 2157 1422 2190 ὡς
1434 2151 1556 2193 ῑφηνηῧς
1569 2156 1637 2186 εῖναι
1645 2159 1692 2185 τὸν
1702 2159 1764 2186 νοῦν
1774 2159 1893 2186 τοιοῦτον
1903 2159 1952 2186 τοῦ

1163 2205 1258 2240 duo?
1278 2206 1318 2232 Οὐ
1339 2207 1393 2239 γὰρ
1412 2205 1427 2232 ὃ
1447 2205 1534 2236 θέλω,
1559 2203 1632 2231 ποιῶ
1655 2204 1781 2240 ἀγαθόν’
1809 2204 1878 2232 θέλω
1895 2206 1951 2241 γὰρ

321 2248 443 2284 cogitare
471 2248 580 2283 quidem
610 2249 687 2282 velle,
709 2254 809 2277 nostrae
835 2255 878 2278 est
897 2252 1040 2285 potestatis
1058 2260 1064 2278 ε
1081 2250 1107 2277 id
1124 2269 1148 2299 υ

1124 2269 1148 2299 D
1164 2251 1201 2299 μὴ
1211 2251 1383 2286 ἐνθυμεῖσθαι
1398 2251 1416 2278 ἃ
1431 2251 1542 2286 βλάπτει
1557 2260 1600 2286 με.
1621 2252 1729 2286 Ἐπειδὴ
1741 2250 1820 2278 τοῦτο
1831 2251 1863 2278 τὺ
1883 2252 1952 2286 ἀγα-

322 2299 412 2323 autem
440 2294 550 2329 assequi
567 2297 596 2321 ut
611 2295 718 2328 penitus
734 2296 943 2330 exstinguantur
961 2304 1048 2331 neque
1063 2303 1109 2323 no-

320 2341 363 2369 his
374 2340 491 2376 amplius
500 2346 657 2373 occurrant,
670 2341 792 2368 minime.
807 2340 886 2374 Nam,
902 2345 931 2368 ut
946 2342 1011 2374 dixi,
1022 2342 1108 2370 haud-

353 2417 456 2447 "Rom.
471 2426 520 2450 vtt,
536 2418 578 2445 £2.
617 2418 640 2433 "
655 2417 719 2445 ibid.
738 2418 780 2445 15.
825 2419 846 2434 ⁸⁷
865 2419 929 2446 ibid.
954 2421 994 2449 ιθ.

356 2511 413 2548 (38)
428 2512 480 2539 Sed
493 2513 625 2540 diabolus.
640 2513 725 2545 Quem
737 2513 838 2548 ubique
848 2513 914 2541 dicit
930 2516 1006 2542 Pauli
1034 2515 1102 2543 illud

319 2552 466 2586 peccatum.
485 2547 532 2575 Est
557 2549 732 2586 parapln'asis
759 2547 832 2575 velut
854 2551 992 2583 continua,
1010 2552 1103 2586 sequi-

320 2581 417 2616 turque
433 2581 781 2619 Graecam‘puniﬂationem.
799 2591 853 2618 qua
868 2586 947 2612 verba
963 2581 1018 2618 illa,
1035 2581 1104 2613 ἅλλὰ

318 2618 334 2653 ὴ
357 2618 489 2653 ἁμαρτία,
505 2618 660 2654 referuntur
675 2619 707 2645 ad
723 2619 815 2654 priora
835 2628 842 2646 :
859 2619 945 2646 Latini
962 2625 1051 2648 autem
1068 2622 1102 2648 ad

319 2653 461 2690 sequentia
476 2653 607 2690 referunt,
618 2661 700 2682 sensu
712 2653 766 2681 non
780 2654 816 2680 ita
829 2654 917 2689 plano.
939 2655 1002 2683 Vult
1027 2664 1102 2690 ergo,

319 2694 374 2728 non
389 2688 486 2728 legem.
504 2689 551 2728 sed
569 2694 711 2728 peccatum
728 2690 873 2728 occasione
894 2691 970 2724 legis,
987 2688 1102 2728 mortem

319 2722 472 2763 induxisse,
484 2758 490 2763 _
501 2727 531 2763 _ut
547 2722 708 2763 ostendatur
728 2722 961 2763 convincaturqne
984 2726 1102 2753 maxima

319 2758 380 2795 ejus
396 2758 595 2795 improbitasret
616 2759 733 2793 malitia;
764 2760 836 2795 quod
855 2758 954 2787 malum
983 2765 1100 2794 tantum,

319 2791 454 2831 bongillo
472 2794 664 2831 conciliaverit
690 2802 697 2821 :
721 2791 883 2831 egregieque
908 2795 1025 2831 quadrat
1045 2791 1102 2823 Me;

319 2826 455 2866 {hostium
471 2828 499 2855 in
513 2829 662 2866 diabolum,
678 2826 753 2858 vere'
769 2826 924 2865 γξνόμενον’
938 2830 999 2858 καθ’
1017 2832 1102 2866 ιδπερ-

318 2861 400 2897 δηλὴν
425 2862 604 2900 ἁμαρτωλὸν)
621 2863 733 2892 Paulina
752 2861 860 2900 phrasis
876 2874 882 2892 :
899 2865 950 2900 Qui
967 2867 1004 2893 sit
1015 2861 1103 2893 lactus

317 2902 366 2923 seu
383 2900 511 2926 ostensus
522 2907 555 2927 eo
573 2899 661 2929 abusu
679 2899 795 2933 bonique
814 2901 996 2935 perrersione,
1014 2901 1103 2929 excel-

1044 2422 1067 2438 ⁵⁸
1083 2421 1165 2449 Eccli.
1181 2430 1228 2454 ιτ,
1242 2422 1291 2456 18;
1307 2422 1365 2449 Jer.
1382 2429 1440 2455 ut,
1460 2423 1486 2452 8.

1162 2295 1208 2322 θδν
1220 2297 1398 2332 πανάμωμον.
1410 2298 1464 2324 Kal
1477 2297 1565 2324 τοῦτο
1574 2296 1643 2332 μὲν,
1658 2296 1674 2323 ὃ
1691 2296 1768 2324 θέλω
1783 2297 1903 2332 ἀγαθὸν,
1913 2299 1951 2324 οὐ

1155 2343 1252 2370 ιποιῶ·
1277 2343 1293 2370 ὃ
1318 2343 1352 2370 δὲ
1368 2344 1411 2378 μὴ
1431 2345 1517 2377 θέλω,
1536 2343 1662 2378 πράσσω
1683 2343 1793 2370 κακόν·
1812 2345 1843 2371 οὐ
1866 2344 1950 2372 θέλων

1539 2423 1562 2439 ³⁵
1579 2424 1653 2450 Rom.
1670 2430 1720 2455 vn,
1734 2422 1777 2450 l5.

1155 2518 1243 2545 lenter
1259 2523 1387 2553 peccator
1403 2527 1410 2546 :
1429 2526 1476 2546 seu
1486 2516 1629 2553 maximus
1643 2520 1779 2553 peccator.
1790 2516 1870 2552 Apud
1884 2515 1948 2553 Epif

1156 2551 1286 2588 phaniuin
1298 2557 1387 2580 tamen
1401 2562 1426 2580 ιι.
1439 2554 1473 2580 56
1485 2552 1601 2579 habetur
1613 2551 1709 2578 Latina
1720 2551 1862 2587 pt-nctatio
1879 2560 1885 2577 :
1898 2551 1947 2588 sed

1158 2593 1247 2623 potest
1259 2588 1355 2616 vitiosa
1369 2596 1440 2619 esse.
1456 2595 1512 2616 non
1527 2587 1617 2623 minus
1636 2594 1716 2622 quam
1728 2588 1758 2614 τὸ
1770 2587 1870 2619 αἰτίας,
1886 2587 1948 2613 ἀντὶ

1156 2622 1215 2655 ἑοῦ,
1230 2624 1314 2655 αἰτία,
1343 2624 1416 2658 quod
1441 2622 1597 2650 immediate
1612 2623 1740 2658 prfecedit
1758 2631 1764 2648 :
1780 2626 1948 2657 possemque

1157 2659 1213 2685 illic
1231 2660 1308 2693 plura
1331 2657 1436 2686 restitui
1454 2666 1489 2686 ex
1510 2658 1612 2685 nostris
1638 2657 1798 2690 Pliotiauis;
1822 2660 1897 2691 puta.
1917 2663 1946 2683 n.

1155 2694 1200 2724 55.
1227 2692 1320 2726 initio,
1348 2693 1457 2729 ἴδωμεν,
1474 2693 1535 2720 ἀντὶ
1552 2692 1610 2725 τοῦ,
1626 2693 1710 2728 ἴωμεν
1721 2703 1729 2709 τ
1753 2692 1945 2726 ὲνεκισσησαν,

1155 2729 1215 2756 ἀντὶ
1226 2729 1272 2765 τοῦ
1284 2729 1457 2765 ὲνεκισσησα.

1192 2764 1249 2800 (39)
1263 2759 1462 2791 Eidem/orbat.
1479 2762 1575 2798 Epiph.
1593 2763 1658 2791 liter.
1671 2770 1744 2794 uiv.
1756 2770 1832 2790 num.
1847 2759 1881 2788 56
1893 2759 1946 2787 sub

1157 2798 1248 2830 lini-2m,
1263 2800 1454 2826 εἰσοικεὶσθαι.

1177 2828 1248 2896 l(40}
1263 2833 1526 2897 Πρὲιζδεχομένων.
1543 2833 1615 2869 Lego
1628 2833 1695 2869 πρὸς
1708 2833 1824 2867 δοκιμήν
1835 2838 1870 2865 ex
1879 2828 1946 2866 Εμ-

1186 2877 1258 2897 tanto
1269 2878 1286 2897 n
1348 2889 1354 2897 .

1157 2877 1258 2904 pnamo
1269 2878 1286 2897 n
1311 2877 1354 2897 al.
