2131 3167
333 171 382 199 35!

823 170 851 198 S.
873 171 1039 200 METllODIl
1058 172 1211 200 EPISCOPI
1232 171 1276 198 ET
1296 169 1477 198 MARTYRIS

1901 171 1953 198 553

331 231 403 258 tum.
420 231 446 253 et
457 233 563 261 peccata
575 233 621 254 tua
634 228 867 264 circumpurgabit.
881 229 915 256 Et
931 230 1020 257 audivi
1030 238 1116 257 uocem
1130 257 1132 261 Α

1167 230 1261 257 αὐτοῦ
1281 227 1363 262 εἶχεν
1381 229 1524 262 ἄνθρακα,
1540 227 1576 254 ὃν
1594 227 1632 261 τῇ
1645 227 1743 254 λαϐίδι
1766 227 1874 254 ἐλαϐεν
1894 227 1953 254 ἀπὸ

329 272 438 299 Domini
450 274 559 300 dicentis
574 281 583 299 :
596 274 679 306 Quem
687 275 791 301 mittam
800 277 812 302 ?
822 281 846 302 et
858 276 916 310 quis
930 276 977 302 ibit
989 276 1023 303 ad
1033 285 1116 311 popu-

330 318 385 345 lum
400 320 489 347 hunc?
506 319 539 346 Et
556 320 613 347 dixi
627 329 635 347 :
648 320 714 347 Ecce
729 329 790 356 ego,
813 321 887 349 mitte
901 330 950 349 me.
973 321 1007 349 Et
1025 323 1092 350 dixit
1106 330 1115 349 :
1130 335 1132 337 ·

334 365 420 397 Vade,
437 371 462 391 et
483 366 525 392 dic
541 366 637 400 populo
648 366 708 392 huic
720 374 729 392 :
747 367 847 393 Audita
869 367 997 401 audietis,
1016 374 1041 396 et
1064 378 1115 397 nou

327 410 479 446 intelligetis
490 418 499 437 .'
509 416 533 438 et
544 412 658 438 vidente:
669 411 800 442 videbitis,
811 416 835 439 et
847 421 898 439 non
907 414 1069 447 perspiciatis
1083 415 1113 442 ³⁷.

328 454 398 481 Sunt
412 462 494 490 porro
507 456 564 482 haec
575 456 712 490 prophetat
727 464 775 491 per
789 456 920 491 Spiritum
932 459 1115 493 praenuntiata

325 501 447 528 oracula.
466 500 507 527 Tu
521 508 584 528 vero
613 501 690 533 mihi,
706 501 866 530 cbarissime
877 522 884 535 .
908 503 962 530 vim
979 503 1114 531 dictorum

325 545 484 576 Considera,
508 548 538 572 ut
552 550 783 574 sacramentorum
797 551 925 575 eventum
941 549 1113 583 assequaris;

327 590 493 625 noverisque
512 591 574 625 quis
586 595 758 627 quantusque
774 591 812 620 sit
826 597 920 621 noster
936 593 980 621 hic
995 601 1115 621 conven-

327 640 381 663 tus.
399 635 524 672 Cumque
539 638 669 672 propheta
692 639 756 665 olim
779 639 942 666 miraculum
965 641 1002 668 sit
1015 641 1114 668 vatici-

326 685 418 714 natus,
444 690 494 718 age
510 687 550 715 tu,
574 691 681 712 summo
702 685 798 712 ardore
823 686 962 720 animique
981 686 1073 713 laetitia
1087 692 1115 714 et

325 726 478 759 alacritate,
496 729 646 763 perspicaci
660 730 844 765 intelligentiae
862 735 913 758 ture
927 731 1019 763 oculo,
1033 731 1115 759 Beth-

324 771 413 799 leliem
431 773 505 800 illam
520 782 651 809 perquam
667 775 797 810 inclytam
808 776 868 808 adi;
886 776 1115 812 manifestamque

324 818 372 845 tibi
388 823 435 846 tuo
448 820 540 847 animo
554 826 641 848 tecum
656 821 802 856 imaginem
814 821 924 856 eilinge.
942 822 1114 857 prophetiam

324 871 386 891 cum
404 864 464 899 ipso
483 873 574 893 rerum
597 869 696 893 eventu
711 873 889 901 componens.
917 867 1011 903 Neque
1027 869 1112 902 enim,

1168 275 1221 302 τοῦ
1239 275 1467 308 θυσιαστηρίου,
1481 274 1530 300 καὶ
1545 273 1644 308 ἥψατο
1657 273 1711 300 τοῦ
1724 274 1872 308 στόματός
1882 282 1952 308 μου,

1167 319 1217 346 καὶ
1231 319 1325 345 εἶπεν·
1349 318 1426 346 Ἰδοὺ
1444 318 1543 352 ἥψατο
1564 317 1652 344 τοῦτο
1668 317 1726 344 τῶν
1742 318 1867 352 χειλέων
1883 327 1952 351 σου,

1167 365 1217 392 καὶ
1236 364 1344 399 ἀφελεῖ
1363 364 1416 397 τὰς
1436 363 1563 398 ἀνομίας
1584 371 1653 394 σου,
1669 364 1717 390 καὶ
1737 365 1791 397 τὰς
1810 364 1954 399 ἁμαρτιας

1166 417 1224 437 σου
1242 409 1451 444 περικαθαριεῖ.
1466 408 1521 436 Καὶ
1530 408 1651 443 ἤκουσα
1662 407 1716 443 τῆς
1728 408 1831 443 φωνῆς-
1843 411 1954 444 Κυρίου

1166 455 1320 490 λέγοντος-ν
1347 456 1416 482 Τίνα
1432 455 1620 487 ἀποστειλω;
1637 454 1687 481 καὶ
1709 455 1756 488 τίς
1777 456 1954 489 πορεύσεται

1166 501 1242 535 πρὸς
1254 501 1308 528 τὸν
1319 500 1397 527 λαὸν
1407 500 1527 532 τοῦτον;
1539 499 1594 528 Καὶ
1606 498 1685 526 εῖπα·
1713 498 1787 526 Ἰδοὺ
1804 499 1872 534 ἐγὼ,
1883 500 1954 527 ἁπό-

1165 547 1286 573 στειλόν
1295 555 1343 581 με.
1361 545 1417 573 Καὶ
1430 543 1504 573 εἶπεν
1521 546 1663 580 Πορεύου,
1676 544 1725 572 καὶ
1739 542 1826 571 εἷπον
1838 544 1878 577 τῷ
1889 544 1954 577 ,ιαῷ

1167 593 1271 624 τούτῳ·
1296 592 1381 626 Ἄκοῇ
1398 593 1561 626 ἀκούσητε,
1582 590 1633 618 καὶ
1655 591 1692 618 οὐ
1705 590 1749 624 μὴ
1763 589 1888 623 συνῆτε·
1903 590 1953 617 καὶ

1162 637 1333 670 ,βλέποντες
1347 637 1496 671 enim“,
1519 636 1569 663 καί
1585 637 1621 662 οὐ
1633 635 1675 671 μὴ
1690 634 1782 668 ῑδητε.
1798 633 1891 661 Ταῦτα
1904 634 1952 661 τοῦ

1166 686 1305 720 προφήτου
1320 684 1365 710 διὰ
1383 683 1430 710 τοῦ
1451 682 1609 717 Πνεύματος
1622 681 1657 708 τὰ
1669 680 1900 717 προκηρύγματα.
1915 679 1952 707 Σὺ

1164 730 1193 757 δέ
1205 739 1260 766 μοι,
1272 730 1408 765 ἀγαπητὴ
1422 729 1519 756 σκόπει
1531 728 1584 755 τῶν
1594 726 1746 763 εἰρημένων
1760 726 1810 761 τὴν
1826 725 1950 760 δύναμιν,

1166 776 1210 802 ἵνα
1224 776 1334 811 συνισῃς
1352 774 1406 801 τῶν
1424 773 1580 810 μυστηρίων
1597 773 1647 808 τὴν
1663 771 1786 805 ἔκϐασιν,
1800 771 1847 798 καὶ
1862 771 1952 808 μάθῃς

1164 821 1207 853 τίς
1220 821 1267 848 καὶ
1289 820 1397 855 ποταπὴ
1410 820 1490 855 ἡμῶν
1511 820 1527 854 ὴ
1552 817 1733 853 συνάθροισις.
1751 817 1808 844 Καὶ
1828 825 1951 853 προχρη-

1167 866 1329 902 ματίσαντος
1350 866 1398 892 τοῦ
1423 865 1563 902 προφήτου
1585 864 1616 890 τὸ
1635 862 1737 898 θαῦμα,
1760 862 1840 898 δεῦρο
1859 861 1947 894 ἄπιθι,

324 909 418 936 multis
435 909 486 936 tibi
500 910 590 937 verbis
605 919 673 945 opus
686 910 767 938 fuerit
789 912 822 939 ad
841 912 925 940 totius
952 901 992 941 rei
1017 915 1108 949 cogni-
1130 902 1132 927 λ

1165 901 1211 940 καὶ
1225 912 1373 948 πρόσΰαινε
1396 911 1550 947 θερμότατα
1573 909 1620 937 καὶ
1643 908 1808 945 φαιδρότατα
1824 909 1871 935 καὶ
1884 915 1952 944 προ-

324 955 426 982 tionem
441 956 673 990 consequendam,
689 957 770 984 modo
781 957 815 986 iis
825 966 886 993 qua:
901 959 956 986 illic
967 965 1112 995 geruntur,

324 999 426 1026 mentis
436 1000 530 1027 oculos
545 999 689 1036 diligenter
702 1002 839 1031 advertas.
862 1003 959 1031 Omnia
977 1005 1111 1040 siquidem

323 1048 384 1069 sunt
416 1043 491 1071 obvia
513 1044 734 1080 intelligentibus,
767 1052 793 1074 et
820 1053 892 1075 recta
921 1049 1111 1077 invenientibus

323 1087 463 1115 scientiam
478 1090 510 1116 ¹⁸.
526 1089 595 1118 Ecce
611 1091 699 1124 enim,
726 1100 776 1119 ceu
799 1093 915 1122 thronus
936 1094 1063 1123 sublimis
1085 1099 1111 1122 et

323 1131 455 1165 elevatus,
472 1134 507 1162 ob
523 1135 582 1170 ejus
597 1136 710 1172 gloriam
725 1137 773 1172 qui
788 1141 830 1165 est
845 1137 1011 1171 fabricatus,
1028 1139 1112 1176 Virgo

324 1176 410 1205 Mater
421 1179 478 1213 regi
491 1180 605 1209 Domino
621 1180 751 1215 Sabaoth,
766 1183 968 1218 spectatissima
983 1185 1039 1213 illic
1055 1191 1112 1214 sta-

323 1224 421 1251 tuitur.
436 1224 524 1260 Super
541 1227 589 1256 il|o
604 1234 678 1254 nunc
699 1228 733 1255 ad
756 1232 783 1256 te
796 1229 947 1257 venientem
974 1231 1002 1258 in
1028 1239 1111 1260 carne

321 1269 467 1298 Dominum
483 1272 617 1306 perspice.
643 1271 731 1308 Super
753 1275 818 1307 illo,
843 1275 970 1311 virginali
998 1277 1110 1312 inquam

321 1315 432 1347 throno,
443 1324 505 1343 eum
519 1325 650 1345 venerare
661 1319 707 1353 qui
724 1327 821 1347 novam
836 1320 908 1348 hanc
928 1322 1111 1356 omnibusque

322 1359 450 1388 laudibus
464 1363 681 1397 prosequendam
704 1365 736 1391 aJ
761 1368 787 1392 te
807 1365 1004 1400 profectionem
1028 1366 1106 1393 allur-

322 1406 408 1432 navit.
437 1406 624 1443 Circumspice
646 1417 711 1437 vero
739 1410 800 1438 ﬁdei
829 1412 932 1445 oculis;
951 1413 1110 1447 regiumque

321 1451 402 1479 etiam
420 1453 486 1480 illud
504 1455 710 1489 serapliicorum
727 1457 882 1491 spirituum,
898 1456 947 1485 ιιιυ
963 1458 1109 1486 sacerdotii

321 1496 394 1533 lege,
412 1497 437 1525 ei
453 1505 562 1530 comes,
585 1499 747 1535 obsequium
766 1506 903 1529 occurret.
927 1502 1008 1528 Amat
1035 1502 1109 1529 enim

1165 957 1314 993 ουμότατα,
1329 958 1362 992 τῇ
1379 957 1501 992 ὀξυωπίᾳ
1516 956 1566 992 τῆς
1581 954 1701 986 διανοίας
1714 954 1761 980 ἐπὶ
1774 953 1824 989 τὴν
1840 953 1951 980 εὐκλεε-

1164 1004 1265 1039 στάτην
1287 1003 1420 1039 Βηθλεέμ⁸
1444 1003 1491 1029 καὶ
1513 1001 1691 1028 ἁνατύπωσαι
1712 999 1819 1034 σεαυτῷ
1840 998 1949 1034 ἐμφανῆ

1163 1050 1266 1081 εἰκόνα.
1283 1052 1316 1085 τῇ
1331 1049 1444 1076 ἐκϐάσει
1459 1048 1514 1075 τῶν
1534 1047 1704 1082 πραγμάτων
1717 1046 1767 1080 τὴν
1781 1044 1950 1080 προφητείαν

1164 1096 1330 1132 συγκρίνων·
1346 1095 1377 1122 οὐ
1390 1094 1445 1130 γὰρ
1458 1093 1542 1130 δεήσῃ
1558 1091 1671 1128 μακρῶν
1685 1091 1773 1125 λόγων
1789 1090 1829 1122 εἰς
1843 1089 1948 1124 ἐφόδιον

1162 1140 1298 1176 γνώσεως,
1328 1141 1383 1173 τοῖς
1411 1139 1501 1166 ἐκεῖσε
1531 1138 1623 1174 ἔργοις
1653 1135 1823 1168 ἐνατενίζωψ
1847 1133 1949 1162 Πάντα

1162 1186 1216 1222 γὰρ
1232 1185 1343 1213 ἐνώπια
1354 1185 1409 1220 (40)
1423 1184 1487 1218 τοῖς
1504 1182 1656 1214 συνιοῦσι,
1670 1180 1720 1208 καὶ
1736 1179 1808 1214 ὀρθὰ
1820 1179 1884 1212 τοῖς
1900 1181 1948 1207 εὐ-

1158 1233 1303 1266 ρίσκουσι
1318 1230 1444 1266 γνῶσιν.
1464 1229 1529 1256 Ἰδοὺ
1548 1229 1604 1265 γὰρ
1615 1227 1707 1255 αὐτόοι
1717 1226 1755 1258 ὡς
1772 1225 1866 1261 θρόνος
1881 1224 1950 1260 ὑψη-

1161 1278 1211 1310 λὸς
1230 1277 1277 1304 καὶ
1302 1276 1457 1312 ἐπηρμένος
1478 1277 1512 1310 τῇ
1534 1275 1598 1311 δόξῃ
1614 1274 1661 1300 τοῦ
1685 1273 1828 1302 κτίσαντος
1841 1272 1859 1307 ὴ
1874 1270 1949 1306 Παρ-

1161 1323 1318 1358 θενομήτωρ
1346 1320 1536 1357 εὑτρεπίζεται
1568 1318 1747 1355 φανερώτατα
1772 1318 1812 1353 τῷ
1843 1316 1949 1352 βασιλεῖ

1161 1368 1256 1402 Κυρίῳ
1268 1366 1391 1393 Σαϐαὼθ.
1409 1367 1470 1392 Ἐπὶ
1479 1365 1573 1392 τοῦτον
1585 1365 1752 1399 κατανόησον
1763 1363 1809 1389 τδν
1820 1362 1869 1389 νῦν
1880 1362 1951 1397 πρὸς

1161 1412 1191 1439 σὲ
1213 1412 1257 1438 διὰ
1274 1411 1374 1446 σαρκὸς
1398 1410 1618 1445 ἐπιδημήσαντα*
1628 1408 1740 1443 Κύριον.
1771 1407 1833 1433 Ἐπὶ
1854 1406 1947 1434 τοῦτον

1159 1458 1204 1485 τὸν
1222 1456 1383 1493 παρθενικόν
1403 1464 1474 1491 φημι
1490 1455 1584 1491 θρόνον
1608 1454 1795 1489 προσκύνησον
1815 1452 1861 1479 τὸν
1877 1452 1946 1487 πρὸς

1160 1504 1190 1530 ei
1204 1503 1252 1538 τὴν
1269 1503 1331 1530 νέαν
1345 1502 1447 1536 ταύτην
1461 1501 1507 1527 καὶ
1523 1500 1695 1536 πανύμνητον
1709 1497 1822 1534 πορείαν
1838 1496 1945 1523 στειλά-

319 1543 401 1570 etiam
417 1543 553 1578 ejusmodi
580 1545 754 1578 satellitium,
777 1547 839 1574 talis
862 1547 935 1582 regis
949 1548 1026 1582 sequi
1040 1555 1132 1591 prat-(

1161 1558 1250 1584 μενον.
1273 1546 1438 1583 Περῐόλεψοι
1452 1547 1480 1573 δὲ
1495 1547 1550 1577 τοῖς
1567 1546 1618 1581 τῆς
1634 1545 1752 1591 niueam;
1770 1543 1884 1591 oppetat,
1901 1542 1950 1591 καὶ

321 1589 448 1616 sentiant.
467 1588 546 1617 Unde
567 1594 595 1617 et
617 1598 650 1618 eo
674 1592 750 1623 loco,
775 1599 831 1619 non
858 1593 946 1619 solum
979 1593 1109 1621 dicuntur

321 1635 449 1661 laudasse
465 1635 563 1661 trinam
583 1635 655 1662 illam
671 1636 770 1664 divinae
784 1637 898 1664 unitatis
909 1638 1109 1672 substantiam;

321 1686 416 1705 verum
433 1679 516 1707 etiam
529 1700 536 1712 ,
551 1688 612 1715 qua:
636 1689 723 1713 nunc,
743 1681 797 1709 Deo
808 1686 956 1718 apparente
967 1702 974 1714 ,
994 1683 1020 1710 in
1037 1687 1110 1711 terra

321 1724 456 1757 occurrit,
474 1726 555 1753 unius
570 1726 644 1754 illius
658 1727 692 1755 de
707 1732 801 1755 sancta
814 1727 958 1761 Trinitate,
981 1730 1109 1758 omnibus

321 1770 488 1797 adorandum
502 1771 634 1806 gloriam;
652 1773 678 1799 in
691 1780 722 1800 eo
737 1774 811 1808 quod
821 1773 914 1801 dicant
928 1784 934 1801 ε
949 1774 1035 1801 Plena
1051 1783 1108 1802 ont-

321 1815 362 1842 uis
383 1820 453 1842 terra
467 1816 553 1850 gloria
576 1816 642 1850 ejus.
655 1817 798 1845 Credimus
813 1818 885 1845 enim
896 1839 903 1852 ,
920 1818 988 1845 Filio
999 1823 1110 1854 propter

321 1868 372 1888 nos
400 1863 542 1888 secundum
572 1864 736 1898 propositum
762 1865 783 1880 "
809 1864 880 1892 facto
909 1865 1029 1898 homini,
1056 1873 1109 1893 una

321 1906 418 1933 adesse
430 1905 698 1936 Patrem.divinitate
708 1908 893 1942 inseparabili,
910 1916 971 1935 cum
986 1909 1109 1943 ejusdem

321 1951 374 1986 ipsi
393 1952 520 1978 essentia:
539 1951 652 1987 Spiritu.
679 1952 746 1980 Nam
777 1954 815 1980 ait
830 1953 941 1987 Paulus,
961 1955 1005 1982 ille
1019 1963 1111 1983 sacro-

322 2004 383 2023 rum
397 1997 532 2032 interprcs
552 2007 557 2024 :
576 1997 642 2024 Erat
657 1998 727 2025 Deus
746 1999 773 2026 in
790 1998 894 2026 Christo
906 2020 913 2031 ,
930 2001 1056 2028 mundum
1070 2010 1111 2028 re-

321 2042 467 2069 concilians
480 2042 541 2077 sibi,
557 2052 608 2070 non
623 2050 747 2078 reputans
760 2045 823 2078 ipsis
838 2045 934 2072 delicta
944 2047 1060 2080 ipsorum
1071 2048 1110 2080 '°;

322 2087 431 2116 Patrem
451 2090 477 2116 in
491 2088 575 2122 Filio,
593 2094 703 2125 propter
716 2098 797 2117 unam
817 2092 995 2127 eamdemque
1015 2092 1112 2120 volun-

321 2138 405 2161 tatem
422 2142 483 2162 csse
501 2135 657 2163 ostendens.

1162 1594 1288 1629 εὑρήσεις
1300 1593 1365 1628 περὶ
1379 1592 1472 1618 τοῦτον
1487 1591 1534 1617 καὶ
1549 1591 1593 1617 τὸν
1610 1589 1747 1626 βασιλικὸν
1757 1588 1812 1615 τῶν
1827 1587 1948 1624 σεραφὶμ

1164 1640 1314 1674 ἱεράτευμα
1326 1638 1392 1674 (41).
1406 1637 1537 1664 Ἔπεσθαι
1552 1637 1606 1672 γὰρ
1620 1636 1691 1671 φιλεί
1703 1643 1762 1666 πως
1775 1636 1807 1670 τῇ
1818 1634 1949 1670 βασιλέως

1163 1685 1299 1721 παρουσίᾳ
1321 1685 1367 1712 καὶ
1393 1685 1409 1720 ή
1433 1683 1535 1710 τούτων
1552 1682 1708 1719 δορυφορία.
1727 1680 1809 1708 Ὅθεν
1830 1680 1878 1707 καὶ
1902 1680 1948 1706 ἁν-

1163 1731 1315 1767 υμνηκέναι
1331 1731 1361 1757 τὸ
1377 1730 1526 1765 τηνικαῦτα
1546 1729 1668 1763 λέγονται
1691 1728 1720 1754 οὐ
1739 1727 1818 1762 μόνον
1831 1726 1862 1753 τὸ
1874 1733 1949 1762 τρισ-

1162 1776 1311 1803 υττόστατον
1323 1776 1372 1811 τῆς
1389 1775 1463 1807 θείας
1479 1774 1582 1806 tum,
1598 1774 1665 1800 ἀλλὰ
1679 1773 1711 1810 δὴ
1727 1774 1775 1800 καὶ
1786 1773 1835 1808 τὴν
1847 1781 1948 1799 καταν-

1162 1823 1284 1857 τήσασαν
1295 1822 1332 1849 τὰ
1345 1821 1392 1848 νῦν
1409 1821 1455 1848 ἐπὶ
1469 1821 1521 1856 γῆς
1536 1821 1580 1847 διὰ
1594 1821 1643 1855 τῆς
1657 1818 1814 1853 θεοφανειας
1826 1817 1873 1844 τοῦ
1890 1817 1948 1849 ἐνὸς

1162 1868 1211 1902 τῆς
1232 1866 1312 1901 ἁγίας
1331 1867 1444 1902 Τριάδος
1466 1867 1532 1892 πᾶσι
1547 1864 1735 1900 προσκυνητὴν
1751 1863 1840 1895 δόξαν,
1856 1863 1886 1888 ἐν
1909 1861 1949 1897 τῷ

1162 1912 1267 1946 λέγειν·
1292 1912 1413 1945 Πλήρης
1437 1909 1522 1938 πᾶσα
1544 1911 1563 1944 ὴ
1588 1909 1625 1944 γῆ
1653 1908 1709 1942 τῆς
1728 1908 1821 1941 δόξης
1844 1907 1948 1935 αὑτοῦ.

1160 1959 1348 1993 Συμπαρεῐναι
1366 1957 1420 1992 γὰρ
1442 1955 1665 1990 πεπιστεύκαμεν
1681 1953 1720 1989 τῷ
1733 1953 1768 1980 δι’
1784 1954 1857 1988 ἡμᾶς
1873 1954 1950 1979 ἐναν-
1970 1978 1975 1983 _

1159 2004 1335 2039 Θρωπήσαντι
1352 2002 1408 2037 Υἱῷ
1424 2002 1500 2029 κατὰ
1515 2000 1573 2034 τὴν
1595 1999 1736 2027 εὐδοκίαν
1748 1998 1816 2034 (ἃ),
1832 1999 1880 2025 καὶ
1901 1998 1948 2025 τὸν

1159 2049 1336 2076 ἀδιάπακτον
1357 2047 1440 2076 αὑτοῦ
1461 2047 1570 2082 Πατέρα
1592 2046 1662 2073 κατά
1686 2046 1736 2081 τὴν
1755 2045 1884 2081 Θεότητα,
1899 2046 1948 2072 σὺν

1157 2094 1197 2128 τῷ
1219 2093 1355 2129 ὁμοουσιῳ
1375 2093 1459 2120 αὑτοῦ
1484 2092 1633 2127 Πνεύματι.
1658 2092 1729 2124 Θεὸς
1746 2091 1811 2127 γὰρ,
1833 2090 1916 2126 φησὶν
1934 2091 1949 2117 6

1161 2139 1323 2174 ἱεροφάντης
1349 2139 1463 2171 Παῦλος,
1492 2137 1531 2174 ἦν
1553 2139 1588 2165 ὲν
1613 2138 1653 2171 τῷ
1677 2137 1803 2172 Χριστῷ,
1833 2138 1950 2170 κόσμον

321 2181 417 2213 ἐαυτῷ
432 2181 663 2214 καταλλάσσων,
677 2182 720 2217 μὴ
740 2183 928 2218 λογιζόμενος
948 2183 1051 2216 αὐτοῖς
1066 2183 1103 2210 τὰ
1133 2185 1353 2221 παραπτώματα
1367 2185 1464 2212 αὐτῶν
1478 2193 1486 2201 ο
1497 2185 1543 2211 τὸν
1566 2184 1676 2220 Πατέρα
1689 2185 1718 2210 ἐν
1731 2183 1770 2218 τῷ
1781 2181 1837 2216 Υἱῷ
1860 2180 1904 2207 διὰ
1919 2179 1949 2206 τὸ

322 2226 351 2253 ἓν
364 2226 468 2262 Θέλημα
485 2228 635 2262 ἐμφαίνων.

356 2284 390 2312 Ill
413 2284 453 2312 Tu
463 2292 526 2312 vero
540 2285 768 2320 festiamans,qui
779 2285 819 2313 sic
835 2285 954 2320 gloriosa
968 2285 1111 2313 Bethlehe-
1126 2289 1132 2316 ]

1197 2285 1232 2313 Γ.
1252 2287 1428 2321 Κατανοήσας
1441 2286 1479 2318 δὲ,
1499 2282 1663 2319 ὧφιλέορτε,
1681 2283 1745 2318 περὶ
1756 2283 1805 2318 τὴν
1827 2283 1949 2320 Βηθλεὲμ

322 2331 415 2358 mitica
427 2334 453 2358 et
466 2338 527 2365 qua:
541 2331 581 2358 lui
598 2338 683 2358 causa
697 2335 935 2363 consummantur,
947 2331 1109 2366 perspicias,

322 2376 481 2403 cmlestibus
507 2376 605 2403 turmis
625 2376 742 2403 salutem
771 2381 845 2403 tuam
873 2376 1019 2411 magnifice
1040 2377 1110 2404 cele—

322 2420 464 2449 brantibus
479 2425 533 2449 tete
548 2422 644 2450 lubens
659 2423 812 2458 alacrisque
826 2422 954 2457 adjunge.
967 2421 1110 2455 Quomodo

323 2468 388 2494 olim
405 2467 489 2496 David
503 2476 597 2497 coram
622 2477 686 2497 arca
700 2471 734 2503 ",
747 2471 787 2498 sic
803 2470 862 2505 ipse
879 2477 971 2497 coram
984 2469 1109 2504 virginali

322 2513 431 2546 throno,
451 2513 528 2541 laetus
542 2513 657 2542 choreas
668 2515 772 2541 ducito.
796 2514 942 2542 Dominum
967 2515 1069 2555 ubique
1082 2517 1109 2541 et

322 2566 430 2593 semper
442 2563 614 2594 praesentem,
627 2559 729 2594 quique
749 2567 764 2585 a
782 2558 931 2592 Themane,
947 2563 976 2586 ut
994 2559 1032 2586 ait
1045 2566 1108 2594 pro-

360 2636 380 2651 "
397 2634 465 2663 lsai.
483 2644 520 2668 vr,
540 2636 597 2664 1-9.
636 2636 658 2652 ’⁸
673 2635 753 2663 Prov.
770 2643 830 2667 vm,
842 2635 868 2663 9.
907 2636 928 2652 “
944 2635 1040 2670 [ip/tes.
1055 2642 1075 2666 ι,
1091 2634 1118 2661 5.

358 2713 414 2749 (40)
433 2714 564 2741 Ἑνώπια.
578 2713 694 2749 Theod.,
709 2713 810 2740 εὐθεῖα.

358 2745 415 2787 (ιή
429 2748 602 2787 Ἰιεράτευμα.
618 2745 714 2787 Visum
731 2753 777 2787 cst
787 2749 878 2787 minus
891 2753 1052 2787 cypressum
1068 2745 1109 2787 τὸν

323 2779 508 2821 sacerdotium.
526 2779 584 2821 list,
601 2789 672 2821 auct.
692 2783 788 2821 Arist.,
809 2785 830 2821 fi]
858 2779 1009 2821 nspi:'z_ob;
1032 2779 1108 2811 θεοὺς

324 2818 477 2855 ἐπιμέλεια.
494 2819 585 2855 cultus
600 2819 646 2855 ille
662 2823 689 2845 et
702 2817 863 2855 obsequium
886 2817 1108 2855 religioquetsa—

323 2852 480 2880 raritatibus
491 2854 619 2882 maxime,
633 2852 716 2880 Deum
732 2854 905 2886 divummque
918 2852 1107 2886 excellentiam

323 2895 356 2915 cx
374 2889 487 2916 cllctttcr
504 2888 695 2922 reicrentibus,
713 2885 1037 2922 respectichadhibenda.

1163 2332 1197 2359 τὰ
1210 2332 1297 2364 οὕτως
1317 2332 1409 2364 ἐνδοξα
1421 2332 1468 2358 καὶ
1484 2331 1527 2358 διὰ
1545 2331 1575 2357 σε
1590 2329 1748 2364 τελούμενα,
1770 2330 1949 2365 συνασμένιζε

1162 2379 1218 2409 τοῖς
1229 2377 1399 2413 ἐπουρανίοις
1414 2375 1590 2412 μεγαλοφυῶς
1600 2375 1647 2410 τὴν
1663 2375 1727 2410 περὶ
1745 2375 1774 2401 σὲ
1791 2374 1948 2410 ἑορτάζουσι
1982 2389 1987 2393 ~

1164 2422 1309 2458 σωτηρίαν.
1340 2421 1442 2456 Χὸρευε
1470 2419 1523 2454 πρὸ
1544 2418 1689 2454 προσώπου
1713 2417 1759 2444 τοῦ
1786 2417 1948 2454 παρθενικοῦ

1163 2467 1268 2503 Θρόνου,
1283 2467 1320 2498 ὡς
1336 2466 1420 2493 πάλαι
1436 2465 1517 2492 Δαυῒδ
1534 2464 1586 2500 πρὸ
1602 2463 1746 2499 προσώπου
1753 2462 1803 2498 τῆς
1819 2462 1946 2489 κιϐωτοῦ.

1168 2512 1373 2547 ’Δνευφήμησον
1389 2510 1434 2536 τὸν
1452 2508 1609 2543 ἁπανταχοῦ
1629 2508 1742 2534 πάντοτε
1758 2507 1890 2543 παρόνςα,
1902 2507 1950 2533 καὶ

1161 2559 1194 2584 ἐκ
1209 2556 1312 2592 Θεμὰν,
1327 2555 1364 2587 ὥς
1391 2563 1471 2590 φησιν
1486 2555 1500 2580 ό
1516 2553 1669 2590 προφήτης,
1692 2552 1855 2588 ἐπιφανῆναι
1879 2551 1952 2579 κατὰ

1156 2634 1178 2650 ¹⁰
1197 2633 1299 2660 “Cor.
1320 2641 1346 2665 ν,
1362 2631 1404 2659 l9.
1443 2632 1465 2647 “
1486 2630 1578 2665 IReg.
1594 2637 1632 2662 vt,
1650 2629 1694 2656 Η.

1199 2709 1255 2745 (ιὲ)
1277 2708 1357 2745 Κατὰ
1380 2709 1436 2742 τὴν
1461 2707 1623 2745 εὐδοκίας..
1634 2707 1702 2745 Eph.
1725 2715 1745 2738 ι,
1761 2715 1817 2743 quo
1842 2706 1948 2745 alludit.

1162 2741 1466 2781 Neiup'ejuatamonam
1487 2743 1561 2769 illam
1579 2742 1626 2769 Dei
1638 2741 1805 2781 vbiuntﬁatem
1817 2747 1846 2770 et
1855 2741 1946 2781 ἀξίῃ-ιγ

1162 2785 1220 2806 tum
1233 2775 1332 2805 'sal'utis
1356 2779 1512 2810 hominum;
1528 2785 1559 2804 ex
1574 2785 1628 2812 qua
1645 2784 1697 2804 una
1722 2777 1813 2805 Patris
1831 2780 1858 2812 et
1874 2775 1948 2812 Filii,

1163 2814 1271 2842 Patrem
1303 2814 1330 2840 in
1354 2813 1422 2840 l-‘ilio
1445 2812 1536 2839 statim
1556 2810 1669 2844 colligit,
1686 2819 1719 2838 ex
1734 2814 1830 2839 eodem
1843 2810 1948 2844 Pauio;
2004 2832 2009 2834 .

1161 2856 1247 2882 eoque
1261 2847 1352 2875 minus
1369 2851 1429 2882 apte
1446 2846 1586 2881 Paulinus,
1609 2846 1639 2874 ob
1656 2854 1811 2881 propensam
1829 2854 1902 2873 suam
1923 2847 1949 2873 in

1164 2892 1210 2910 nos
1229 2883 1400 2910 voluntatem.
