2145 3163
334 193 389 222 56⁸1

798 188 827 217 S.
849 187 1016 217 METHODII
1035 187 1191 217 EPISCOPI
1211 188 1257 216 ET
1276 187 1458 217 MARTYRIS

1908 192 1961 220 368

334 259 418 288 gnum
435 253 521 282 ratus,
538 253 567 277 ut
578 249 652 277 illam
668 255 808 276 servorum
822 251 931 276 tuorum
948 249 1062 276 salutem
1074 248 1119 276 beo
1135 251 1158 279 Α

1153 249 1220 285 ,τῆς
1243 250 1291 283 σῆς
1316 249 1501 285 μεγαλοσύνης
1520 250 1567 276 καὶ
1586 249 1777 285 χρηστότητος,
1799 250 1893 288 οἰκέτῃ
1911 252 1962 288 τὴν

334 298 531 332 nellcinmque.
557 295 651 323 eadem
672 294 828 323 conditione
845 302 925 322 servo
938 295 1120 328 concederes;

335 348 400 372 utve
428 350 476 371 eos
496 342 544 378 qui
557 340 745 372 oﬂ‘endissent,
763 340 887 368 ministro
904 340 1121 368 reconciliandos

335 389 529 417 committeres.
547 387 703 418 Enimvero,
716 394 764 422 per
778 386 880 414 Lumen
906 386 972 413 illud
998 386 1121 421 ejusdem

335 438 425 462 tecum
439 434 609 467 substantiae,
625 433 717 459 lumen
736 432 843 460 donasti
858 432 891 459 iis
905 431 950 466 qui
964 431 991 458 in
1009 431 1121 458 tenebris

334 481 403 508 etin
422 480 516 507 umbra
542 479 633 506 mortis
648 477 771 505 sedebant
788 478 827 510 “;
852 481 880 504 ut
901 477 928 504 in
944 477 1040 504 lumine
1062 482 1120 509 luo,

334 525 453 554 ecientt'c
467 524 554 552 lumen
566 523 669 550 videant
681 523 722 550 “z
738 521 903 558 placuitque.
919 525 949 549 ut
972 529 1020 556 per
1031 520 1122 547 Domi-

334 578 402 599 num
418 573 445 599 et
465 575 617 598 creatorem
632 569 796 596 reformares
812 575 863 595 nos
891 567 918 594 in
934 567 1123 594 immortalita-

333 620 407 651 tem;
432 617 567 651 nobisque
580 623 629 651 per
644 615 732 650 ipsum
749 614 795 649 qui
821 613 950 649 paradiso
962 614 1121 642 deliciarum

334 662 572 693 exterminaverat,
587 660 704 689 reditum
727 659 883 695 elargireris
904 659 932 685 in
953 658 1119 693 paradisum.

335 708 377 736 Ad
393 708 461 739 hac.
476 715 525 742 per
546 714 608 735 eum
633 707 678 742 qui
699 705 775 732 habet
796 709 950 739 potestatem
974 703 1123 731 dimittendi

333 758 442 791 peccata
457 753 478 770 "
500 752 570 789 quod
593 756 651 780 erat
671 751 795 779 adversus
819 758 866 777 nos
884 749 976 776 detestt‘
988 749 1123 785 chirogra—

334 800 415 836 phum
429 800 461 827 ⁸⁸.
479 799 602 834 Denique
615 806 664 834 per
678 805 739 826 eum
755 797 801 832 qui
813 795 908 824 eodem
919 799 1009 823 tecum
1023 795 1123 822 throno

334 845 461 875 sublimis
475 844 562 878 sedet,
577 844 678 879 quique
693 850 708 870 a
728 842 821 869 divina
846 845 895 868 tua
921 844 1020 868 natura
1036 840 1124 868 haud-

335 899 471 928 quaquam
484 890 615 919 excedere
626 891 726 925 potest,
742 887 845 915 ﬁrmam
861 887 941 915 nobis
963 887 1124 915 reconcilia-

335 938 419 965 tionis
435 942 617 971 accessusque
630 935 739 963 donasti
757 934 898 967 ﬁduciam;
926 938 956 962 ut
970 942 1019 969 per
1031 933 1123 961 Domi-
1138 951 1159 978 Β

335 991 423 1014 num,
450 982 553 1010 nullius
580 985 769 1017 agnoscentem
794 980 957 1016 imperium,
983 979 1122 1015 Deumque

335 1037 430 1057 verum
446 1036 478 1057 ac
487 1032 639 1064 potentem;
655 1032 695 1055 tot
709 1031 902 1062 tantorumque
916 1027 1050 1054 bonorum
1066 1028 1122 1054 vel—

336 1078 365 1103 ut
389 1074 542 1109 subscripta
562 1073 678 1106 sanctio,
694 1077 768 1101 certa
779 1077 806 1100 et
818 1072 968 1100 indubitata
980 1072 1053 1108 jura,
1067 1072 1122 1099 mi-

335 1120 513 1149 sericordiam
541 1119 697 1148 consecutis
720 1119 879 1147 Constituat.
897 1118 975 1151 Quod
992 1123 1018 1145 et
1032 1120 1121 1154 ipsum

335 1167 399 1195 olim
422 1167 650 1202 pnenuntiaverat
670 1165 801 1201 propheta
822 1164 918 1192 dicens
939 1174 945 1191 :
973 1163 1034 1191 Non
1051 1164 1122 1199 tega-

336 1216 379 1239 tus
391 1231 398 1243 ,
416 1219 469 1238 non
484 1211 610 1246 angelus;
626 1209 671 1237 sed
700 1210 754 1243 ipse
770 1208 898 1236 Dominus
920 1209 1032 1236 saluauit
1056 1218 1099 1237 eos
1112 1218 1121 1236 :

335 1263 471 1292 propterea
488 1256 558 1292 quod
571 1261 672 1283 amaret
688 1264 743 1287 eos,
754 1259 778 1282 et
794 1259 912 1289 parceret
930 1255 994 1289 ipsis
1007 1261 1047 1283 :et
1059 1264 1120 1283 sus-

336 1303 403 1336 cepit
426 1307 451 1329 et
465 1302 594 1329 exultauit
609 1309 652 1328 eos
668 1301 701 1328 ".
721 1299 810 1335 Atque
830 1299 886 1327 haec
897 1301 999 1332 omnia,
1013 1308 1066 1327 non
1089 1308 1122 1328 ea:

337 1347 457 1383 operibus
475 1355 534 1382 qua
556 1346 693 1381 fecerimus
723 1346 775 1381 ipsi
799 1346 826 1372 in
851 1346 971 1379 iustitia;
995 1350 1041 1373 aut
1057 1347 1122 1381 quia

336 1399 363 1422 te
376 1393 553 1421 dilexerimus
566 1393 588 1408 "
603 1393 719 1427 (primus
736 1391 810 1419 enim
829 1390 874 1418 ille
900 1398 1000 1426 parens
1029 1395 1123 1420 noster

337 1439 491 1476 terrigena,
518 1447 580 1466 cum
607 1438 726 1474 paradisi
739 1436 852 1465 delicias
879 1436 1121 1472 domiciliumque,

338 1486 451 1515 honoris
473 1486 651 1522 praerogativa
668 1487 844 1516 consecutus,
858 1487 935 1510 tuum
964 1483 1030 1510 illud
1053 1483 1123 1510 divi-

337 1540 403 1560 num
416 1532 563 1568 sprevisset
583 1539 616 1559 ac
639 1531 759 1559 salutare
786 1532 948 1564 praeceptum
962 1548 970 1561 ,
994 1528 1122 1564 indignus

337 1579 411 1608 vitali
425 1579 472 1606 illo
485 1579 546 1606 loco
557 1579 697 1613 judicatus
711 1580 753 1605 est
765 1585 773 1609 ;
791 1583 924 1610 suumque
936 1582 1018 1602 omne
1029 1582 1123 1602 semen

1171 295 1225 322 τῶν
1243 295 1297 322 σῶν
1310 295 1422 322 οἰκετῶν
1437 295 1651 322 καταπιπεῦσαι
1671 296 1807 332 σωτηρίαν
1821 297 1867 324 καὶ
1882 297 1957 333 εὐερ-

1172 342 1277 377 γεσίαν,
1295 342 1311 378 ἢ
1334 341 1481 377 λειτουργῷ
1508 340 1665 376 ἐγχειρῆσαι
1686 340 1735 377 τὴν
1765 342 1820 369 τῶν
1838 351 1961 378 ,προσκε-

1172 388 1327 424 κρουκότων
1356 389 1537 424 καταλλαγήν.
1564 388 1644 415 ’Δλλά
1672 388 1717 415 διὰ
1745 388 1792 415 τοῦ
1819 389 1961 424 ὁμοουσίου

1171 435 1262 466 Φωτὸς
1275 434 1333 469 φῶς
1347 434 1410 468 τοῖς
1425 435 1460 461 ἐν
1471 435 1573 462 σκότει
1587 435 1635 462 καὶ
1649 433 1721 469 σκιᾷ
1733 433 1862 462 θανάτου
1871 436 1962 468 καθηο

1169 480 1273 516 μένοις
1289 480 1429 515 ἐδωρήσω,
1451 481 1502 508 ἵνα
1525 481 1560 507 ἐν
1577 480 1616 513 τῷ
1636 480 1682 514 σῷ
1701 480 1774 515 φωτὶ
1795 480 1880 507 ιδωσι
1899 479 1963 516 φῶς

1172 525 1325 560 γνώσεως⁸
1343 526 1390 552 καὶ
1406 525 1450 552 διὰ
1469 525 1515 552 τοῦ
1530 525 1659 552 δεσπότου
1675 526 1722 552 καὶ
1735 525 1899 561 δημιουργοῦ
1913 526 1960 553 εὐ-

1171 572 1289 607 δόκησας
1302 572 1457 599 ἀναπλάσαι
1469 572 1542 607 ἡμᾶς
1555 572 1595 604 είς
1610 571 1774 607 ἀφθαρσίαν,
1789 571 1837 598 καὶ
1851 571 1897 598 διά
1913 571 1961 598 τοῦ

1172 616 1352 652 ἀφορίσαντος
1366 616 1399 643 ὲκ
1411 616 1574 652 παραδείσου
1588 617 1693 652 τρυφῆς
1704 615 1754 652 τήν
1775 617 1814 647 είς
1830 615 1961 651 παράδει-

1173 671 1218 690 σον
1230 660 1307 694 αὖθις
1320 662 1497 694 ὲπανάζευξιν
1508 662 1627 698 ἐχαρίσω
1637 669 1645 677 ⁸
1658 662 1705 689 καὶ
1716 661 1760 688 διὰ
1770 661 1825 688 τοῦ
1837 662 1961 696 ἔχοντος

1171 708 1317 741 ἐξουσίαν
1336 707 1454 743 ἀφιέναι
1471 708 1615 742 ἁμαρτίας
1633 707 1667 734 τὸ
1687 708 1751 735 καθ’
1764 707 1849 743 ἡμῶν
1865 707 1961 742 χειρόο

1172 760 1287 787 magar
1301 752 1479 786 ἐξήλειψαςσ
1497 752 1544 779 καὶ
1557 751 1601 779 διὰ
1614 751 1661 778 τοῦ
1681 751 1824 788 συνθρόνου
1845 751 1893 778 καὶ
1912 751 1961 779 ἀν-

1173 798 1332 834 εκφοιτήτου
1355 798 1403 833 τῆς
1421 797 1497 829 Θείας
1519 806 1564 824 σου
1588 797 1694 832 φύσεως
1712 797 1760 833 τὴν
1780 797 1848 833 πρὸς
1865 796 1895 823 σὲ
1904 807 1964 826 κατ-

1174 844 1292 880 αλλαγήν
1333 843 1381 869 καὶ
1404 843 1586 878 προσαγωγὴν
1610 844 1639 870 tv
1661 843 1820 879 πεποιθήσει
1845 842 1962 878 ἐφιλοτι-

1175 889 1268 924 μήσω·
1294 890 1367 920 ὅπως
1393 889 1436 916 διὰ
1462 889 1591 916 δεσπότου
1615 889 1802 921 ἀδασιλεύτου,
1821 889 1869 916 καὶ
1893 887 1961 916 Θεοῦ

1172 934 1299 970 ἀληθινοῦ
1314 935 1361 962 καὶ
1375 934 1559 968 ὲξουσιαστοῦ,
1574 936 1588 962 ό
1608 935 1662 961 τῶν
1675 935 1809 962 τοσούτων
1825 935 1873 961 καὶ
1887 934 1962 970 τηλι-

1173 980 1276 1007 κούτων
1298 981 1406 1014 ἀγαθῶν
1429 981 1526 1015 δεσμὸς
1548 981 1771 1016 ὑπογραφόμενος
1792 980 1962 1016 ἀναμφίδολα

1172 1027 1226 1058 τοῖς
1246 1026 1413 1061 ὲλεουμένοις
1435 1027 1594 1063 καταστήσῃ
1616 1027 1665 1062 τῆς
1682 1027 1791 1062 χάριτος
1810 1026 1844 1053 τὰ
1861 1026 1960 1053 δίκαια.

1172 1073 1239 1108 Περὶ
1255 1073 1315 1099 ᾶιου
1341 1072 1388 1099 καὶ
1410 1073 1424 1099 ό
1451 1072 1593 1108 προφήτης
1614 1074 1786 1108 προεμήνυσε
1806 1072 1962 1107 λέγων-οὐ

1172 1119 1314 1153 πρέσϐυς,
1330 1121 1386 1147 οὐκ
1397 1119 1534 1154 ἅγγελος,
1548 1119 1617 1146 ἀλλ’
1632 1119 1723 1152 αὐτὸς
1737 1121 1753 1146 ό
1770 1119 1878 1154 Κύριος
1888 1120 1964 1146 ἐσω-

1172 1174 1228 1193 σεν
1247 1166 1367 1199 αὐτοὺς,
1385 1165 1464 1200 παρὰ
1486 1165 1520 1192 τὸ
1542 1165 1662 1199 ἀγαπᾷν
1677 1165 1797 1199 αὐτοὺς,
1824 1165 1873 1193 καὶ
1899 1165 1962 1200 scel-

1172 1212 1275 1239 δεσθαι
1293 1211 1401 1239 αὐτῶν.
1420 1211 1468 1238 καὶ
1483 1210 1619 1243 ἀνέλαϐε,
1636 1211 1684 1238 καὶ
1703 1211 1827 1246 ὕψωσεν
1839 1211 1961 1244 αὐτούς.

1172 1257 1227 1283 Καὶ
1239 1256 1326 1283 ταῦτα
1343 1256 1431 1283 πάντα
1451 1257 1507 1283 οὐκ
1521 1256 1556 1288 ἐξ
1577 1257 1671 1291 ἔργων
1692 1256 1776 1291 ἡμῶν
1789 1256 1847 1283 τῶν
1866 1257 1902 1283 ἐν
1918 1256 1963 1284 δι-

1172 1297 1329 1336 καιοσύνῃ,
1341 1303 1396 1329 οὐδ’
1408 1303 1448 1329 ὅτι
1461 1303 1541 1337 ἡμεῖς
1557 1311 1587 1328 σε
1605 1303 1788 1338 ἠγαπήσαμεν
1804 1301 1829 1337 (ὀ
1844 1302 1898 1337 γὰρ
1912 1310 1964 1338 γη-

1171 1349 1253 1383 γενὴς
1269 1347 1346 1383 ἡμῶν
1363 1348 1513 1383 προπάτωρ
1533 1347 1580 1374 καὶ
1602 1347 1653 1382 τὴν
1672 1348 1701 1373 ὲν
1725 1346 1881 1382 παραδείσῳ
1897 1355 1964 1383 τρυ-

1173 1393 1226 1428 φὴν
1240 1393 1287 1419 καὶ
1303 1392 1440 1427 διαγωγὴν
1458 1391 1592 1426 τιμηθεὶς,
1603 1391 1652 1426 τὴν
1668 1391 1743 1418 θείαν
1762 1391 1809 1417 καὶ
1830 1391 1963 1427 σωτήριόν

1173 1448 1219 1466 σου
1235 1437 1402 1473 ἐκφαυλίσας
1420 1437 1540 1472 ἐντολὴν,
1562 1437 1726 1471 ἀποδόκιμος
1750 1435 1856 1471 ζωηροῦ
1873 1435 1963 1472 χώρου

1172 1484 1279 1520 ἐκρίθη,
1297 1484 1344 1511 καὶ
1364 1482 1395 1510 τὸ
1414 1482 1468 1509 πᾶν
1482 1481 1564 1509 αὐτοῦ
1582 1481 1692 1517 σπέρμα
1708 1480 1879 1508 ἀκιδνότατον
1897 1489 1964 1508 κατ-

1172 1529 1279 1565 έστησε,
1297 1530 1354 1561 τοῖς
1373 1528 1460 1560 νόθοις
1484 1527 1652 1564 μου-χεύμασι
1673 1527 1722 1563 τῆς
1745 1526 1880 1562 ἁμαρτίας
1893 1535 1964 1563 συμ-

1173 1576 1319 1611 φυράσας),
1340 1575 1408 1602 ἀλλά
1430 1575 1463 1601 δι’
1476 1574 1570 1601 ἑαυτὸν
1591 1574 1638 1601 καὶ
1657 1573 1706 1609 τὴν
1722 1573 1787 1608 περὶ
1804 1572 1835 1600 τὺ
1851 1573 1964 1609 πλάσμα

338 1625 440 1661 spuriis
456 1624 559 1659 peccati
573 1623 726 1651 stolonibus
737 1621 928 1651 commiscens.
943 1620 972 1647 in
986 1627 1119 1648 summam
1133 1624 1155 1653 c

1153 1627 1155 1652 ι
1172 1633 1218 1651 σου
1231 1624 1334 1659 ἄφατον
1348 1623 1469 1660 ἀγάπην,
1485 1621 1672 1658 ὲκραταίωσας
1687 1621 1730 1656 ἐφ’
1743 1622 1818 1657 ἡμᾶς
1835 1621 1866 1649 τδ
1888 1621 1964 1654 ἔλεός

339 1671 506 1699 debilitatem
536 1668 647 1704 adegit),
664 1668 712 1696 sed
728 1667 786 1703 ipse
800 1670 910 1702 propter
927 1666 1099 1701 temetipsum
1113 1685 1121 1698 ,

338 1716 569 1751 inenarrabilique
584 1714 630 1742 illa
651 1718 697 1742 tua
714 1721 778 1749 erga
796 1713 953 1748 ﬁgmentum
967 1712 1121 1743 dilectione,

337 1762 552 1791 misericordiam
570 1761 598 1789 iu
614 1768 664 1788 nos
686 1765 770 1791 tuam,
784 1758 907 1791 Domine,
923 1758 1123 1791 corroborasti;

338 1813 514 1843 nostramque
546 1806 595 1834 abs
619 1810 645 1834 te
674 1805 871 1841 separationem
897 1804 1011 1836 dolens,
1041 1804 1123 1831 etiam

338 1855 398 1889 ipse
410 1858 447 1884 te.
464 1860 546 1888 super
559 1857 652 1879 nostra
664 1851 849 1886 corruptione.
865 1854 895 1877 ut
906 1849 984 1877 dares
999 1850 1026 1876 in
1044 1849 1123 1875 mise-

338 1899 468 1929 ricordias
485 1899 519 1930 "',
530 1898 644 1934 placasti
659 1901 686 1924 et
700 1896 837 1924 inﬂexisti.
851 1895 921 1923 Hinc
934 1903 984 1923 nos
995 1895 1124 1929 deinceps

338 1947 403 1974 Adin
415 1944 523 1972 soboles
539 1943 607 1970 festa
623 1942 722 1977 plausu
740 1941 856 1977 agimus,
869 1941 942 1976 quod
959 1941 1065 1976 primus
1080 1940 1125 1967 illc

339 1992 404 2019 Adae
418 1990 506 2022 lictor,
528 1997 577 2017 sua
604 1989 662 2023 ipse
679 1991 785 2023 sponte,
801 1995 889 2014 novus
913 1987 998 2014 Adam
1013 1985 1125 2014 etl‘cctus

340 2038 376 2066 sit
393 2047 399 2065 ε
416 2036 598 2072 splendorque
614 2033 719 2061 Domini
733 2032 780 2061 Dei
794 2033 882 2060 nostri
905 2032 1048 2060 nobiscum
1063 2038 1125 2058 ver-

340 2087 416 2111 satus
431 2082 532 2114 est'“;
546 2085 574 2108 ut
589 2080 672 2108 Deum
685 2079 755 2107 facie
767 2079 800 2106 ad
812 2079 908 2106 faciem
923 2078 1083 2107 viderimus,
1098 2080 1125 2104 et

340 2129 408 2157 salvi
434 2128 498 2156 tacti
528 2127 625 2155 simus.
652 2126 850 2159 Quamobrem,
876 2124 1067 2156 Domine,ate
1083 2122 1125 2150 di-

340 2175 411 2203 mitti
419 2173 586 2210 quaeroNidi
596 2172 722 2200 Salutare
736 2177 812 2199 tuum
828 2181 835 2198 :
849 2171 975 2198 absolvar
989 2176 1052 2204 ergo
1066 2176 1126 2196 cur-

339 2229 374 2249 vo
388 2221 486 2248 littera:
507 2220 581 2255 jugo.
600 2218 661 2246 Vidi
688 2218 788 2253 Regem
812 2218 1020 2251 sempiternum,
1037 2218 1064 2243 et
1080 2214 1124 2241 cui

340 2266 411 2297 alius
433 2272 487 2292 non
513 2264 643 2292 succedat
657 2273 663 2291 :
682 2262 807 2290 absolvar
818 2262 908 2290 servrli
922 2260 1017 2289 collari
1033 2260 1084 2287 hoc
1098 2263 1124 2287 et

1175 1677 1231 1701 σου,
1247 1669 1343 1704 Κύριε,
1358 1667 1581 1703 κατῳκτείρησάς
1596 1675 1627 1693 τε
1646 1666 1696 1702 τήν
1705 1666 1856 1703 ἀπαγωγὴν
1869 1667 1962 1703 ήμῶν,

1173 1714 1219 1740 xui.
1229 1713 1323 1740 ἑαυτὸν
1336 1712 1512 1749 ὲδυσώπησας
1528 1712 1575 1739 ἐπὶ
1588 1712 1621 1747 τῇ
1636 1711 1795 1747 καταφθορᾷ
1804 1711 1881 1747 ήμῶν
1894 1711 1964 1748 (62),

1173 1758 1226 1786 τοῦ
1237 1758 1340 1786 δοῦναι
1349 1758 1428 1793 ἡμᾶς
1435 1759 1478 1791 εις
1488 1757 1682 1792 οἱκτειρμούς.
1697 1756 1778 1784 Ὅθεν
1793 1758 1884 1793 ἑορταὶ
1897 1758 1967 1793 ἡμῖν

1174 1805 1264 1832 λοιπὸν
1288 1804 1517 1840 συγχεκρότηνται
1539 1804 1595 1834 τοῖς
1616 1802 1792 1838 Ἀδαμιαίοις,
1814 1803 1965 1830 suam-

1175 1850 1304 1886 στουργδς
1328 1850 1375 1877 τοῦ
1392 1850 1476 1886 ’Δδὰμ
1495 1849 1583 1876 ἑκοντὶ
1603 1849 1663 1880 νέος
1680 1848 1764 1884 ’Δδὰμ
1787 1848 1897 1884 γέγονε·
1915 1849 1966 1876 καὶ

1174 1894 1190 1929 ή
1204 1893 1361 1929 λαμπρότης
1375 1894 1476 1928 Κυρίου
1493 1893 1539 1920 τοῦ
1554 1892 1620 1920 Θεοῦ
1633 1892 1711 1929 ήμῶν
1726 1892 1785 1928 μεθ’
1800 1893 1881 1929 ἡμῶν
1899 1902 1966 1921 κατ-

1174 1940 1290 1974 εγένετο,
1298 1939 1368 1966 ὦστε
1377 1940 1440 1967 tam
1445 1940 1511 1966 Θεὸν
1519 1939 1662 1974 πρόσωπον
1669 1938 1736 1973 πρὸς
1745 1939 1887 1975 πρόσωπον
1896 1939 1965 1976 (65),

1174 1985 1221 2010 καὶ
1244 1985 1371 2020 σωθῆναι.
1395 1985 1531 2016 Τοῠνεκα,
1550 1981 1573 2010 ὦ
1591 1983 1724 2016 Δέσποτα,
1747 1984 1796 2020 τὴν
1818 1985 1893 2021 παρά
1915 1984 1966 2013 σοῦ

1174 2030 1303 2058 ἀπόλυσιν
1318 2031 1447 2067 ἐπιζητῶ.
1463 2029 1539 2058 Εἶδον
1554 2030 1584 2057 τὸ
1600 2031 1732 2066 σωτήριόν
1754 2039 1800 2058 σου
1811 2040 1818 2047 ·
1837 2032 1967 2059 ἀπολυθῶ

1175 2076 1220 2103 τοῦ
1247 2077 1481 2112 γραμματοκύφου
1508 2076 1602 2112 ζυγοῦ.
1634 2073 1710 2103 Εἶδον
1738 2076 1849 2112 βασιλέα
1879 2078 1965 2105 ἀΐδιον

1175 2123 1221 2149 καὶ
1237 2123 1388 2158 ἀδιάδοχον·
1414 2122 1541 2150 ἀπολυθῶ
1568 2122 1616 2149 τοῦ
1638 2122 1761 2150 δουλικοῦ
1780 2124 1827 2150 καὶ
1849 2124 1966 2159 ἀχθοφό-

1176 2176 1222 2203 ρου
1244 2168 1344 2194 κλοιοῦ.
1360 2165 1436 2195 Εἶδον
1452 2169 1530 2203 φύσει
1548 2167 1684 2204 Δεσπότην
1699 2169 1746 2195 καὶ
1763 2168 1963 2205 ἑλευθερωτήν·

1175 2213 1282 2250 τύχοιμι
1296 2214 1343 2241 τοῦ
1360 2214 1531 2250 ὲλευθερικοῦ
1546 2213 1629 2241 αὐτοῦ
1647 2214 1755 2250 δεσμοῦ.
1769 2215 1855 2242 Λῦσόν
1868 2216 1901 2250 ple
1917 2216 1965 2243 τοῦ

1176 2259 1257 2293 ζυγοῦ
1275 2260 1324 2295 τῆς
1340 2259 1537 2296 κατακρίσεως,
1551 2260 1598 2286 καὶ
1613 2259 1760 2293 ὐπόζευξον
1775 2259 1815 2295 τῷ
1829 2260 1902 2296 ζυγῷ
1912 2261 1964 2297 τῆς

341 2312 504 2348 ponderoso.
528 2310 590 2338 Vidi
605 2314 704 2337 natura
716 2308 860 2336 Dominum
881 2312 909 2336 et
935 2308 1125 2339 liberatorem;
1143 2304 1159 2331 ll

1153 2305 1164 2331 )
1173 2304 1352 2337 δικαιώσεως.
1369 2305 1457 2332 Λῦσόν
1466 2314 1498 2342 με
1508 2304 1554 2332 τοῦ
1566 2305 1647 2339 ζυγοῦ
1655 2305 1703 2340 τῆς
1711 2305 1781 2340 ἀρᾶς
1788 2306 1835 2332 καὶ
1844 2307 1890 2333 τοῦ
1900 2308 1967 2334 ἀπο·

340 2366 491 2393 consequar
504 2364 569 2392 ergo
581 2356 753 2384 liberationis
771 2361 836 2382 mea;
847 2354 881 2381 ab
898 2354 957 2389 ipso
975 2353 1124 2381 decretum.

342 2404 423 2432 Solve
444 2412 487 2431 me
499 2424 507 2435 ,
534 2403 665 2435 Domine,
690 2401 756 2437 jugo
770 2400 1022 2434 condemnationis;
1039 2404 1066 2426 et
1081 2405 1124 2425 me

342 2449 428 2478 subde
442 2450 508 2485 jugo
535 2448 749 2484 justiﬁcationis.
767 2446 846 2474 Solve
860 2453 903 2473 me
923 2446 990 2481 jugo
1015 2444 1125 2472 maledi-

1153 2360 1158 2365 '
1179 2352 1329 2384 κτείνοντος
1342 2352 1503 2389 γράμματος
1510 2361 1518 2368 ο
1532 2352 1579 2378 καὶ
1589 2352 1689 2388 ἔνειρον
1696 2351 1735 2387 τῷ
1745 2352 1853 2388 ἀριθμῷ
1860 2353 1910 2389 τῆς
1917 2353 1965 2381 σὺ-

1176 2397 1268 2432 λογίας
1277 2397 1331 2424 τῶν
1345 2399 1383 2429 είς
1396 2397 1530 2424 υἱοθεσίαν
1543 2397 1752 2432 εἰσποιουμένων
1764 2399 1797 2433 τῇ
1812 2399 1902 2434 χάριτι
1916 2399 1965 2426 τοῦ

1176 2442 1302 2479 ἀληθινοῦ
1310 2444 1357 2470 καὶ
1366 2442 1491 2479 ὁμοδόξου
1500 2443 1666 2478 καὶὸμοδυνά
1669 2451 1718 2478 μου
1726 2443 1820 2470 τούτου
1831 2444 1895 2471 Ϊῗίοῦ
1904 2453 1965 2474 σου.

342 2498 440 2525 ctionis
463 2505 494 2524 ac
518 2496 667 2524 occidentis
682 2496 776 2523 litterae
791 2495 832 2524 ἠς
852 2501 1000 2529 eorumque
1010 2491 1192 2520 benedictioni
1204 2491 1292 2519 insere
1310 2497 1487 2526 acccnseque,
1501 2490 1548 2525 qui
1566 2490 1606 2517 tui
1621 2489 1703 2525 hujus
1719 2491 1775 2518 veri
1786 2490 1966 2526 ejusdemque

341 2542 430 2571 tecum
446 2543 538 2578 gloriae
552 2547 578 2570 et
591 2541 716 2577 potentia:
732 2541 792 2568 Filii
806 2540 904 2576 gratia,
918 2540 944 2566 in
955 2540 1001 2574 jus
1013 2540 1130 2567 ﬁliorum
1141 2542 1204 2566 sunt
1219 2539 1341 2574 ascripti.

379 2588 422 2615 IX.
446 2588 505 2615 Sint
522 2596 602 2623 porro
618 2589 684 2618 ὶιιιιε,
702 2587 807 2622 inquit,
835 2586 1006 2614 celebrandis
1025 2585 1124 2613 divinis

344 2634 512 2664 muneribus,
530 2634 689 2660 brevissime
701 2633 831 2660 hactenus
844 2635 1065 2659 commemorata.
1084 2629 1125 2656 Ad

379 2714 401 2729 ⁸⁸
422 2713 475 2739 Im.
498 2722 535 2743 ix.
556 2713 588 2745 Ως
610 2721 676 2743 xm,
699 2714 732 2745 7;
754 2712 816 2740 Luc.
838 2720 858 2744 1,
879 2712 923 2740 79.

344 2757 429 2779 um.
450 2750 476 2775 9.
515 2750 537 2763 7°
560 2749 610 2774 Tit.
634 2757 681 2779 ιιι,
702 2749 727 2774 5.
784 2749 807 2764 ⁷¹
828 2748 838 2776 l
857 2747 937 2775 Joan.
958 2756 994 2781 Iv,
1013 2748 1055 2775 i9.

378 2827 434 2861 (62)
459 2828 519 2853 Ἐπὶ
536 2827 572 2861 τῇ
592 2827 759 2862 καταφθορᾷ
886 2827 1025 2863 Signiﬁcat
1040 2827 1125 2857 Deum

344 2870 358 2889 a
372 2870 401 2889 se
416 2867 529 2893 motum,
556 2864 612 2890 sola
629 2871 660 2890 ex
683 2864 760 2890 nobis
777 2864 882 2897 objecta
896 2865 1016 2895 miseria,
1032 2869 1061 2890 ut
1075 2872 1126 2892 nos

343 2898 415 2923 duret
435 2898 460 2923 in
483 2899 686 2928 misericordias.
710 2899 899 2925 reconciliatos
921 2899 948 2925 in
970 2907 1021 2926 suo
1037 2898 1125 2931 Filio;

346 2933 417 2967 quod
433 2933 628 2961 incarnationis
644 2934 773 2960 motivum
787 2933 903 2969 theologi
918 2935 1011 2961 multis
1026 2941 1125 2969 expcu-

961 2714 984 2729 "
1001 2713 1076 2740 Psal.
1096 2720 1178 2743 xxxv.
1199 2713 1243 2740 to.

1212 2584 1250 2611 ϐ’.
1269 2585 1409 2611 Ἔστωσαν
1423 2583 1451 2610 δέ
1468 2592 1524 2619 μοι,
1540 2583 1622 2619 φησὶ,
1637 2583 1671 2610 τὰ
1694 2583 1753 2610 θεῖα
1769 2584 1969 2621 εὐχαριστήρια

1179 2629 1246 2665 πρὸς
1256 2629 1287 2656 τὺ
1301 2629 1386 2666 παρὸν
1407 2630 1471 2665 ἄχρι
1488 2629 1542 2656 τῶν
1561 2627 1736 2664 βραχυτάτων
1748 2629 1860 2657 τούτων.
1882 2629 1916 2657 Τί
1934 2630 1969 2657 δι

1297 2714 1320 2730 ⁸⁷
1339 2712 1424 2740 Marc.
1446 2720 1477 2744 ιι,
1498 2711 1542 2739 10.
1581 2712 1605 2728 ⁸⁸
1623 2711 1726 2741 Coloss.
1744 2720 1785 2745 ιι,
1797 2713 1825 2740 ι.
1861 2712 1885 2729 ⁸⁵
1902 2711 1968 2742 lea.

1111 2748 1144 2764 ⁷¹”
1164 2747 1239 2775 Pent.
1258 2756 1302 2782 ον,
1317 2748 1353 2776 46
1406 2749 1430 2764 ⁷⁸
1449 2747 1471 2774 ll
1491 2747 1552 2774 Cor.
1573 2755 1621 2780 ιιι,
1642 2748 1669 2775 6.

1178 2830 1270 2900 du("6%)
1285 2865 1451 2900 Πρόσωπον
1465 2862 1540 2900 πρός
1554 2863 1725 2900 πρόσωπον.
1743 2862 1850 2900 Nempe
1859 2862 1885 2889 in
1901 2869 1968 2900 ear-

1180 2897 1224 2932 ne,
1239 2897 1285 2926 καὶ
1297 2897 1429 2932 σωθῆναι,
1440 2903 1464 2925 et
1472 2897 1541 2924 salvi
1552 2898 1617 2932 [acti
1627 2898 1722 2929 simus.
1736 2897 1904 2932 apparitione
1915 2898 1968 2926 ιιι.

1177 2939 1204 2963 et
1218 2933 1373 2968 elTuigentia
1384 2933 1535 2969 splendoris
1545 2933 1630 2961 divini
1641 2933 1669 2961 in
1684 2932 1756 2961 nube
1771 2932 1964 2961 humanitatis.
