2145 3163
173 195 226 226 569

716 194 834 223 SERMO
855 194 897 222 DE
917 193 1067 222 SIMEONE
1086 195 1129 223 ET
1149 195 1254 223 ANNA.

1733 199 1785 227 570

173 254 242 290 πρὸς
258 253 288 280 σὲ
304 252 463 289 φθέγξομαι,
478 250 501 280 ὧ
514 253 610 290 Μῆτερ
631 253 763 289 Παρθένε,
779 253 825 280 καὶ
839 253 958 289 Παρθένε
973 258 994 285 Α
1009 257 1020 280 ι

938 263 958 280 σε
973 258 994 285 Α
1009 257 1036 281 te
1049 261 1114 281 vero
1127 255 1191 289 quid
1203 254 1301 287 dicam,
1313 261 1330 281 ο
1347 253 1430 282 later
1437 253 1529 290 Virgo,
1547 259 1574 283 et
1589 254 1670 292 Virgo
1686 256 1785 285 later?

173 293 282 334 Ιῆτερῖ
298 296 333 334 ἦς
345 297 398 333 γὰρ
411 298 441 324 τὺ
454 297 533 333 ἔργον
544 298 594 324 οὐκ
609 297 785 334 ἀνθρώπινον,
801 297 899 334 ταύτης
913 299 959 325 καὶ

172 346 187 372 6
198 345 306 376 ἔπαινος
319 344 388 378 ὑπὲρ
404 343 555 380 ἄνθρωπον.
576 343 621 370 Διδ
640 343 690 379 τῆς
712 343 826 379 ἀπορίας
843 343 873 370 τδ
896 351 960 370 σκυ-

173 390 281 427 θρωπὸν
303 390 336 417 ἑκ
359 389 415 416 τῶν
432 389 480 416 τοῦ
499 390 655 427 Πνεῦματος
675 389 740 425 περὶ
765 390 795 416 σὲ
822 390 960 425 καταλαμ-

172 425 268 472 πρυνῶ
279 434 378 471 γερῶν,
394 435 442 461 καὶ
463 434 497 462 τὰ
516 425 550 461 εἶά
571 442 612 460 σοι
633 434 833 469 προσκομίζων,
855 434 888 461 ὲκ
908 434 960 461 λει-

176 481 272 517 μώνων
299 481 441 508 ἀθανάτων
460 481 509 516 τὴν
531 481 605 516 ίεράν
626 489 673 507 σου
695 480 742 507 καὶ
760 479 891 516 Βεοστεφῆ
914 481 960 508 άν-

174 526 287 561 υμνήσω
314 526 412 561 χάραν.
440 525 584 560 Πατρικοῐς
611 533 640 551 σε
664 524 758 560 ὕμνοις
777 525 960 560 προσφθέγξα-

173 579 236 605 μαι,
251 570 369 606 θύγατερ
380 570 471 602 Δαϐὶδ,
485 570 532 597 καὶ
550 570 636 607 μῆτερ
649 570 695 597 τοῦ
712 570 813 607 Κυρίου
831 571 877 597 καὶ
892 571 959 598 Θεοῦ

173 615 263 643 Δαϐἱδ.
283 617 399 652 Δια-χρὸν
413 616 467 652 γὰρ
485 616 543 652 ἃμα
562 616 610 643 καὶ
633 615 788 651 ἁνεύφημον
813 616 960 652 ἀλλοτρίοις

173 662 285 698 κόσμοις
299 662 436 697 κοσμῆσαι
454 662 503 697 τὴν
524 662 556 697 τῇ
577 661 665 697 οἰκείᾳ
687 661 750 698 δόξῃ
771 661 958 698 διαφέρουσαν.

174 707 256 742 Δέχου
269 707 368 740 τοίνυν,
383 707 574 742 εὐμενεστάτη,
590 706 663 743 δῶρα
675 707 762 742 τίμια,
776 708 822 734 καὶ
839 708 879 733 σοὶ
893 707 961 742 μόνῃ

173 752 300 788 ἁρμόδια,
313 750 337 780 ὧ
358 753 453 780 πασῶν
474 753 574 787 γενεῶν
599 752 761 788 ὑψηλοτέρα,
787 753 833 780 καὶ
852 753 960 780 πάντων

173 798 279 833 ὁρατῶν
290 807 320 825 τε
339 799 386 826 καὶ
405 799 527 834 ἀοράτων
545 798 790 834 δημιουργημὼεων
812 799 962 835 τιμιωτέρα

174 845 300 878 φανεῖσα.
313 844 444 880 Μακαρία
453 845 470 880 ἠ
481 843 543 880 ῥίζα
554 843 601 870 τοῦ
621 844 731 876 Ἰεσσαὶ,
749 845 797 871 κα)⁸
809 844 962 880 τρισμακά-

175 897 267 925 ριστος
281 890 295 916 6
308 887 382 921 οἶκος
395 890 486 922 Δαϐὶδ,
501 891 530 916 ὲν
541 885 563 923 ᾧ
579 888 746 926 ὲϐλάστησας
758 890 824 926 (δι).
846 891 876 916 '0
890 891 961 924 Θεὸς

172 935 209 962 ἐν
220 935 305 970 μέσῳ
318 943 387 968 σου,
401 936 450 963 καὶ
467 936 502 973 οὐ
517 936 709 970 σαλευθήσῃ·
728 937 835 971 ἡγίασε
854 937 909 971 τὰρ
927 936 960 963 τὸ
976 926 997 953 Β

173 980 320 1016 σκήνωμα
344 981 437 1008 αὐτοῦ
454 982 471 1008 d
494 981 644 1015 Ὗψιστος.
668 982 711 1009 Ἐν
734 982 776 1008 σοὶ
799 981 853 1018 γὰρ
869 982 962 1017 διαθῆ-

174 1033 221 1052 και
234 1025 290 1059 (65)
310 1026 357 1052 καὶ
376 1025 542 1061 ὁρκωμοσίαι
565 1025 633 1052 Θεοῦ
662 1025 730 1061 πρὸς
753 1026 817 1057 τοὺς
840 1026 961 1062 πατέρας

173 1069 263 1105 ἡμῶν,
279 1069 355 1101 τέλος
369 1069 558 1096 εὐκλεέστατον
581 1069 712 1101 ἐδέξαντο·
729 1070 770 1096 ᾰτι
790 1069 834 1096 διὰ
857 1069 902 1096 σοῦ
915 1069 960 1104 γι-

173 1123 236 1149 γονε
249 1114 360 1150 Κύριος,
374 1115 388 1141 6
407 1114 474 1146 Θεὸς
487 1109 541 1141 ⁸ιῖῶν
557 1114 696 1149 δυνάμεων
717 1115 776 1149 μεθ’
795 1115 885 1150 ἡμῶν.
908 1114 961 1142 Τὸν

175 1159 221 1185 σὺν
235 1157 473 1193 προδιαγρὰφουσα
486 1158 620 1193 θεοπρεπῆ
634 1159 803 1194 χαρακτῆρα,
821 1159 886 1186 Θεὸν
900 1159 962 1193 ἐφε-

175 1211 221 1238 ρεν
237 1203 376 1237 ἁφλέκτως
397 1204 414 1238 ἡ
434 1202 570 1237 ἄψαυστος
587 1203 675 1238 βάτος,
695 1204 909 1240 ὲμφανιζόμενον
923 1204 961 1239 τῷ

175 1249 304 1284 προφήτῃ
331 1249 368 1279 ὼς
389 1248 518 1284 ὁραθῆναι
542 1248 684 1284 ηὑδόκησε.
709 1249 870 1286 Στερέμνιος
886 1250 908 1277 δ’
927 1248 960 1278 αὖ

175 1293 224 1322 καὶ
237 1293 325 1330 πέτρα
344 1294 494 1330 ἁκρότομος
509 1294 558 1330 τὴν
575 1296 742 1331 παγκόσμιον
758 1296 790 1322 ὲκ
811 1295 858 1322 σοῦ
874 1296 963 1332 πηγά-

177 1348 262 1367 σασαν
280 1340 359 1376 χάριν
379 1341 427 1368 καὶ
450 1340 578 1376 ὰνάψυξιν
598 1341 856 1376 προεξεικονὶζουσα,
874 1350 963 1378 παρα-

177 1387 273 1423 μύθιον
297 1387 366 1423 ῑαμα
387 1387 536 1415 ἑκλείποντι
555 1388 612 1424 λαῷ
633 1389 665 1415 ὲκ
686 1388 805 1422 λαγόνων
828 1387 916 1424 ξηρῶν
933 1389 962 1415 ὲν

175 1434 271 1470 ἐρήμῳ
283 1433 400 1468 δαψιλῶς
420 1435 584 1470 προήγαγεν.
601 1435 638 1461 οὐ
657 1434 710 1470 μὴν
723 1434 752 1461 δὲ
772 1434 839 1461 ἀλλὰ
855 1434 902 1461 καὶ
915 1434 961 1461 τοῦ

177 1479 273 1514 ἱερέως
290 1480 308 1514 ἡ
323 1479 432 1515 ῥάϐδος,
451 1481 501 1506 οὐκ
520 1480 647 1515 ἀδόκιμον
670 1479 807 1516 σύσσημον
821 1479 876 1515 (66)
893 1489 962 1516 παρ-

175 1525 271 1561 έσχετο
283 1525 333 1561 τῆς
349 1525 502 1562 ὑπερφυοῦς
517 1534 563 1552 σου
578 1526 693 1561 λοχείας,
706 1525 880 1562 ἀγεώργητον
896 1534 962 1561 καρ-

176 1571 226 1598 πὸν
244 1570 424 1606 ὲξανθήσασα,
442 1571 576 1607 ίερατείας
593 1570 744 1606 ἐνδελεχοῦς
759 1570 913 1606 ἀρραϐῶνα.
928 1570 960 1596 Τί

175 1616 219 1648 ϐάς
234 1617 308 1645 καὶὸ
326 1617 411 1652 μέγας
424 1617 543 1652 Μωῡσῆς
564 1618 594 1643 οὐ
619 1617 715 1653 κομιδῆ
739 1616 904 1652 παρέστησε,
918 1615 962 1643 διὰ
975 1607 996 1634 C

176 1662 238 1692 τοὺς
252 1662 317 1698 περὶ
331 1661 361 1687 σὲ
371 1661 607 1697 δυσκαταλήπτους
618 1661 719 1694 τύπους
734 1662 888 1698 ὲγχρονίσαι
905 1662 961 1698 (67)

176 1707 215 1742 τῷ
229 1706 286 1742 ϐρει
302 1706 372 1740 ἔγνω
390 1706 425 1733 τὰ
439 1707 504 1742 περὶ
519 1707 570 1741 τῆς
586 1707 670 1742 ἁγνῆς
689 1707 892 1734 ἐκδιδάσκεσθαι
912 1716 962 1742 μυ-

178 1753 292 1788 στήριας
313 1751 399 1787 [Ιῆξαι
422 1751 476 1787 γὰρ
502 1752 572 1779 κατὰ
592 1752 722 1788 σύμϐολον
750 1753 797 1779 καὶ
821 1752 889 1788 πρὸς
911 1753 962 1787 ὰφ-

177 1798 306 1833 ομοίωσιν
323 1797 436 1824 κιϐωτὸν
454 1797 501 1824 καὶ
517 1797 617 1832 ταύτην
641 1797 827 1832 προσταχθεὶς,
844 1797 875 1824 οὐ
890 1806 961 1834 παρ-

177 1843 267 1879 έργως
279 1844 413 1879 ἐχρήσατο
425 1843 479 1875 τοῖς
499 1843 750 1878 προστεταγμένοις,
764 1844 788 1870 εἰ
811 1843 858 1870 καὶ
878 1851 963 1879 τραγ-

178 1889 317 1925 ῳδούμενα
328 1888 498 1925 συμϐέϐηκεν
506 1889 551 1915 ὲπὶ
559 1890 592 1924 τῇ
604 1888 761 1922 καταϐάσει,
769 1889 827 1916 ἀλλ’
834 1889 874 1921 είς
883 1889 963 1916 πέντε

178 1937 264 1972 ἡμίση
280 1936 378 1972 πήχεις
394 1935 495 1971 ταύτην
504 1935 672 1968 συντελέσας,
681 1935 820 1972 ωμοδόχον
835 1935 962 1968 ἀνέδειξε,

178 1983 235 2013 τοῖς
254 1981 387 2016 χερουϐὶμ
402 1981 674 2016 συγκαλυπτομένην’
696 1980 918 2016 ἑκφαντικώτατά
933 1989 963 2008 σε

178 2027 229 2062 τὴν
240 2027 369 2053 Θεατὸκον
384 2027 632 2062 προσημαίνουσαν,
645 2027 693 2062 τὴν
705 2027 829 2063 ἀφθόρως
844 2027 962 2062 ὲγκυμο-

179 2073 311 2107 νήσασαν,
322 2071 369 2099 καὶ
382 2071 527 2107 ἀφράστως
537 2072 730 2108 ἁποκυήσασαν
739 2072 788 2108 τὴν
799 2072 847 2107 τῆς
859 2072 963 2108 ἀφθαρ-

180 2117 241 2149 σίας
257 2117 385 2145 σύστασιν
404 2117 450 2144 ἐπὶ
463 2117 533 2144 τέλει
545 2116 598 2144 τῶν
618 2117 698 2144 πέντε
713 2117 833 2152 ἡμίσεως
849 2117 895 2144 τοῦ
917 2117 963 2144 κό-

180 2171 249 2199 σμου
271 2163 387 2190 κύκλων.
411 2163 461 2190 Διὰ
476 2163 516 2196 σε,
532 2163 580 2190 καὶ
593 2163 641 2199 τὴν
657 2164 688 2189 ὲκ
703 2162 750 2190 σοῦ
765 2163 897 2199 ἄχραντον
915 2163 962 2190 τοῦ

1009 299 1089 334 cujus
1099 300 1172 327 enim
1189 307 1258 335 opus
1271 307 1326 328 non
1340 300 1486 328 humanum
1499 304 1558 333 est,
1581 301 1642 336 ejus
1656 307 1682 330 et
1695 303 1788 331 lauda-

1009 344 1082 372 datio
1094 344 1200 372 excedit
1211 345 1359 374 hominem.
1371 345 1550 379 Quamobrem
1563 349 1732 382 paupertatis
1744 349 1788 376 hic

1009 396 1075 416 mea:
1087 389 1293 423 obscuritatem,
1314 391 1368 418 tuis
1382 398 1397 418 a
1414 389 1515 426 Spiritu
1531 390 1679 420 honoribus
1692 393 1788 421 donis—

1009 443 1062 470 que
1082 435 1245 463 illustrabo:
1266 441 1366 471 tuaque
1387 435 1436 464 tibi
1459 435 1575 464 oliereus
1592 444 1608 464 e
1622 438 1708 471 pratis
1737 439 1789 465 im-

1010 482 1179 514 mortalibus,
1189 485 1266 509 tuum
1276 488 1384 510 sacrum
1398 485 1425 510 et
1438 489 1453 509 a
1468 481 1523 510 Deo
1534 487 1692 510 coronatum
1706 487 1789 519 caput

1009 527 1164 555 dilaudabo.
1177 526 1277 555 Patriis
1286 531 1312 555 te
1321 527 1446 560 canticis,
1455 526 1524 555 Filia
1539 527 1633 561 David,
1651 527 1789 564 Materque

1009 573 1116 601 Domini
1134 577 1161 600 et
1177 573 1224 601 Dei
1242 572 1336 604 David,
1351 574 1485 602 salutabo.
1500 574 1590 610 Turpe
1609 575 1681 602 enim
1696 574 1787 607 fuerit.

1009 619 1131 654 adeoque
1145 618 1354 653 inauspicatum,
1370 622 1400 645 ut
1413 618 1509 647 alienis
1524 620 1640 651 ameris,
1654 627 1714 655 quat-
1724 628 1788 656 pro-

1010 664 1067 698 pria
1078 663 1163 698 gloria
1176 662 1324 698 praecellas.
1339 663 1439 698 Accipe
1462 664 1562 699 igitur,
1581 665 1796 702 benignissima,

1009 707 1080 734 dona
1095 708 1222 742 pretiosa,
1236 707 1340 742 tibique
1354 708 1399 735 uni
1417 709 1606 736 convenientia
1619 731 1627 744 ,
1652 718 1669 738 o
1683 712 1790 739 cunctis

1010 754 1110 781 celsior
1121 754 1351 789 generationibus,
1363 762 1476 789 quaeque
1497 755 1567 781 inter
1580 760 1673 783 creata
1686 757 1789 789 omnia.

1011 803 1069 827 tum
1084 799 1211 832 visibilia,
1230 804 1285 826 tum
1311 799 1467 831 invisibilia,
1484 800 1576 828 multis
1592 803 1716 830 numeris
1738 802 1790 830 ho-

1011 845 1161 872 norabilior
1172 845 1304 873 euituisti.
1322 844 1397 873 Felix
1418 845 1495 873 radix
1514 845 1600 878 .Iesse,
1616 850 1641 874 et
1657 850 1698 875 ter
1712 848 1790 875 beata

1011 890 1109 918 domus
1120 889 1203 918 David
1226 891 1253 917 in
1268 898 1321 926 qua
1333 891 1500 926 germinasti.
1513 891 1582 919 Deus
1598 893 1625 919 in
1639 893 1722 920 media
1736 895 1790 927 tui,

1010 940 1035 963 et
1049 944 1099 963 non
1110 936 1309 964 commoueberis
1323 945 1333 964 :
1347 938 1520 972 sanctiﬁcavit
1533 938 1600 965 enim
1619 943 1652 971 te,
1669 938 1790 967 tubarum

1010 980 1099 1006 culum
1112 988 1199 1013 suum,
1211 980 1362 1008 Altissimus
1376 982 1399 998 ⁷³
1414 991 1421 1008 ;
1437 982 1465 1009 in
1480 987 1506 1011 te
1516 983 1588 1010 enim
1600 982 1645 1010 Dei
1656 983 1689 1010 ad
1702 987 1792 1018 patres

1010 1029 1170 1053 testamenta
1181 1026 1389 1062 juramentaque
1408 1027 1488 1055 linem
1503 1028 1730 1063 gloriosissimum
1745 1037 1791 1056 ac-

1010 1076 1153 1106 ceperunt;
1169 1072 1232 1106 quia
1250 1079 1298 1108 per
1317 1076 1344 1099 te
1372 1072 1502 1101 Dominus
1518 1074 1606 1102 factus
1632 1078 1674 1102 est
1686 1096 1693 1108 ,
1721 1075 1793 1103 Deus

1010 1117 1143 1144 virtutum
1157 1117 1309 1145 nobiscum.
1336 1117 1430 1146 Rubus
1447 1119 1491 1146 ille
1515 1119 1634 1146 intactus
1647 1120 1681 1151 ",
1700 1120 1793 1148 divina

1010 1162 1126 1198 quadam
1141 1163 1283 1197 majestate
1293 1163 1399 1197 plenam
1414 1163 1470 1198 jam
1487 1167 1543 1191 tum
1556 1164 1706 1193 informans
1718 1170 1792 1193 tuam

1012 1207 1234 1242 liguram.~.Deum
1265 1207 1403 1243 propheta
1430 1213 1613 1243 apparentem,
1627 1209 1705 1243 juxta
1719 1210 1793 1244 quod

1011 1254 1035 1280 ei
1058 1253 1224 1288 conspicuus
1251 1252 1309 1280 ﬁeri
1332 1253 1436 1286 voluit,
1461 1254 1648 1282 incombustus
1677 1254 1791 1284 ferebat.

1012 1298 1084 1326 Dura
1107 1304 1197 1326 autem
1210 1306 1307 1326 rursus
1319 1306 1352 1326 ac
1365 1304 1502 1334 prerupta
1516 1303 1600 1335 petra,
1616 1299 1687 1335 quod
1710 1308 1744 1328 ex
1766 1305 1792 1327 te

1013 1344 1040 1371 in
1054 1344 1210 1372 universum
1222 1345 1316 1372 orbem
1336 1345 1431 1380 gratia;
1455 1353 1556 1374 munus
1571 1346 1793 1382 refrigeratioque

1012 1390 1198 1426 promanavit,
1220 1394 1247 1418 et
1261 1390 1319 1426 ipsa
1335 1391 1471 1425 quondam
1487 1392 1642 1427 exprimens
1669 1391 1793 1427 Prmﬁgu-

1012 1444 1140 1471 ransque,
1161 1436 1296 1464 deﬁcienti
1324 1437 1352 1463 in
1378 1436 1504 1469 deserto,
1532 1438 1630 1472 populo
1652 1438 1792 1472 copiosum

1011 1482 1142 1508 auxilium
1157 1489 1191 1509 ex
1205 1482 1325 1516 hiatibps
1346 1482 1427 1510 siccis
1443 1482 1570 1517 produxit
1588 1484 1621 1511 ".
1642 1483 1696 1512 Sed
1710 1488 1737 1512 et
1750 1492 1794 1512 sa-

1011 1526 1130 1554 cerdotis
1141 1526 1216 1562 virga
1231 1526 1265 1558 ⁷⁸,
1282 1526 1310 1553 in
1333 1526 1451 1553 fructum
1471 1526 1530 1554 sine
1550 1527 1667 1558 cultura,
1680 1531 1793 1563 sponta—

1013 1579 1148 1608 neumque
1173 1571 1318 1600 sacerdotii
1347 1571 1475 1606 perennis
1498 1571 1678 1599 arrhabonem
1692 1592 1700 1604 ,
1719 1572 1794 1600 eulo-

1013 1627 1077 1648 rens
1090 1619 1124 1650 ⁷⁷,
1138 1618 1206 1646 nihil
1232 1617 1378 1653 reprobum
1393 1617 1486 1645 eximii
1502 1617 1541 1644 tui
1568 1621 1662 1652 partus
1684 1617 1795 1653 symbo-

1015 1665 1070 1692 lum
1086 1665 1210 1701 praebuit.
1227 1665 1296 1698 Quid
1311 1663 1396 1692 vero?
1411 1663 1506 1692 Nonne
1530 1671 1644 1700 magnus
1659 1663 1704 1691 ille
1717 1662 1792 1698 Moy-

1015 1718 1060 1739 ses
1087 1712 1158 1739 idem
1169 1711 1321 1738 luculenter
1330 1710 1488 1741 declaravit,
1497 1714 1607 1745 propter
1622 1710 1659 1737 tui
1671 1709 1793 1737 dilIiciles

1015 1756 1154 1784 intellectu
1182 1756 1302 1791 ﬁguras,
1326 1755 1430 1783 diutius
1450 1755 1478 1782 in
1501 1758 1619 1783 montem
1642 1761 1794 1783 commora-

1015 1805 1059 1829 tus
1072 1801 1105 1834 ",
1118 1805 1147 1829 ut
1163 1801 1254 1836 ignota
1265 1805 1312 1828 tua
1323 1805 1503 1833 sacramenta,
1516 1807 1533 1828 ο
1545 1804 1632 1833 casta,
1646 1801 1795 1829 edisceret?

1014 1846 1044 1874 In
1061 1847 1100 1874 rei
1110 1847 1182 1875 enim
1193 1847 1275 1882 hujus
1286 1848 1403 1882 signum.
1416 1851 1444 1875 et
1457 1847 1491 1874 ad
1503 1846 1705 1882 exprimendam
1721 1846 1795 1874 simi-

1015 1892 1167 1925 litudinem,
1180 1892 1275 1928 jussus
1296 1892 1430 1920 fabricare
1450 1899 1552 1925 arcam,
1566 1898 1621 1918 non
1640 1890 1730 1918 obiter
1745 1898 1795 1918 ne-

1015 1938 1183 1973 glectiusque
1196 1938 1330 1966 mandatis
1348 1937 1543 1973 obtemperavit
1556 1946 1562 1964 :
1578 1943 1733 1972 quanquam
1747 1943 1794 1964 ac-

1015 1981 1140 2010 ciderunt
1154 1983 1256 2018 tragica
1272 1982 1394 2018 quaedam
1410 1983 1437 2010 in
1457 1983 1591 2010 descensu
1610 1989 1625 2008 a
1644 1981 1769 2009 monte"
1785 1991 1792 2008 :

1014 2028 1061 2056 sed
1075 2029 1196 2064 qulnque
1207 2028 1362 2057 cubitorum
1376 2032 1403 2056 et
1417 2027 1519 2055 dimidii
1533 2023 1696 2059 confectam,
1708 2028 1792 2059 illam.

1011 2074 1080 2109 legis
1104 2075 1313 2109 susceptricem,
1331 2074 1485 2102 cherubicis
1501 2074 1551 2101 alis
1581 2073 1743 2108 cooperuit:
1768 2077 1794 2100 to

1013 2119 1154 2153 Deiparam
1167 2119 1338 2154 apertissime
1354 2120 1561 2155 prasignantem
1573 2140 1582 2152 ,
1596 2126 1656 2154 quae
1667 2119 1727 2146 sine
1735 2125 1795 2145 cor-

1012 2165 1139 2200 ruptione
1158 2172 1220 2192 eum
1248 2165 1414 2200 concepisti,
1444 2164 1673 2199 inenarrabilique
1689 2163 1794 2190 ratione

178 2209 246 2236 Θεοῦ
255 2209 340 2244 Λόγου
356 2209 502 2246 σάρκωσιν,
516 2209 565 2245 τὴν
587 2211 627 2242 είς
647 2209 690 2236 ἀεὶ
709 2209 851 2245 ἀτρέπτως
863 2217 894 2236 τε
916 2209 964 2236 καὶ
979 2216 1001 2244 ι)
1014 2218 1025 2246 p

946 2209 964 2236 ιὶ
979 2216 1001 2244 ι)
1014 2211 1151 2246 peperisti,
1166 2211 1212 2246 qui
1223 2210 1282 2246 ipse
1292 2210 1507 2245 incorruptionis
1517 2210 1590 2237 velut
1602 2209 1741 2237 concretio
1752 2212 1793 2236 est

179 2255 334 2291 ἁμερίστως
347 2256 376 2282 ὲν
391 2255 466 2291 αὐτῷ
480 2255 666 2291 διαμένουσαν,
681 2255 727 2282 καὶ
740 2256 757 2291 ἡ
777 2255 863 2291 χρυσῆ
879 2255 963 2291 στάμ-

215 2332 239 2347 ⁷¹
258 2331 335 2360 Ρεαι.
355 2339 425 2366 va,
445 2332 477 2364 6,
497 2333 524 2360 5.
561 2333 585 2349 ’⁸
606 2332 691 2361 Exod.
724 2341 774 2365 Ill,
798 2332 825 2360 2.
870 2333 893 2348 "
913 2332 999 2360 Exod.
1025 2341 1100 2366 xvtt,
1121 2333 1147 2360 6.

178 2366 203 2382 "
222 2366 308 2393 Exod.
329 2375 400 2400 xxv,
419 2368 446 2395 8.
483 2367 611 2395 ".Ezod.
629 2376 721 2399 xxxn,
741 2368 767 2396 ί.

215 2421 272 2456 (οι)
293 2422 341 2449 Ἑν
352 2419 377 2456 ᾦ
389 2421 588 2458 ἐϐλάστησᾳς.
605 2422 638 2449 In
648 2431 709 2458 qua.
725 2424 915 2458 qttodrspectat
926 2424 957 2451 ad

177 2457 280 2492 lineam
294 2458 499 2492 sacerdotalem,
512 2459 538 2484 in
549 2457 656 2492 Nathan
666 2458 712 2492 qui
726 2458 776 2485 fuit
786 2457 857 2486 Uria:
868 2467 960 2486 sacer-

178 2464 279 2485 tineam
294 2464 499 2518 xcerdotalem,
512 2466 538 2484 ιιι
549 2464 654 2484 natuan
666 2466 712 2492 qui
726 2464 776 2485 iuit
787 2464 857 2486 una
868 2467 959 2486 sacer-

177 2493 252 2519 dotis
267 2491 294 2518 [ιι
325 2501 349 2524 s,
371 2493 463 2520 domui
479 2496 506 2520 et
523 2493 631 2528 familia:
650 2491 734 2520 David
755 2493 898 2528 adoptione
915 2494 959 2520 in-

177 2531 298 2562 sertam;
314 2534 343 2554 ex
358 2535 412 2562 quo
433 2528 561 2555 Dominus
577 2525 667 2558 Jesus,
682 2532 763 2562 atque
779 2525 846 2556 adeo
864 2528 958 2558 Maria.

177 2561 313 2598 legaliter,
329 2561 405 2598 juxta
427 2568 579 2590 contextam
601 2570 616 2590 a
636 2561 816 2598 Lucajpsius
836 2563 958 2598 genealo-

176 2595 262 2631 giam.
282 2595 358 2628 Quod
375 2601 464 2624 autem
480 2597 513 2624 ad
530 2598 630 2632 regiam
650 2605 697 2631 per
712 2595 893 2630 Sdlomoném,
908 2606 960 2658 lpo-

177 2633 246 2658 tius.
261 2639 294 2657 ex
305 2639 370 2658 ala:
382 2633 526 2658 carnaliter
537 2636 682 2658 urunaaata
689 2633 748 2658 eius
764 2640 846 2658 carne
859 2641 892 2658 ex
929 2640 959 2658 a-

177 2633 246 2667 lius,
261 2639 294 2667 ex
305 2639 373 2667 qua;
382 2633 526 2667 carnaliter
537 2636 682 2667 propagata
689 2633 748 2666 ejus
764 2640 846 2659 carne
859 2641 892 2659 ex
908 2633 944 2659 Da

175 2665 253 2702 vide,
270 2665 347 2702 juxta
366 2666 482 2694 Matthxi
497 2665 636 2694 historiam
653 2675 661 2694 :
675 2665 754 2702 quem
771 2667 879 2695 modum
891 2675 958 2694 con-

175 2700 289 2737 cordiae,
304 2700 493 2737 Hieronymus,
510 2700 691 2736 Augustinus,
707 2707 770 2733 etc.,
796 2706 958 2736 acceperunt

177 2735 216 2771 ab
229 2734 375 2771 Africano:
396 2734 448 2771 qua
464 2737 497 2763 de
517 2744 546 2764 re
554 2734 703 2767 'Daronius,
722 2734 883 2767 Torniellus,
903 2741 957 2764 etc.

175 2768 273 2806 Quam
281 2768 447 2806 Nicephorus
461 2779 494 2798 ex
508 2771 651 2806 Hippolyto
661 2775 778 2806 martyre
789 2772 863 2798 :ill'ert
874 2772 957 2799 Annae

176 2804 364 2865 ganealogiatit
379 2814 413 2833 ex
435 2811 510 2840 patre
528 2804 678 2837 sacerdote.
701 2804 845 2841 ct‘passim
868 2808 958 2833 verior

198 2839 307 2865 ahetur.
322 2839 402 2865 habet
411 2841 491 2865 etiam
504 2846 675 2865 nervetustus
689 2842 778 2865 regius
790 2842 886 2865 codex.
902 2842 958 2865 nlu-

198 2839 307 2876 abetur,
322 2839 402 2876 habet
411 2839 491 2868 etiam
504 2846 675 2874 pervetustus
689 2839 778 2876 regius
790 2842 886 2872 codex,
902 2842 958 2875 plu—

176 2874 257 2902 rimis
269 2873 385 2903 diversis
399 2873 558 2904 tractatibus
571 2883 620 2904 seu
632 2877 712 2904 etiam
720 2873 859 2911 ’etccrptis
876 2873 956 2903 inl'er-

1015 2259 1042 2283 et
1053 2256 1245 2290 consistentia;
1272 2255 1353 2291 idque
1374 2256 1402 2283 in
1425 2255 1477 2284 [ine
1495 2257 1615 2291 quinque
1641 2259 1667 2283 et
1687 2254 1792 2282 dimidii

1203 2333 1227 2348 "
1253 2331 1336 2360 Num.
1365 2341 1437 2366 xvu,
1456 2333 1491 2368 [8.
1529 2332 1551 2348 "
1571 2331 1652 2360 Hebr.
1683 2341 1732 2364 Ix.
1763 2332 1790 2360 ι.

1009 2425 1091 2460 citus,
1108 2424 1201 2460 ignoto
1217 2424 1376 2457 collectore;
1396 2424 1533 2459 antiquior
1549 2423 1618 2451 forte
1638 2424 1697 2458 ipso
1713 2424 1791 2452 Nicc-

1010 2459 1105 2529 Ριιῗὲἓί
1118 2493 1325 2529 Διαθῆκαιιδὶε
1334 2493 1436 2528 passim
1451 2495 1609 2528 interpretes
1623 2501 1707 2529 sacrae
1716 2493 1792 2529 Scri-

1011 2527 1106 2563 ptume,
1133 2530 1244 2564 ipseque
1264 2527 1364 2556 Paulus
1388 2529 1421 2555 ad
1447 2527 1542 2560 Hebri,
1571 2536 1623 2556 non
1647 2528 1789 2564 συνθῆκαι,

1010 2569 1098 2599 pacta,
1124 2563 1232 2598 frudem,
1256 2564 1327 2598 quod
1346 2568 1414 2591 teste
1434 2564 1596 2599 Hieronymo
1611 2571 1661 2590 vox
1678 2563 1789 2590 Hebraea

1012 2598 1116 2625 videtur
1131 2599 1219 2634 magis
1233 2599 1331 2626 habere
1349 2606 1355 2623 :
1373 2599 1451 2632 cujus
1467 2599 1506 2626 rei
1520 2599 1679 2634 mysterium
1695 2603 1789 2633 prose-

948 2648 959 2654 ο
1011 2638 1131 2669 (ιιιιιῗηὶυιπ
1145 2633 1265 2669 ejusdem
1280 2634 1354 2660 Pauli
1367 2634 1545 2669 exposituros.

1047 2668 1102 2702 (66)
1115 2669 1174 2694 οὐκ
1184 2668 1326 2702 ἀδόκιμον
1334 2667 1504 2702 σύσσημον.
1514 2668 1661 2695 Commune
1671 2667 1788 2702 signum,

1010 2703 1082 2736 quod
1098 2703 1231 2738 praecipue
1248 2701 1409 2738 almilitibus
1423 2701 1558 2735 statuitur,
1573 2703 1616 2729 cui
1632 2701 1732 2736 optime
1746 2701 1790 2727 ad-

1008 2737 1108 2771 jectum
1132 2738 1255 2772 quadrat.
1274 2737 1414 2768 Pantinus,
1436 2746 1486 2764 non
1506 2738 1643 2764 obscuram
1656 2737 1790 2771 signiﬁca-

1011 2774 1115 2803 tionem,
1130 2773 1201 2807 quod
1215 2777 1287 2799 certe
1299 2780 1407 2800 sensum
1421 2773 1503 2799 altum
1516 2772 1634 2807 auctoris
1651 2772 1787 2807 obscurat.

1047 2807 1102 2842 (67)
1123 2805 1318 2842 Ὲγχρονίσαι.
1337 2807 1416 2835 Forte
1431 2808 1598 2843 ἑγχρονίσας.
1617 2806 1648 2833 Et
1680 2814 1740 2832 mox
1756 2805 1788 2832 ἄη

1009 2851 1115 2876 γνωστα
1129 2850 1176 2878 pro
1191 2843 1268 2876 ἔγνω.
