2145 3163
335 191 388 219 373
813 190 843 218 S.
864 189 1028 218 ΜΕΤΗΟΒΙΙ
1045 190 1182 218 ΕΡΙΞΕΟΣ

1096 190 1199 218 lSCOPl
1219 190 1264 218 ΕΤ
1284 189 1461 218 MARTYRIS
1890 193 1943 223 δίη

335 257 415 280 sacra
427 270 434 283 ,
448 249 642 280 sacerdotium.
672 249 870 285 prophetiaque
881 270 888 281 ,
905 251 1006 285 pariter
1024 255 1116 278 vocata
1132 259 1155 287 Α
1168 260 1182 277 κ

1079 255 1116 278 ita
1132 259 1155 287 Α
1168 260 1211 278 κει
1225 251 1263 286 τῷ
1287 250 1385 287 ἐνδόξῳ
1399 252 1445 278 καὶ
1466 251 1618 287 παρθενικῷ
1643 251 1729 288 θρόνῳ
1749 251 1861 287 ξυνωρὶς
1882 252 1926 280 θεο

337 299 430 323 essent
442 295 615 331 gloriosoque
631 294 751 329 Virginis
763 295 872 327 throno,
886 296 946 331 biga
961 297 1017 323 haec
1030 303 1045 323 a
1062 295 1117 323 Deo

337 341 484 369 electorum
501 340 655 375 justorum;
673 340 819 374 Simeonis,
837 341 959 376 inquam,
978 346 1004 369 ct
1016 342 1115 376 Annae;

338 387 524 423 apertissimas
538 387 679 422 utriusque
696 387 787 422 populi
809 388 940 423 imagines
961 388 989 415 in
1006 395 1036 415 se
1048 396 1117 423 pne-

337 433 481 461 ferentium
492 453 499 464 .
518 433 652 460 astitisset
664 432 736 467 (nam
751 441 833 460 senex
845 433 952 468 quidem
987 433 1117 462 Israeliti-

336 487 398 507 cum
415 480 563 515 populum,
578 479 688 513 jamque
712 484 895 507 senescentem
911 484 939 507 et
949 479 1055 507 effetam
1075 480 1115 507 le-

336 532 396 559 gem
419 524 579 556 exhibebat;
604 524 684 551 vidua
705 527 792 550 autem
821 523 969 551 Ecclesiam
996 525 1116 560 gentium

336 566 450 597 eatenus
464 568 609 603 viduam),
627 576 708 596 senex
722 568 845 603 quidem,
861 576 910 596 ceu
928 570 956 596 in
976 569 1044 604 legis
1056 577 1116 604 per-

337 622 423 646 sona,
450 614 636 642 dimissionem
657 613 812 648 quaarebat;
830 614 911 640 vidua
929 618 1020 641 autem
1034 634 1041 645 ,
1066 622 1116 641 ceu

337 660 465 688 Ecclesia:
479 666 621 694 personam
634 667 740 694 gerens,
752 659 951 686 confessionem
965 662 1061 686 contra
1076 659 1117 686 af-

338 705 442 732 ferebat
458 705 479 738 ¹,
491 704 767 740 exspectantibusque
790 704 1005 739 redemptionem
1027 704 1056 731 in
1072 703 1118 732 Je-

337 751 472 783 rusalem,
497 758 557 786 qua
577 750 611 778 de
628 750 686 785 ipso
705 754 784 777 erant
797 749 921 776 edicebat
935 760 941 777 :
958 749 1029 776 sicut
1048 750 1119 777 bene

339 801 421 831 atque
435 796 557 831 apposite
570 803 603 823 ac
615 795 693 823 valde
704 794 813 830 egregie
823 815 831 827 ,
844 798 872 821 et
887 794 957 822 festo
969 794 1034 822 huic
1054 803 1117 823 cum

338 843 433 877 primis
446 850 575 878 congrua,
588 842 623 870 ab
642 846 756 876 utroque
770 839 856 874 dicta,
868 841 1023 876 conscripta
1042 845 1116 869 sunt.

337 887 484 923 Oportebat
499 888 571 916 enim
595 894 627 914 ac
644 887 723 921 plane
737 894 881 914 necessum
894 890 970 918 erat,
987 890 1017 914 ut
1033 894 1117 914 senex

1167 297 1273 332 κλήτων
1286 297 1409 331 δικαίων,
1438 297 1577 332 Συμεῶνός
1593 306 1663 333 φημι
1674 298 1720 324 καὶ
1731 299 1839 334 Ἀννης,
1852 297 1932 326 ικατέ

1167 351 1221 378 ρων
1236 343 1288 369 τῶν
1303 342 1373 369 λαῶν
1394 342 1591 383 ὲναργεστᾴτας
1612 342 1748 378 φερόντων
1768 343 1817 375 τὰς
1838 344 1945 376 εἰκόνας

1167 389 1197 424 (ὁ
1214 389 1262 424 μὲν
1278 388 1442 424 πρεσϐύτης,
1459 388 1505 415 τοῦ
1526 387 1631 423 Ἰσραὴλ
1649 388 1696 414 καὶ
1714 388 1760 415 τοῦ
1774 389 1944 424 γηράσαντος

1165 434 1246 469 νόμου
1257 442 1263 449 '
1280 436 1296 468 ἡ
1313 433 1341 460 δὲ
1357 434 1438 469 χήρα,
1452 434 1501 468 τῆς
1519 433 1549 465 ἐξ
1560 433 1643 460 ἐθνῶν
1657 434 1743 469 χήρας
1758 434 1789 459 τδ
1799 434 1945 469 τηνικαῦτα

1161 479 1351 514 -Ὲκκλησίας)
1364 487 1370 494 ’
1385 480 1400 505 ὁ
1416 479 1465 514 μὲν
1486 477 1533 506 οὖν
1553 478 1706 515 πρεσϐύτης
1726 480 1945 515 προσωποποιού-

1168 534 1247 560 μενος
1262 525 1306 551 τὸν
1333 525 1424 560 νόμον,
1443 525 1492 561 τὴν
1516 525 1648 552 ἀπόλυσιν
1668 525 1806 561 ὲξεζήτει·
1822 526 1838 561 ἡ
1853 525 1882 552 δὲ
1896 527 1945 562 τῆς

1174 571 1335 606 Ἐκκλησίας
1350 571 1555 607 προσωποποιδς
1570 571 1617 606 τὴν
1636 570 1847 606 ἀνθομολόγησιν
1861 579 1945 606 προσ-

1166 616 1275 651 εκόμιζε
1293 616 1360 652 (75),
1381 617 1427 643 καὶ
1441 617 1497 648 τοῖς
1515 616 1740 651 ἀπεκδεχομένοις
1762 615 1894 651 λύτρωσιν
1916 616 1946 642 ἑν

1172 661 1347 698 Ἰερουσαλὴμ
1369 661 1404 688 τὰ
1426 662 1490 697 περὶ
1511 661 1593 688 αὐτοῦ
1612 661 1716 688 ἐλάλει·
1737 660 1827 692 καθὼς
1846 660 1948 696 γέγρα-

1167 716 1232 734 πται
1248 705 1278 735 εὖ
1300 707 1373 743 μάλα
1392 707 1526 743 ἁρμοδίως
1540 708 1587 734 καὶ
1601 706 1745 742 ὑπερφυῶς
1761 706 1796 732 τὰ
1806 707 1869 741 παρ’
1888 706 1950 732 ἑκα-

1166 753 1256 788 τέροις
1266 752 1427 789 λαλούμενα,
1436 753 1483 779 καὶ
1496 754 1528 788 τῇ
1542 754 1603 788 ἱερᾷ
1613 752 1706 787 τελετῇ
1721 753 1864 787 σύμφημα.
1875 749 1949 777 Ἔδει

1167 798 1231 834 γὰρ,
1249 798 1301 825 ἔδει
1319 798 1411 832 σαφῶς
1425 798 1471 825 τὸν
1491 798 1539 833 μὲν
1555 798 1709 833 πρεσϐύτην
1724 798 1903 832 ἐπιστάμενον
1917 795 1949 823 τὸ

1168 844 1270 878 φάσκον
1282 844 1328 870 τοῦ
1344 844 1425 879 νόμου
1445 844 1595 879 διάταγμα,
1613 843 1710 871 Αὐτοῦ
1731 843 1869 870 ἀκούετε·
1884 841 1947 868 κσίο

1167 888 1255 916 Πᾶσα
1271 889 1356 924 ψυχὴ
1378 890 1444 923 ἣτις
1457 888 1495 916 ἂν
1512 889 1555 924 μῂ
1575 889 1692 922 ἀκούσῃ
1715 888 1819 920 αὐτοῦ,
1844 887 1950 919 ἐξολο-

338 934 448 968 quidem
459 953 466 965 ,
482 933 529 968 qui
549 933 617 968 legis
635 932 700 959 illud
718 932 815 960 scitum
836 933 979 968 perspicue
1004 937 1115 965 nosset,
1132 935 1153 962 Β
1167 935 1185 968 ρ

1107 952 1115 965 ,
1132 935 1153 962 Β
1167 935 1321 968 θρεύσεται
1342 935 1376 961 ὲκ
1396 934 1449 961 τοῦ
1473 934 1550 961 λαοῦ
1572 932 1681 967 αὐτῆς,
1707 932 1836 959 ἀπόλυσιν
1855 931 1949 966 ἐπιζη-

338 987 393 1015 quo
411 979 513 1007 dicitur
528 989 535 1006 :
551 978 640 1013 Ipsum
652 980 755 1011 audite;
771 982 799 1006 et
821 987 826 1005 :
845 977 936 1006 Omnis
951 978 1041 1005 animo
1060 986 1118 1014 qua

340 1027 425 1060 ipsum
437 1034 488 1053 non
500 1025 622 1056 audierit,
638 1025 856 1052 exterminabitur
872 1024 904 1052 de
916 1024 1011 1059 populo
1021 1032 1069 1051 tuo
1084 1024 1095 1039 '
1109 1033 1115 1051 :

340 1071 479 1106 pacificam
494 1079 510 1098 a
534 1071 611 1106 legali
634 1070 807 1105 postmodum
828 1069 998 1097 institutione
1023 1069 1119 1097 dimis-

340 1118 443 1145 sionem
459 1120 600 1152 quiereret.
617 1116 722 1144 Revera
736 1116 810 1143 enim
825 1116 925 1150 injuria
937 1119 979 1142 est
992 1119 1019 1142 et
1034 1119 1119 1142 teme-

338 1163 406 1190 ritas
417 1183 424 1194 ,
437 1167 481 1195 ut,
497 1170 559 1197 rege
580 1165 713 1197 prasente
727 1168 758 1188 ac
771 1161 852 1188 verba
866 1161 973 1195 publice
985 1160 1117 1192 faciente,

341 1208 486 1236 satellitum
501 1207 599 1243 aliquis
616 1215 648 1236 ex
668 1207 785 1235 adverso
800 1207 936 1241 loquatur,
949 1210 1032 1241 utque
1051 1205 1119 1232 sub-

342 1253 391 1280 diti
407 1253 433 1280 ei
446 1252 555 1280 interim
574 1259 654 1280 aures
676 1252 891 1279 accommodent.
907 1251 960 1279 Sed
971 1256 998 1278 et
1009 1251 1118 1278 viduam

340 1306 401 1333 qua:
429 1298 509 1325 donis
536 1298 728 1332 superantibus
758 1298 890 1325 rationem
920 1301 999 1324 aucta
1025 1299 1117 1328 esset,

342 1342 420 1369 festis
433 1341 550 1369 canticis
565 1341 621 1369 Deo
631 1342 733 1377 gratias
745 1350 824 1377 agere
838 1350 887 1377 par
905 1345 963 1368 erat
977 1350 984 1367 :
1000 1341 1121 1374 adeoque

340 1387 396 1414 illic
416 1391 509 1422 gesta,
532 1387 584 1422 legi
609 1395 729 1414 consona
753 1393 840 1415 erant.
871 1387 1004 1414 Ceterum
1032 1392 1121 1420 opem

342 1434 458 1469 pretium
484 1433 585 1465 fuerit,
606 1433 795 1468 iuquiramus;
814 1440 876 1459 cum
902 1432 1066 1467 prophetica;
1083 1432 1121 1458 in-

343 1478 519 1506 formationcs
531 1482 558 1506 et
569 1478 662 1513 figurae
680 1478 714 1506 ad
728 1478 842 1505 eximias
863 1478 944 1505 hasce
958 1477 1120 1505 festivitates

342 1533 489 1560 congruam
504 1525 649 1560 quamdam
661 1525 818 1552 relationem
836 1524 975 1555 haberent,
992 1523 1122 1557 quemad-

342 1571 450 1597 modum
468 1570 570 1597 dictum
586 1574 628 1597 est
642 1590 649 1602 ,
663 1570 800 1605 quomodo
814 1569 911 1597 domus
929 1568 1003 1596 fumo
1019 1568 1121 1603 repleta

1168 979 1250 1014 τῆσαι
1270 980 1410 1016 εἰρηνικὴν
1430 980 1478 1015 τῆς
1499 979 1614 1014 νομικῆς
1639 977 1834 1012 παιδαγωγίας.
1852 977 1950 1013 Ὗὸρις

1169 1026 1222 1062 γὰρ
1248 1025 1305 1060 ἅμα
1334 1026 1380 1052 καὶ
1403 1024 1567 1060 προπέτεια,
1597 1023 1727 1059 βασιλέως
1748 1022 1880 1058 παρόντος
1903 1022 1951 1048 καὶ

1168 1071 1403 1107 δημηγοροῦντος,
1420 1070 1593 1106 ὑπασπιστὴν
1614 1070 1794 1105 κατάντικρυς
1809 1068 1953 1103 ἀντιφθέγ-

1169 1118 1275 1152 γεσθαι,
1295 1117 1342 1144 καὶ
1355 1117 1441 1152 τούτῳ
1457 1115 1601 1142 ἐπικλῖναι·
1608 1116 1671 1147 τοὺς
1683 1116 1819 1150 ὑπηκόους
1835 1114 1869 1141 τὰ
1884 1112 1950 1142 ὧτα.

1171 1163 1245 1189 Ἔδει
1259 1162 1286 1188 δὲ
1303 1162 1350 1189 καὶ
1364 1162 1412 1198 τὴν
1434 1162 1531 1197 χήραν,
1547 1161 1680 1196 τυχοῦσαν
1698 1160 1752 1187 τῶν
1768 1160 1838 1195 ὑπὲρ
1862 1160 1951 1194 λόγον,

1168 1208 1204 1235 τὰ
1219 1209 1415 1244 εὑχαριστήρια
1428 1207 1555 1243 ἑορτάσαι
1566 1206 1605 1241 τῷ
1617 1206 1689 1241 Θεῷο
1703 1205 1773 1232 ὥστε
1795 1206 1899 1241 συνῳδὰ
1913 1205 1953 1241 τῷ

1170 1253 1243 1288 νόμῳ
1260 1253 1292 1279 τὰ
1307 1250 1358 1279 ὧδε
1370 1253 1528 1288 τελούμενα.
1553 1251 1731 1287 Έπιζητῆσαι
1746 1251 1775 1277 δὲ
1789 1251 1880 1277 λοιπὸν
1899 1249 1954 1278 τῶν

1170 1299 1326 1332 ἀναγκαίων
1338 1298 1501 1333 καθέστηκε,
1517 1297 1576 1329 πῶς
1592 1298 1646 1324 τῶν
1663 1297 1838 1332 προφητικῶν
1854 1305 1955 1332 προτιμ

1171 1344 1295 1375 πώσεων,
1324 1343 1415 1374 καθὼς
1448 1343 1645 1375 ἀποδέδεικται,
1666 1344 1713 1369 επὶ
1736 1343 1789 1370 τῶν
1808 1343 1953 1378 ἑξαιρέτωιι

1171 1389 1272 1416 τούτων
1287 1389 1479 1424 ἐορτασμάτων
1499 1388 1639 1423 ἀραρότως
1659 1388 1773 1424 ἐχόντων
1789 1388 1838 1422 τὴν
1854 1388 1955 1422 ἀναφε-

1173 1436 1233 1471 ρὰν,
1251 1434 1353 1462 καπνοῦ
1375 1435 1418 1461 τὸν
1441 1433 1514 1460 οἷκον
1539 1433 1729 1469 ἐμπεπλῆσθαι
1745 1433 1884 1459 λέλεκται·
1907 1433 1955 1460 καὶ

1171 1481 1250 1508 τοῦτο
1266 1480 1296 1507 οὔ
1318 1479 1568 1515 παρενθέτωςςῖό),
1589 1479 1645 1506 ἀλλ’
1668 1478 1876 1513 ὲνσημάντρως,
1895 1478 1953 1504 ἀπὸ

1172 1526 1226 1560 τῆς
1237 1526 1381 1562 τρισαγίας
1394 1525 1496 1560 φωνῆς
1508 1526 1619 1559 φάσκων
1638 1525 1652 1551 ό
1667 1523 1824 1560 εἰσηγητὴς,
1838 1521 1875 1557 ἧς
1889 1521 1954 1550 ἐκέ-

1173 1580 1285 1606 κραγον
1307 1572 1331 1597 οι
1371 1570 1424 1597 τῶν
1454 1570 1621 1605 ἐπουρανίων
1656 1569 1764 1604 μύσται.
1803 1567 1957 1594 Ἀναλαὸὼν

344 1616 429 1644 fuisse
442 1616 577 1644 referatur
597 1626 604 1644 :
621 1624 673 1644 nec
689 1617 715 1644 id
730 1616 803 1643 velut
827 1616 987 1646 incidenter,
1014 1615 1060 1642 sed
1085 1614 1123 1641 si-
1135 1617 1156 1645 C
1172 1617 1191 1643 6‘

1111 1617 1156 1645 -C
1172 1617 1194 1643 δ’
1216 1615 1275 1648 οὖν,
1291 1614 1312 1643 ὧ
1337 1616 1468 1651 φιλήκοε,
1497 1616 1547 1651 τῆς
1572 1615 1690 1651 ἱστορίας
1712 1614 1743 1641 τὸ
1769 1613 1954 1648 ἐπαγόμενον,

344 1667 468 1698 gnantcr,
481 1663 568 1698 inquit
579 1664 674 1691 doctor
690 1663 885 1698 proplictaque,
902 1670 918 1688 α
928 1670 986 1688 uoce
1002 1665 1043 1687 ter
1053 1659 1123 1687 San-

343 1711 404 1735 ctus
432 1717 483 1743 qua
507 1709 657 1737 cmlcstium
674 1709 712 1735 illi
736 1712 830 1743 mysta:
850 1707 1001 1734 clamabant
1014 1707 1035 1734 ³.
1052 1705 1123 1733 Sane

342 1754 456 1787 hujusce
469 1754 506 1781 rei
532 1762 657 1786 causam,
682 1753 804 1781 studiose
830 1753 948 1784 auditor,
967 1752 1122 1783 inveneris,

345 1799 425 1825 modo
438 1806 469 1826 ea
489 1806 548 1833 qua:
566 1803 764 1834 consequenter
782 1799 863 1826 habet
884 1799 1004 1826 narratio
1029 1806 1124 1833 perce-

344 1844 426 1878 peris.
436 1844 537 1870 Audilu
550 1845 633 1877 enim,
649 1845 746 1877 inquit,
758 1845 882 1876 audietis,
897 1849 922 1871 et
937 1853 988 1871 non
1000 1844 1125 1878 intelligeo

345 1890 397 1921 tis;
413 1894 437 1920 et
453 1890 566 1917 videntes
579 1890 709 1924 videbitis,
721 1895 809 1918 etnon
823 1891 985 1925 perspicis“:
1005 1891 1025 1918 ‘.
1045 1889 1124 1918 Post-

344 1942 426 1969 quam
440 1935 511 1963 enim
525 1935 618 1962 vesani
632 1934 729 1967 Judaei,
744 1935 863 1970 prodigia
875 1936 992 1970 gloriosa
1005 1944 1063 1971 quae
1073 1936 1126 1962 Do.

345 1981 431 2008 minus
445 1981 556 2015 ponebat
571 1989 648 2015 super
662 1986 758 2009 terram
767 1982 788 2013 ',
799 1982 871 2009 sicut
881 1982 1019 2009 cecinerat
1030 1981 1124 2015 David,

345 2025 571 2060 conspexissent;
581 2025 770 2064 _vidissentque
785 2025 892 2060 signum
907 2033 939 2052 ex
951 2024 1087 2059 profundo
1099 2028 1127 2053 et

345 2069 379 2097 de
392 2070 500 2097 excelso
510 2071 530 2102 ',
548 2070 721 2098 iucoufusum
734 2077 902 2098 concurrens
915 2070 1124 2105 iudivisumque,

345 2116 572 2151 quemadmodum
605 2118 686 2145 etiam
701 2116 785 2145 Isaias
812 2117 973 2152 praedixerat
998 2126 1004 2143 ε
1031 2124 1127 2151 nempe

346 2161 457 2190 Matrem
469 2170 551 2198 supra
564 2167 688 2190 naturam
700 2171 708 2196 ς
725 2163 862 2198 fetumque
873 2170 955 2197 supra
971 2163 1102 2190 rationem
1118 2171 1124 2189 :

347 2212 461 2235 matrem
481 2212 653 2242 terrestrem;
678 2214 706 2236 et
731 2208 815 2236 ﬁlium
837 2208 995 2236 caelestem:
1012 2215 1124 2240 novam,

347 2255 473 2289 inquam,
492 2253 539 2281 Dei
556 2254 607 2281 viri
623 2258 759 2286 naturam,
776 2253 1003 2289 puerperiumque
1018 2254 1126 2288 nuptia-

1173 1664 1298 1698 εὑρήσεις
1321 1662 1370 1697 τὴν
1391 1662 1490 1688 αἰτίαν.
1510 1661 1594 1695 Ἀκοῇ
1607 1660 1672 1696 γὰρ,
1688 1659 1780 1695 φησὶν,
1795 1658 1955 1691 ἀκούσητε,

1173 1709 1222 1734 καὶ
1233 1709 1269 1734 οὺ
1285 1707 1327 1742 μὴ
1345 1708 1458 1741 συνῆτε
1468 1715 1476 1720 ·
1499 1707 1548 1733 καί
1561 1705 1731 1738 ,βλέποντες
1745 1703 1893 1738 βλέψητε,
1908 1700 1959 1728 καὶ

1174 1756 1209 1781 οὐ
1219 1754 1261 1788 μὴ
1278 1753 1369 1787 ἴδητε.
1385 1753 1461 1779 Ἐπεὶ
1471 1753 1560 1779 τοίνυν
1572 1750 1640 1778 εἶδον
1656 1750 1811 1785 ἀγνώμονες
1825 1747 1958 1775 Ἰουδαίων

1176 1801 1268 1831 παῖδες
1280 1799 1385 1833 τέρατα
1398 1798 1501 1831 ἔνδοξα,
1513 1797 1532 1824 ἁ
1547 1798 1630 1824 ἔθετο
1644 1798 1661 1824 ὁ
1673 1796 1745 1829 Θεὸς
1761 1795 1810 1822 ἐπὶ
1831 1794 1886 1827 τῆς
1901 1792 1958 1828 τῆς

1175 1846 1245 1872 κατὰ
1258 1845 1303 1871 τὸν
1322 1844 1439 1880 μελῳδὸν
1459 1843 1554 1870 Δαείδ·
1572 1843 1718 1870 ἐθεάσαντο
1730 1841 1759 1867 δὲ
1781 1841 1828 1867 καὶ
1847 1840 1959 1874 σημεῖον

1175 1892 1207 1918 ὲκ
1224 1891 1322 1926 βάθους
1337 1890 1384 1917 καὶ
1402 1890 1431 1921 ἐξ
1448 1888 1530 1923 ὕψους
1545 1888 1615 1915 κατὰ
1626 1887 1732 1914 σύνοδον
1748 1887 1899 1922 ἀσύγχυτον
1911 1886 1959 1912 καὶ

1176 1936 1325 1972 ἀδιαίρετον
1337 1956 1344 1967 ,
1361 1935 1390 1962 ὃν
1416 1935 1517 1971 τρόπον
1537 1932 1763 1970 προανεφώνησεν
1784 1931 1897 1962 Ἡσαΐας
1917 1930 1959 1966 (τί

1175 1981 1271 2013 τοῦτο;
1290 1982 1396 2017 μητέρα
1408 1981 1479 2017 ὑπὲρ
1496 1981 1588 2014 φύσιν,
1608 1980 1654 2006 καὶ¹
1668 1979 1746 2005 τόκον
1775 1978 1845 2013 ὑπὲρ
1862 1977 1957 2011 λόγον·

1178 2028 1283 2064 μητέρα
1306 2028 1440 2062 ἐπίγειον,
1466 2027 1512 2054 καὶ
1536 2027 1593 2053 υἱὸν
1618 2024 1752 2061 οὐράνιον,
1766 2024 1862 2059 καινήν
1887 2030 1958 2058 φημι

1177 2074 1319 2110 θεανδρίαν
1329 2074 1397 2109 (75),
1414 2074 1461 2101 καὶ
1482 2073 1559 2108 λόχον
1583 2071 1769 2107 ἀπειρόγαμον
1785 2080 1793 2088 ·
1806 2068 1845 2098 ὢν
1864 2069 1891 2096 τί
1911 2068 1960 2096 καὶ

1177 2119 1272 2153 γένοιτ’
1284 2120 1316 2146 ἂν
1332 2119 1498 2155 ἐνδοξότερον
1518 2120 1564 2145 καὶ
1582 2117 1805 2153 περιὸοητότερον
1822 2114 1894 2151 ἀμφὶ
1910 2113 1961 2149 τὴν

1178 2165 1310 2200 κτίσιν;)·
1327 2165 1476 2193 καὶηταῦτα
1493 2164 1663 2199 θεασάμενοι,
1679 2162 1835 2198 διετέθησαν
1860 2161 1898 2191 ὼς
1922 2158 1961 2195 μὴ

1178 2210 1358 2246 θεασάμενοι,
1389 2211 1537 2246 μύσσοντες
1556 2210 1603 2237 καὶ
1628 2208 1803 2243 ὑπτιούμενοι
1827 2205 1895 2241 πρὸς
1912 2203 1961 2239 τὴν

1178 2256 1293 2282 αἵνεσινο
1312 2256 1356 2283 διὰ
1379 2256 1458 2283 τοῦτο
1473 2255 1595 2291 ἐπλήσθη
1608 2256 1623 2282 ό
1642 2253 1715 2285 οῐκος
1732 2253 1782 2288 τῆς
1803 2251 1962 2286 καυχήσεως

346 2308 406 2327 rum
418 2308 514 2336 expers
531 2310 537 2327 ε
559 2301 667 2336 quibus,
682 2301 747 2336 quid
762 2307 881 2334 unquam
893 2299 1039 2334 gloriosius
1053 2299 1126 2327 circa
1143 2293 1164 2320 Ῐ)
1178 2311 1193 2328 α

559 2301 667 2336 quibus,
682 2301 747 2336 quid
762 2307 881 2334 unquam
893 2299 1039 2334 gloriosius
1053 2299 1126 2327 circa
1143 2293 1164 2320 Ῐ)
1178 2302 1268 2329 αὐτῶν
1280 2302 1392 2329 καπνοῦ.

347 2351 518 2378 creaturam,
535 2346 599 2381 quid
617 2354 681 2373 vero
694 2347 827 2373 celebrius
844 2346 930 2380 possit
949 2345 1027 2372 fieri?
1049 2345 1122 2377 lucc,
1138 2347 1247 2382 inquam
1258 2368 1266 2380 ,
1281 2349 1319 2375 illi
1338 2356 1401 2375 cum
1425 2348 1574 2379 vidissent,
1602 2346 1716 2382 perinde
1731 2343 1818 2372 aﬂecti
1838 2346 1904 2371 sunt
1928 2349 1963 2370 ac

349 2394 441 2422 sinon
456 2394 605 2426 vidissent.
625 2395 782 2423 claudentes
801 2395 912 2428 oculos,
939 2398 966 2422 et
993 2394 1025 2421 ad
1047 2394 1153 2422 laudem
1180 2397 1279 2431 supini.
1301 2397 1446 2432 Propterea
1467 2396 1569 2432 repleta
1601 2399 1645 2423 est
1668 2395 1766 2422 domus
1791 2389 1962 2430 gloriationil

348 2450 441 2469 eorum
476 2441 560 2469 fumo.

403 2456 441 2469 ιιιι
476 2456 560 2469 ιιιιιιυ.

403 2491 409 2505 ¹
433 2489 494 2517 Luc.
514 2498 544 2522 ll,
559 2490 603 2518 58.
643 2490 653 2505 ¹
669 2489 745 2517 Deut.
761 2491 891 2522 xvm,i5,
907 2491 949 2518 i9.
988 2492 997 2507 ³
1013 2490 1116 2523 hami,
1130 2491 1155 2516 ι.
1194 2490 1205 2504 ”
1221 2489 1250 2515 ίΙνη

1110 2511 1116 2523 ,
1130 2491 1155 2516 ι.
1194 2490 1205 2504 ἰ
1221 2489 1284 2516 ibid.
1297 2489 1329 2522 9;
1345 2489 1402 2516 Act.
1424 2468 1578 2521 xxvu|,26.
1614 2488 1625 2504 ⁸
1636 2486 1713 2515 Ρεαι.
1729 2470 1798 2519 ιιν,¹
1876 2486 1888 2502 ⁶
1899 2484 1957 2513 Isa.

350 2532 397 2554 γιι,
412 2525 454 2551 Η.

383 2570 438 2601 (75)
457 2571 514 2603 Τὴν
525 2572 768 2605 ἀνθίπμρλϋτησιν
780 2571 979 2605 προσεκόμιζε.
997 2572 1044 2599 l-lst
1059 2571 1129 2606 apud

350 2604 413 2630 Luc.
432 2604 653 2639 ἀνθωμολογεῖτο.
671 2604 742 2641 (μιοᾱ
768 2604 864 2633 auctor
882 2604 914 2632 ut
932 2604 1128 2634 ailvcrsativum

349 2641 485 2666 .«u!.tiliu~r
500 2643 618 2675 vxpouit.
637 2642 714 2676 Vulg.
726 2645 843 2673 tantum,
866 2642 1047 2674 conﬁtebatur.
1065 2642 1130 2667 Era-

349 2683 435 2705 smlls,
462 2676 550 2707 palum
573 2678 746 2709 ron/imitatur
762 2684 771 2703 :
788 2676 861 2711 quod
884 2676 1028 2710 adjectum.
1052 2683 1131 2704 sacer

350 2715 449 2741 textus,
469 2711 557 2736 minus
571 2711 668 2736 Illllll‘l’l‘
682 2712 796 2738 videtur.

384 2746 439 2778 (Τί)
458 2747 511 2778 11η]
520 2746 650 2777 armi-mg.
675 2746 755 2774 Velut
776 2746 1002 2778 concomitanlcr;
1019 2746 1075 2773 ἀλλ’
1090 2755 1133 2772 εν-

349 2781 522 2814 σημὰντρως,
540 2789 586 2814 per
602 2789 629 2807 se
643 2786 667 2806 ιιι
680 2781 838 2813 formaliter.
854 2789 911 2812 seu,
929 2785 956 2807 ut
971 2781 1005 2807 ab
1019 2782 1077 2815 ipsa
1087 2789 1134 2808 ea-

349 2815 409 2841 dem
426 2824 518 2845 causa,
539 2824 552 2841 τι
575 2824 626 2850 qua
644 2824 695 2842 non
712 2816 811 2848 fumus,
830 2816 875 2843 sed
892 2816 1020 2851 splendor
1035 2821 1062 2844 et
1077 2817 1132 2843 cla-

351 2850 429 2879 ritas,
449 2851 609 2878 villi-bantur
631 2851 739 2877 domum
759 2852 914 2885 repletura:
932 2859 1012 2878 verso
1027 2852 1132 2878 scilicet

352 2887 377 2911 in
402 2894 543 2917 venenum,
569 2887 685 2912 humana
706 2886 817 2919 malitia,
840 2887 1010 2914 divinissimo
1028 2887 1073 2913 illo
1090 2893 1131 2913 re-

1183 2572 1282 2599 medio.
1302 2571 1444 2601 Pautinus,
1468 2579 1518 2598 non
1533 2570 1630 2602 leuiter,
1646 2578 1677 2597 ac
1691 2568 1759 2596 velut
1776 2568 1962 2603 perfunctorie.

1183 2606 1268 2633 levius
1288 2614 1353 2633 sane
1372 2606 1543 2640 defungentis
1559 2605 1682 2640 partibus
1699 2604 1778 2639 probi
1787 2603 1962 2640 interpretis.

1218 2642 1273 2674 (75)
1291 2640 1406 2674 Καινὴν
1418 2637 1585 2674 θεᾶνδρίαᾶ.
1601 2639 1687 2666 Simili
1700 2637 1796 2674 phrasi
1809 2637 1891 2674 atque
1901 2637 1965 2674 Dio-

1183 2672 1277 2711 nysius
1291 2672 1391 2711 Areop.
1409 2676 1488 2711 epist.
1504 2672 1531 2706 ι,
1547 2675 1582 2711 ad
1594 2672 1873 2711 Οοίιιηιίθεανδρικὴν
1888 2672 1965 2708 ἐνέρ-

1184 2708 1259 2745 γειαν
1274 2708 1379 2742 statuit.
1392 2708 1647 2745 quadamrnimirum
1658 2708 1802 2736 reﬂexione
1815 2709 1965 2738 uuitorum,

1184 2744 1215 2773 ex
1229 2747 1382 2773 arctissimo
1399 2744 1445 2772 illo
1458 2744 1538 2771 modo
1554 2745 1664 2772 unionis
1679 2751 1741 2771 vere
1751 2750 1893 2778 supremo;
1906 2748 1966 2768 ma-

1184 2783 1310 2808 nentibus
1326 2781 1503 2808 nihilominus
1517 2780 1646 2807 extremis
1658 2780 1684 2805 in
1695 2778 1746 2805 sibi
1761 2778 1878 2813 propriis
1891 2786 1898 2803 :
1911 2783 1966 2813 qua

1184 2817 1217 2843 de
1230 2825 1257 2844 re
1270 2816 1426 2843 doctissime
1445 2815 1635 2849 fusissimeque
1648 2815 1674 2840 in
1686 2810 1967 2847 eamdem‘cpistolam

1183 2852 1338 2886 propediem
1353 2851 1474 2879 cdendus
1488 2854 1581 2878 noster
1595 2849 1739 2876 Maximus.

2070 3060 2100 3074 γρ

2011 3090 2061 3119 ,λξρ
2085 2880 2133 3144 εἰ

1997 3138 2003 3145 ι
2070 3142 2072 3144 _

2122 410 2126 570 1

2122 577 2127 713 l
