2145 3163
346 183 400 211 405

832 182 861 209 S.
883 180 1046 210 METHODII
1065 181 1219 211 EPISCOPI
1240 180 1484 233 ET‘MARTYRIS

1896 184 1951 214 ιοι

343 251 405 285 qua
420 243 606 271 immutantur.
620 241 742 279 Namque
766 246 793 271 et
816 243 939 271 homines
962 247 988 270 et
1013 244 1118 278 reliqua
1134 247 1156 275 Α
1171 251 1190 278 μ

1106 251 1118 270 a
1134 247 1156 275 Α
1171 250 1239 278 μενα
1252 242 1299 268 καὶ
1313 242 1349 268 τὰ
1364 241 1498 278 ἐρχόμενα
1513 241 1567 267 τῶν
1578 240 1654 273 ζώων
1663 242 1755 279 χαριαὶ
1767 243 1782 261 ⁸
1791 240 1834 278 ἐφ’
1848 240 1887 271 ὧν
1901 245 1953 280 μὴν

344 288 482 321 animalia,
505 289 578 317 circa
593 296 625 316 ea
642 290 669 316 in
689 289 788 323 quibus
803 288 905 323 aliquid
929 293 1041 323 possth
1057 296 1120 323 ope-

343 339 449 366 rantur,
475 335 548 362 circa
572 342 604 362 ea
626 336 654 361 in
668 334 768 369 quibus
783 341 837 361 non
852 339 976 369 possunt,
1001 335 1120 361 resoluta

343 380 446 408 viribus
459 381 527 408 nihil
547 384 640 415 agunt.
656 378 801 414 Propterea
816 380 886 407 hanc
900 380 935 407 ob
948 388 1059 407 causam
1076 379 1120 406 Fi-

344 423 397 452 lius
414 424 459 452 Dei
472 426 499 452 in
514 425 622 452 homine
635 425 833 452 circumclusus
847 424 988 460 est,,quod
1008 425 1059 452 hoc
1082 425 1120 451 illi

343 469 512 504 impossibile
527 477 581 496 non
595 474 663 497 erat.
682 469 785 497 Virtute
806 470 878 497 enim
894 477 993 504 passus
1007 473 1059 500 est.
1073 470 1121 497 im-

343 517 480 550 passibilis
492 524 615 546 manens.
631 522 657 544 et
674 519 796 545 mortuus
811 521 863 550 est,
878 517 1120 551 incorruptibilita-

342 565 395 589 tem
407 562 570 590 mortalibus
583 563 698 590 donans.
712 562 817 597 Corpus
830 562 964 598 siquidem
980 570 994 589 a
1005 570 1119 597 corpore

340 608 514 635 verberatum
525 613 572 635 aut
589 613 704 641 sectum,
719 609 888 637 tantumdem
902 610 1061 637 verberatur
1073 612 1120 636 aut

340 658 462 686 secatur,
488 660 620 690 quantum
652 656 798 683 verberans
825 656 948 683 verberat
967 659 995 682 et
1021 661 1119 682 secans

340 704 425 727 secat.
444 700 599 728 Secundum
614 702 686 729 enim
710 702 749 729 rei
774 702 904 736 subjecta:
927 709 1119 736 repercussum

339 745 493 773 verberanti
511 746 582 775 ictus
594 748 639 779 tit,
655 755 716 774 cum
731 748 845 782 aequalia
870 747 923 782 pati
945 754 1057 774 necesse
1072 747 1117 777 sit.

338 795 366 819 et
381 798 474 826 agens,
492 796 519 820 et
539 792 565 820 id
580 793 652 827 quod
669 793 767 828 agitur.
784 792 924 826 Siquidem
947 792 971 818 si
988 791 1060 826 quod
1076 799 1120 819 se-

338 839 418 864 catur
432 844 494 864 cum
512 845 594 872 parva
603 837 763 864 habitudine
774 837 876 865 secanti
891 844 944 864 non
959 844 1120 872 correspon-

338 881 419 913 derit,
435 882 506 917 quod
513 885 596 909 secat
610 889 702 909 secare
715 889 769 908 non
786 881 895 917 poterit.
922 881 1029 908 Lationi
1044 881 1117 908 enim

1172 288 1205 315 ἂν
1221 287 1351 314 δύνωνται
1368 296 1395 313 τι
1407 287 1506 323 δρᾶσαι
1520 286 1685 322 ἐνεργοῦσιν,
1701 289 1744 323 ἐφ’
1755 285 1792 315 ὧν
1808 289 1841 316 ἂν
1854 289 1893 326 μὴ
1906 290 1953 317 δύ-

1171 341 1268 359 νωνται
1283 331 1407 367 φθίνωσι.
1422 332 1521 367 Διόπερ
1535 331 1620 369 ταύτῃ
1636 333 1735 368 μᾶλλον
1750 334 1905 371 κεχώρηται
1923 336 1954 363 ιν

1170 377 1304 413 ἀνθρώπῳ
1324 379 1339 404 ὁ
1356 377 1417 410 Υἱὸς
1438 377 1485 403 τοῦ
1501 377 1579 410 Θεοῦ,
1601 378 1641 405 ὅτι
1666 379 1703 415 μὴ
1725 376 1761 415 ἦν
1782 379 1856 415 αὐτῷ
1874 380 1955 408 τοῦτο

1170 423 1313 451 ἀδύνατονσ
1339 424 1379 450 ὃτι
1402 424 1514 459 δυνάμει
1540 425 1586 450 καὶ
1605 424 1703 451 ἔπαθεν
1727 424 1833 460 ἀπαθὴς
1853 426 1952 460 μένων,

1170 470 1217 496 καὶ
1251 467 1360 501 ἔθανεν,
1393 469 1542 496 ἀθανασίαν
1571 468 1611 503 τῷ
1648 469 1736 505 θνητῷ
1764 470 1952 506 χαριζόμενος.

1171 514 1252 550 Σῶμα
1278 515 1326 550 μὲν
1348 514 1401 550 γὰρ
1418 514 1470 541 ὑπὸ
1496 514 1620 550 σώματος
1634 516 1800 552 τυπτόμενον
1819 515 1836 551 ἢ
1855 516 1953 551 τεμνό-

1171 571 1250 597 μενον
1275 562 1400 588 τοςοῦτον
1421 562 1552 588 τύπτεται
1578 562 1594 598 ἢ
1615 563 1753 598 τέμνεται,
1776 562 1838 588 ὅσον
1861 561 1894 588 ἂν
1921 560 1954 588 τὸ

1169 609 1269 635 τύπτον
1293 608 1398 640 τύπτει,
1430 608 1477 635 καὶ
1500 608 1531 635 τὸ
1555 608 1719 643 τεμνόμενον
1745 608 1848 644 τέμνει.
1874 608 1953 636 Κατὰ

1170 655 1344 689 ἁντιτύπηοιν
1367 654 1421 690 γὰρ
1449 654 1495 681 τοῦ
1525 654 1704 689 ὑποκειμένου
1724 654 1764 690 τῷ
1787 654 1913 682 τύπτοντι
1934 655 1952 690 ἡ

1170 700 1259 735 πληγὴ
1273 700 1388 734 γίνεται,
1407 701 1437 726 ὲν
1459 700 1509 735 [om
1530 700 1609 727 πάθει
1628 700 1684 726 τῶν
1705 701 1843 736 ἑκατέρων
1868 701 1954 727 ὄντων

1170 745 1216 771 καὶ
1239 745 1285 771 τοῦ
1308 745 1425 781 δρῶντος
1452 745 1499 771 καὶ
1523 745 1570 772 τοῦ
1594 746 1742 781 δρωμένου.
1776 746 1883 781 ’Δμέλει
1905 746 1953 773 ἐὰν

1171 791 1208 825 μὴ
1234 788 1264 816 τὸ
1287 790 1451 826 τεμνόμενον
1479 790 1548 825 μετὰ
1569 785 1662 826 ὀλίγης
1685 791 1767 823 ἕξεως
1790 792 1954 828 ἁντιτορὴαῃ

1168 835 1207 869 τῷ
1234 835 1370 870 τέμνοντι,
1400 832 1431 862 τὸ
1457 835 1620 871 τεμνόμενον
1646 836 1755 870 τέμνειν
1783 837 1814 862 οὐ
1842 836 1954 872 δυνήσε-

1168 889 1222 908 ται.
1241 881 1279 916 τῇ
1296 880 1350 916 γὰρ
1363 882 1433 916 φορᾷ
1449 880 1540 915 ξίφους
1552 882 1601 907 οὐκ
1614 881 1893 916 ἁντιπαραμειναντος
1904 881 1953 908 τοῦ

336 926 412 954 ensis
427 928 450 954 si
467 934 522 954 non
534 927 669 955 obstiterit
678 928 828 963 subjectum
841 935 952 963 corpus.
965 928 1012 955 sed
1026 928 1116 963 potius
1132 926 1152 953 Β
1167 925 1182 952 ὑ

1105 937 1116 956 5
1132 926 1152 953 Β
1167 922 1347 961 ὑποκειμένου
1380 925 1514 961 σώματος,
1544 925 1613 952 ἀλλὰ
1640 925 1809 958 συνείξαντος
1841 926 1952 961 μᾶλλον,

337 972 463 1004 cesserit,
475 972 549 1004 onini
565 972 663 1000 aﬂ‘cctu
676 973 798 1008 operatio
814 972 1002 1005 frustrabitur,
1030 977 1060 1000 ut
1080 967 1118 1000 vi-

338 1016 402 1045 dere
413 1021 456 1045 est
475 1018 501 1045 in
519 1019 679 1054 corporibus
703 1020 894 1047 subtilioribus
909 1020 980 1055 ignis
994 1024 1020 1047 et
1034 1021 1116 1048 aeris.

338 1061 501 1090 Dissolvutur
517 1072 633 1111 namque
652 1064 679 1091 in
694 1065 829 1092 similibus
851 1068 998 1099 manetque
1015 1064 1118 1099 absque

337 1107 434 1136 eﬂ'ectu
449 1107 608 1137 solidiorum
622 1117 767 1144 corporum
779 1110 905 1144 impelus.
920 1107 997 1143 Quod
1012 1110 1034 1137 si
1046 1110 1117 1145 ignis

337 1157 385 1181 aut
399 1162 457 1186 aer,
476 1155 544 1189 lapis
559 1158 605 1181 aut
619 1155 732 1186 ferrum,
758 1159 805 1182 aut
834 1155 948 1191 lignum,
969 1158 1015 1181 aut
1032 1155 1116 1189 aliud,

336 1198 409 1233 quod
425 1199 551 1225 homines
566 1202 659 1226 contra
675 1207 736 1228 sese
758 1205 920 1235 usurpantes
935 1200 987 1227 sibi
1002 1200 1116 1227 invicem

336 1245 438 1272 caedem
454 1245 585 1277 inferunt,
599 1246 743 1273 vulnerare
755 1249 782 1274 et
799 1246 922 1274 dividere
947 1254 1001 1273 non
1028 1250 1116 1281 potest

336 1290 410 1325 quod
425 1291 575 1319 subtilioris
591 1296 694 1319 natura:
717 1292 764 1324 sit,
789 1300 907 1327 quanam
934 1292 1039 1319 ratione
1061 1299 1116 1318 non

336 1335 427 1370 potius
444 1335 648 1364 invulnerabilis
669 1338 769 1364 mansit
786 1335 923 1371 Sapientia
950 1341 977 1363 et
993 1335 1117 1370 impassi-

336 1379 410 1411 bilis,
421 1381 494 1407 nulla
512 1381 540 1408 in
554 1388 583 1408 re
594 1381 628 1408 ab
642 1381 732 1416 aliquo
759 1381 832 1414 laesa,
860 1381 922 1408 licet
948 1381 1029 1408 simul
1050 1388 1117 1407 con-

333 1425 430 1460 juncta
442 1430 515 1454 esset
530 1428 649 1462 corpori,
667 1427 739 1462 quod
763 1428 907 1456 secabatur
928 1430 955 1455 et
979 1426 1066 1454 clavis
1084 1427 1115 1453 li-

333 1471 458 1506 gebatur,
476 1479 538 1498 cum
561 1474 732 1507 praestantior
747 1476 773 1500 et
790 1473 884 1508 purior
906 1472 979 1500 omni
1004 1476 1114 1506 natura,

334 1524 420 1544 unum
439 1517 463 1545 si
479 1518 599 1553 excipias
617 1518 690 1546 illius
706 1520 856 1555 genitorem
885 1518 980 1550 Deum,
996 1518 1114 1547 exsistee

332 1561 397 1589 reti

1168 971 1309 1007 ἄπρακτος
1323 971 1426 1005 γίνεται
1442 972 1458 1006 ή
1480 970 1620 1005 ἐνέργεια·
1638 968 1692 997 οἷον
1705 970 1831 1007 καθάπερ
1845 971 1891 997 καὶ
1906 971 1954 998 ἐπὶ

1168 1017 1221 1044 τῶν
1258 1017 1513 1053 λεπτομερεστέρων
1551 1017 1686 1052 σωμάτων
1724 1017 1820 1051 πυρὸς,
1859 1016 1951 1052 ἀέρος.

1174 1063 1313 1090 Ἐκλύεται
1324 1063 1378 1098 γὰρ
1392 1064 1421 1089 ἐν
1429 1063 1487 1095 τοῖς
1497 1062 1626 1095 τοιούτοις
1638 1063 1815 1099 ἀνενέργητος
1825 1062 1879 1089 τῶν
1890 1071 1952 1090 στι-

1169 1109 1309 1145 ρεωτέρων
1324 1108 1413 1145 ὁρμῆς
1428 1109 1571 1144 σωμάτων.
1590 1109 1620 1135 Εὶ
1634 1109 1662 1135 δὲ
1679 1108 1744 1144 πῦρ,
1760 1108 1777 1144 ἢ
1792 1108 1855 1144 ἀὴρ,
1867 1108 1951 1141 λίθος,

1167 1155 1183 1191 ἢ
1197 1155 1314 1191 σίδηρος,
1327 1155 1343 1190 ἢ
1361 1155 1447 1187 ξύλον,
1460 1155 1476 1191 ἢ
1491 1155 1565 1188 ἄλλο,
1579 1157 1619 1187 οἱς
1632 1156 1656 1181 οἱ
1667 1155 1804 1191 ἄνθρωποι
1816 1154 1953 1190 χρώμενοι

1167 1199 1226 1226 καθ’
1243 1199 1346 1225 ἑαυτῶν
1360 1199 1580 1235 ἀλληλοφονοῦσι,
1592 1199 1694 1236 τρῶσαι
1704 1200 1732 1226 δὲ
1749 1200 1795 1226 καὶ
1811 1199 1906 1226 διελεῖν
1919 1199 1951 1226 οὐ

1166 1244 1274 1271 δύναται
1290 1245 1365 1280 παρὰ
1380 1245 1410 1272 τὸ
1425 1246 1474 1281 τῆς
1488 1245 1612 1280 θικτικῆς
1625 1254 1654 1272 τε
1673 1245 1738 1271 αὐτὸ
1754 1245 1802 1271 καὶ
1820 1244 1953 1280 λεπτομε-

1169 1291 1298 1326 ρεστὲρας
1311 1292 1418 1325 φύσεως
1428 1291 1583 1326 τυγχάνειν·
1598 1291 1657 1323 πῶς
1670 1292 1699 1317 οὐ
1719 1291 1817 1326 μᾶλλον
1831 1290 1953 1327 ἄτρωτός

1166 1345 1197 1371 γε
1213 1337 1318 1372 ἔμεινεν
1341 1338 1358 1372 ἠ
1376 1337 1461 1372 Σοφία
1475 1338 1522 1364 καὶ
1542 1337 1665 1373 ἀπαθὴς,
1679 1338 1755 1364 οῦδὲν
1767 1337 1835 1373 πρὸς
1846 1335 1952 1369 οὐδενὸς

1166 1382 1346 1417 κακυνομένη,
1371 1382 1422 1409 κᾶν
1435 1384 1599 1418 τεμνόμενον
1617 1383 1697 1418 συνῆν
1711 1383 1758 1410 καὶ
1774 1382 1953 1419 προσηλωμ-

1166 1435 1210 1454 νον
1235 1427 1274 1462 τῷ
1300 1426 1415 1462 σώματι,
1434 1427 1546 1461 βελτίων
1568 1427 1616 1453 καὶ
1641 1426 1818 1462 καθαρωτέρα
1845 1425 1952 1461 φύσεως

1166 1473 1257 1508 πάσης
1280 1472 1416 1509 μετὰντδν
1442 1473 1641 1509 γεννησάμενον
1670 1473 1755 1508 αὐτὴν
1773 1471 1840 1499 Θεὸν
1865 1471 1954 1508 ὑπάρ-

1165 1527 1249 1553 χουσα
1261 1527 1268 1551 ;

341 1651 1936 1665 *—————_———__—____—___-—

887 1740 1025 1784 ALIA
1062 1741 1393 1787 NONNULLA

822 1833 974 1862 EIUSDEM
994 1834 1023 1863 S.
1044 1835 1212 1864 METRODH
1231 1836 1453 1865 FRAGMENTA.

624 1986 678 2022 (Ea;
697 1986 800 2015 Nicen:
815 1986 916 2016 Catena
930 1989 956 2016 in
973 1989 1035 2023 Job,
1053 1998 1113 2025 cap.
1130 1999 1185 2023 xu,
1197 1998 1257 2026 pag.
1279 1989 1332 2018 ‘29
1350 1990 1414 2018 edit.
1431 1989 1544 2021 Londin.
1561 1990 1651 2026 1657.)

653 2085 788 2114 Helhodii.

368 2138 495 2169 Fortasse
509 2144 608 2172 autem.
631 2142 759 2176 quoniam
787 2143 868 2171 amici
888 2143 940 2171 Job
956 2152 985 2173 se
1000 2152 1112 2173 causam
1125 2147 1146 2176 (Ξ

335 2185 484 2222 intelligere
498 2191 608 2222 propter
621 2196 703 2223 quam
724 2188 788 2215 talia
809 2194 958 2224 pateretur,
986 2191 1113 2218 arbitrati

334 2235 438 2263 essent,
452 2232 573 2267 longiore
585 2233 707 2261 oratione
729 2234 764 2262 ad
787 2242 835 2262 eos
856 2243 926 2263 usus
950 2236 992 2262 vir
1010 2235 1114 2270 justus,

335 2275 489 2302 divinorum
501 2276 667 2310 judiciorum
681 2278 851 2312 sapientiam.
864 2287 918 2307 non
931 2280 982 2307 sibi
998 2284 1113 2314 tantum,

336 2321 384 2349 sed
400 2325 427 2348 et
440 2322 514 2349 omni
529 2322 632 2349 homini
648 2322 949 2359 iucomprelicnsibilem
967 2333 1028 2353 esse
1042 2325 1112 2354 ἴοιε-

335 2368 396 2400 tur;
418 2371 445 2394 et
468 2367 501 2395 ad
520 2368 720 2402 suscipiendam
737 2370 845 2396 consilii
857 2370 941 2397 divini
959 2371 1112 2406 scientiam,

336 2413 426 2440 locum
441 2417 599 2441 terrestrem
616 2414 688 2441 haud
704 2414 830 2442 idoneum
844 2423 905 2443 esse
925 2415 1049 2444 aﬂirmat.
1068 2416 1115 2444 Di-

335 2458 406 2485 xerit
421 2463 510 2486 autem
527 2458 636 2494 aliquis,
653 2458 800 2494 perfectam
829 2462 856 2487 et
885 2461 1037 2489 absolutam
1057 2463 1114 2497 pie—

336 2508 431 2535 tatem,
442 2513 499 2532 rem
511 2505 590 2540 plane
607 2505 727 2533 divinam
743 2511 769 2534 et
782 2514 797 2533 a
811 2505 867 2534 Deo
885 2509 943 2536 solo
957 2509 1113 2539 hominibus

335 2550 476 2582 tributam,
495 2551 546 2579 hoc
561 2552 621 2579 loco
634 2552 795 2587 sapientiam
821 2555 924 2581 vocari.
948 2554 1051 2584 Sensus
1065 2564 1115 2583 au-

336 2598 390 2622 tem
406 2596 550 2623 verborum
564 2597 607 2624 hic
619 2601 661 2625 est
676 2608 682 2625 :
699 2597 780 2629 Deus,
796 2598 894 2633 inquit,
911 2600 1051 2628 hominum
1065 2609 1115 2628 na-

336 2644 405 2668 tum
422 2642 475 2668 vim
491 2649 522 2669 ac
532 2642 687 2671 facultatem
702 2644 868 2677 inveniendi,
889 2653 942 2673 una
965 2655 1026 2674 cum
1052 2655 1114 2682 pru-

334 2687 427 2715 dentia
441 2693 467 2716 et
479 2689 595 2717 artiﬁcio
606 2691 740 2724 inserens,
763 2699 860 2726 magna
881 2692 914 2719 iis
928 2693 1039 2728 largitus
1052 2697 1112 2726 est;

336 2741 391 2769 qua
405 2739 516 2770 accepta
534 2740 632 2763 terram
657 2738 690 2765 ad
710 2738 830 2766 eruenda
848 2738 955 2765 metalla
971 2739 1111 2772 eiYodiunt,

335 2783 362 2806 et
372 2780 481 2813 colunt;
495 2782 654 2816 sapientiam
670 2787 759 2811 autem
771 2791 832 2819 quae
849 2791 909 2811 cum
931 2785 1030 2820 pietate
1046 2793 1113 2813 con-

334 2822 427 2856 juncta
447 2830 498 2859 est,
519 2827 546 2854 in
560 2827 635 2855 nullo
652 2828 711 2856 loco
729 2829 851 2857 invenire
876 2829 947 2857 licet.
963 2830 1018 2858 Nec
1031 2831 1112 2857 homo

334 2877 396 2900 eam
411 2878 445 2898 ex
459 2879 488 2899 se
502 2876 529 2900 et
545 2873 663 2909 propriis
678 2875 797 2911 assequi,
825 2882 913 2910 neque
936 2876 997 2904 aliis
1012 2876 1112 2911 impero

1479 2088 1647 2117 Msﬂod‘lov.’

1199 2146 1279 2177 Ἴσως
1293 2145 1331 2177 δὲ,
1349 2145 1410 2172 ἐπεὶ
1425 2146 1449 2172 οἱ
1462 2145 1533 2180 φίλοι
1546 2145 1593 2172 τοῦ
1614 2145 1674 2172 Ἰὼϐ
1690 2146 1773 2181 ᾤοντο
1790 2147 1841 2182 τὴν
1858 2145 1950 2173 αἰτίαν

1165 2186 1355 2226 κατειληφέναι
1374 2184 1409 2217 διδ
1433 2191 1465 2226 ἥν
1486 2190 1572 2218 ταῦτα
1593 2192 1713 2228 ἔπασχε,
1735 2192 1804 2227 πρὸς
1830 2191 1949 2224 {niveus

1164 2236 1371 2271 ἀποτεινόμενος
1382 2237 1396 2263 ό
1407 2236 1519 2269 δίκαιος,
1535 2237 1586 2273 τὴν
1603 2237 1668 2272 περὶ
1681 2236 1734 2263 τῶν
1747 2236 1886 2271 χριμάτων
1899 2236 1947 2264 τοῦ

1164 2281 1230 2308 Θεοῦ
1246 2282 1341 2317 σοφίαν
1354 2282 1472 2317 ᾶληπτον
1486 2281 1555 2309 εἶναι
1569 2282 1704 2318 ὁμολογεῖ,
1723 2282 1753 2307 οὐ
1769 2281 1848 2316 μόνον
1861 2282 1946 2318 αὐτῷ,

1165 2328 1232 2355 ἀλλὰ
1256 2329 1303 2355 καὶ
1326 2330 1406 2355 παντὶ
1426 2329 1571 2365 evomam.
1592 2330 1640 2356 καὶ
1660 2328 1709 2363 τὴν
1725 2327 1878 2364 ἐπιστήμην
1897 2328 1947 2364 τῆς

1166 2374 1261 2409 βουλῆς
1277 2374 1323 2400 τοῦ
1339 2374 1406 2401 Θεοῦ
1425 2376 1461 2409 μὴ
1484 2375 1575 2400 ἱκανὸν
1594 2371 1663 2400 εἶναι
1679 2372 1879 2406 παραδέξασθαι
1899 2374 1946 2400 τὸν

1166 2421 1301 2455 περίγειον
1316 2421 1407 2449 τόπον,
1423 2420 1609 2452 ὰποψαίνεται.
1628 2419 1693 2452 Φαὶη
1710 2418 1731 2443 δ’
1748 2418 1779 2444 ἂν
1797 2427 1836 2450 τις
1852 2419 1946 2453 σοφίαν

1165 2467 1278 2492 ἐνταῦθα
1302 2468 1348 2499 τὴν
1372 2466 1475 2491 τελείαν
1505 2465 1643 2490 εὐσέϐειαν
1671 2464 1802 2499 εἰρῆσθαι.
1832 2467 1945 2500 πρᾶγμα

1165 2513 1244 2542 θεῖον,
1264 2513 1314 2537 ὑπὸ
1328 2512 1407 2546 μόνον
1426 2511 1472 2536 τοῦ
1490 2510 1556 2535 Θεοῦ
1574 2512 1627 2541 τοῖς
1643 2510 1793 2546 ἀνθρώποις
1808 2511 1945 2547 δωρούμε-

1164 2566 1218 2584 νον.
1240 2559 1269 2581 'U
1283 2557 1309 2581 δὲ
1326 2555 1386 2586 νοῦς
1402 2556 1453 2580 τῶν
1472 2556 1559 2590 ῥητῶν
1577 2553 1667 2587 οὖτος”
1684 2557 1804 2590 Μεγαλα,
1822 2557 1914 2592 φησὶν,
1930 2557 1945 2582 ό

1164 2602 1228 2631 Θεὸς
1251 2603 1305 2631 τοῖς
1319 2599 1470 2634 ἀνθρώποις
1487 2600 1648 2634 ἐδωρήσατο,
1670 2602 1697 2626 ἐν
1720 2603 1752 2635 τῇ
1768 2602 1847 2635 φύσει
1861 2608 1944 2627 κατα-

1166 2646 1276 2680 σπείρας
1289 2646 1376 2671 αὐτῶν
1389 2645 1418 2670 τὸ
1440 2645 1619 2679 ἑρευνητικὸν,
1635 2648 1680 2672 καὶ
1695 2647 1785 2680 σοφὸν,
1799 2647 1845 2672 καὶ
1859 2653 1945 2679 τεχνι-

1165 2693 1226 2717 κόν·
1246 2692 1311 2725 ὅπερ
1329 2690 1453 2721 λαόόντες
1475 2691 1498 2715 οὶ
1518 2690 1663 2722 ἄνθρωποι,
1683 2692 1733 2726 γῆν
1753 2698 1782 2717 τε
1801 2687 1945 2725 μεταλλεύ-

1164 2746 1222 2762 ουςι
1246 2737 1291 2762 καὶ
1316 2735 1481 2771 γεωργοῦσιν
1505 2735 1553 2770 τὴν
1576 2736 1603 2762 δὲ
1629 2737 1699 2762 κατὰ
1723 2736 1876 2762 θεοσέϐειαν
1900 2741 1945 2759 σο-

1165 2784 1228 2817 φίαν
1252 2783 1300 2808 οὐχ
1326 2784 1353 2808 ὲν
1376 2782 1450 2817 τόπῳ
1465 2783 1526 2816 ιτινὶ
1551 2782 1623 2808 ἔστιν
1647 2784 1751 2817 εὑρεῖνο
1773 2782 1823 2807 οὐκ
1841 2778 1944 2805 οἰκοῦιν

1164 2829 1264 2862 ταύτην
1278 2828 1419 2863 ἄνθρωπος
1435 2827 1576 2855 ἀναλαϐεῖν
1589 2827 1708 2854 δύναταιε
1723 2828 1774 2854 οὐκ
1785 2825 1875 2856 ἄλλοις
1891 2831 1944 2850 πα-

1165 2874 1299 2910 ραδοῦναι.
1317 2873 1396 2901 ’0θεί
1418 2875 1462 2900 καὶ
1474 2875 1499 2899 οι
1519 2873 1651 2908 Ἑλλήνων
1665 2872 1751 2907 σοφὴ,
1768 2870 1820 2907 ἰδία
1831 2870 1944 2906 δυνάμι
