2145 3163
311 169 366 198 (I9

815 162 1017 192 ALEXAND!“
1035 161 1189 192 EPISCOPI
1210 163 1465 193 LYCOPOLITAM

1876 166 1931 195 ΒΟ

311 241 376 269 Cn.
393 237 439 268 Vl.
456 238 664 266 lanichteorum
678 239 730 265 duo
741 238 882 272 principia.
900 235 1158 300 Ιξεεὸἓζῗολιὶζιέ

1097 235 1325 270 Pythagoreorum
1338 235 1371 263 de
1390 235 1526 270 principiis
1550 235 1647 270 opinio.
1665 235 1769 264 Bonum
1787 240 1813 264 et
1827 237 1929 265 malum

1082 270 1096 297 Α
1111 269 1178 297 bona
1194 271 1314 298 victoria.

350 336 408 364 Duo
419 335 552 372 principia
573 335 708 363 statuunt,
719 330 818 359 'Deum
833 334 861 358 et
882 330 1034 358 materiam.
1052 328 1095 356 Si—
1109 331 1133 360 Α
1181 330 1197 355 Δ

1085 345 1095 350 -
1109 331 1133 360 Α
1181 329 1233 355 Δύο
1247 328 1335 364 ἀρχὰς
1349 329 1531 362 ὑποτίθενται,
1547 329 1613 356 Θεδν
1632 331 1678 356 καὶ
1695 330 1768 365 ὕλην.
1789 331 1820 357 El
1836 331 1886 367 ph
1899 330 1932 359 τδ

313 379 423 416 quie‘em
437 378 463 406 id
478 377 551 413 quod
576 376 605 404 tit
627 380 709 410 atque
732 375 836 406 oritur,
854 374 889 402 ab
905 382 938 402 eo
953 373 1026 409 quod
1040 378 1094 408 est,

314 429 439 454 secernat
456 422 581 460 (Manes),
608 421 681 449 haud
705 420 818 457 perinde
832 420 902 447 mala
919 419 1070 454 suppositio
1087 428 1094 452 ;

313 473 345 498 ut
360 478 448 506 neque
460 469 572 496 materia
588 468 647 503 ipsa
671 474 701 495 se
719 467 805 502 ipsam
821 465 929 497 etiiciat,
943 469 972 493 et
986 468 1096 492 contra-

314 517 417 545 riorum
434 514 565 542 rationem
575 513 700 548 recipiat,
713 520 774 547 quae
788 515 845 539 tum
861 515 924 546 agat
934 514 992 538 tum
1007 511 1097 546 patiao

313 566 361 590 tur
376 569 383 588 :
398 568 486 596 neque
497 567 593 587 rursus
609 559 661 585 alia
675 557 739 585 talia
751 558 785 586 de
801 557 929 586 ellectore
949 563 1097 591 rerumque

315 611 427 636 auctore
441 605 638 640 intelligantur,
652 611 712 640 quae
726 611 776 631 nec
789 602 858 630 forte
874 603 915 630 fas
932 602 967 629 sit
986 601 1095 635 dicere;

313 653 424 680 tametsi
437 651 510 678 Deus
522 650 555 677 ad
567 649 671 682 ell'ecta,
691 648 805 676 materia
819 656 875 675 non
889 647 1020 682 indigeat,
1034 654 1098 674 cum

316 699 408 726 omnia
421 698 449 726 in
462 696 613 725 substantia
627 699 655 723 et
670 703 731 730 quae
747 702 811 722 vere
823 694 957 721 exsistant
972 693 1005 719 ad
1021 693 1097 720 illum

316 753 399 774 sensu
412 743 479 772 edici
495 742 562 770 nihil
572 741 725 776 prohibeat.
741 739 791 767 Sin
803 742 905 770 autem,
921 738 993 773 quod
1011 737 1099 773 magis

316 791 371 820 dici
400 789 516 820 videtur.
535 788 587 816 sub
613 787 674 822 ipso
699 785 872 813 inordinatus
891 792 983 812 rerum
1009 789 1098 812 motus

316 835 427 864 materia
443 839 495 866 est,
508 833 624 869 primum
640 832 748 867 quidem
766 830 876 858 incaute
889 838 922 857 ac
937 830 1097 865 imprudens

314 880 390 914 aliud
401 880 519 908 etiiciens
530 878 592 914 (etsi
608 873 770 911 maleficum)
783 876 927 903 constituit
946 885 952 902 :
968 883 1019 903 nec
1033 875 1098 911 quid

316 927 380 955 inde
393 929 524 961 sequatur
533 922 744 955 animadvertit;
759 929 867 956 nempe,
880 921 903 948 si
919 928 1100 949 necesse~om-

316 972 383 1000 nino
405 971 442 999 sit
464 973 493 998 ut
517 969 590 997 Deus
603 971 630 996 et
651 967 765 995 materia
785 971 992 1002 supponantur,
1018 967 1098 994 aliam

1145 375 1305 409 γιγνόμενον
1320 374 1368 403 τοῦ
1383 374 1459 407 ὄντος
1473 375 1651 411 ἀποχωριζει,
1665 375 1713 410 οὐχ
1728 376 1829 411 ,ὁμοίως
1841 377 1931 412 φαύλη

1145 421 1163 455 ἡ
1175 419 1303 452 ὑπόθεσις
1315 439 1322 452 ,
1349 420 1393 447 ἶνα
1407 420 1477 456 μήτε
1497 422 1513 457 ὴ
1529 420 1577 456 ’ὑλη
1597 421 1697 456 ἑαυτὴν
1714 422 1794 456 ποιῇ,
1817 422 1933 449 καὶτῶν

1147 466 1274 496 ἐναντίων
1281 465 1446 502 ἀποδέχηται
1457 465 1546 500 λόγον,
1558 465 1676 493 ποιοῦσά
1685 474 1714 493 τε
1723 466 1770 493 καὶ
1779 467 1930 502 πάσχουσαο

1147 511 1210 547 μήτ’
1234 508 1267 538 αὖ
1293 510 1406 538 τοιαῦτα
1425 511 1505 538 πάλιν
1531 511 1613 547 ἕτερα.
1638 511 1702 546 περὶ
1719 511 1766 538 τὸν
1791 511 1932 547 ποιητικὸν
1953 541 1972 560 ⁸

1146 556 1231 583 αἴτιον
1248 556 1393 593 θιωρῆται,
1410 556 1428 583 ἃ
1440 556 1501 583 οὐδὲ
1513 556 1603 591 λέγειν
1614 558 1678 589 ῐσως
1693 556 1771 592 θέμις
1780 565 1788 572 ·
1800 557 1888 584 καίτοι
1899 557 1931 583 οὐ

1146 602 1272 638 δεομένου
1286 602 1332 629 τοῦ
1350 602 1418 630 Θεοῦ
1432 604 1500 639 πρὸς
1522 604 1556 631 τὰ
1571 604 1778 639 ἀποτελέσματα
1802 602 1884 638 ὕλης,
1901 603 1932 630 ὲν

1148 647 1293 674 ὑποστάσει
1307 648 1463 684 δυναμένων
1473 649 1613 683 γίγνεσθαι
1627 648 1736 676 πάντων
1749 648 1818 684 πρὸς
1829 650 1933 675 ἐκεῖνον

1147 691 1192 718 τὸν
1204 692 1266 720 νοῦν
1276 700 1283 707 ·
1302 694 1327 719 εί
1339 693 1377 726 δὲ,
1393 694 1461 729 ὅπερ
1472 694 1572 729 μᾶλλον
1586 694 1712 729 λέγεσθαι
1728 694 1811 726 δοκεῖ,
1825 694 1870 721 ὑπ’
1885 694 1934 721 αὐ-

1147 736 1194 763 τοῦ
1208 738 1224 773 ἡ
1239 738 1354 770 ἄτακτος
1370 739 1477 774 κίνησις
1487 739 1542 767 τῶν
1557 740 1643 768 ϐντων
1658 741 1731 768 ἐστὶν
1746 740 1808 776 ὕλη.
1824 740 1932 776 πρῶτον

1150 783 1200 819 μὲν
1210 784 1335 811 λανθάνει
1348 786 1442 812 ἑαυτὸν
1453 786 1546 822 ἓτερον
1565 787 1705 822 ποιητικὸν
1716 786 1801 815 αἴτιον
1817 786 1933 821 ὑφιστά-

1151 837 1230 863 μενος
1253 830 1415 863 (κακοποιὸν
1429 831 1536 866 μέντοι)
1553 840 1560 847 ·
1579 832 1629 868 οὐχ
1651 832 1702 868 ὁρᾷ
1720 832 1748 859 δὲ
1763 832 1809 859 καὶ
1825 832 1856 859 τὸ
1867 831 1933 858 ἑπό-

1151 883 1241 910 μενον.
1248 876 1298 907 ὅτι,
1309 876 1332 902 εἰ
1340 875 1406 903 Θεὸν
1414 877 1522 909 πάντως
1531 878 1695 906 ὑποπατέον
1708 880 1755 905 καὶ
1767 878 1843 914 ὓλην,
1853 877 1934 914 ἑτέρα

1148 929 1191 953 τις
1205 921 1254 958 ὕλη
1269 921 1307 956 τῷ
1321 921 1380 958 Θεῷ
1390 922 1571 958 ὑποστήσεται
1581 932 1587 939 ·
1602 924 1645 951 ἵνα
1656 924 1780 961 ἑκατέρω
1790 924 1844 951 τῶν
1857 933 1935 960 mu;-

1149 965 1233 993 τικῶν
1245 967 1338 993 αἰτίων
1352 967 1368 1002 ὴ
1385 967 1549 1003 ὑποκειμένη
1567 969 1677 1005 ὑπάρχῃ
1689 968 1750 1004 ὕλη.
1766 967 1836 996 Ἀντὶ
1845 969 1936 997 τοίνυν

316 1023 426 1052 quoque
440 1015 580 1042 materiam
595 1013 650 1041 Deo
660 1014 831 1049 suppositum
848 1013 882 1040 iri
898 1023 904 1040 :
918 1016 950 1040 ut
968 1012 1098 1040 videlicet
1113 1007 1135 1034 Β
1148 1013 1163 1039 δ

1015 1013 1098 1040 elicet
1113 1007 1135 1034 Β
1148 1012 1195 1039 δύο
1208 1013 1341 1049 τέτταρας
1352 1013 1418 1048 ἡμῖν
1432 1013 1517 1040 ποιῶν
1532 1013 1619 1050 ἀρχὰς
1634 1014 1861 1050 ἐπιδειχθήσεται.

318 1061 450 1090 ambobus
470 1060 649 1089 eﬂioientibus
659 1061 773 1088 materia
783 1060 906 1096 subjecta
919 1059 965 1088 sit.
990 1058 1044 1087 Pro
1072 1059 1179 1087 duobus
1196 1060 1288 1095 igitur,
1311 1064 1431 1096 quatuor
1447 1060 1527 1088 nobis
1542 1061 1675 1096 principia
1700 1065 1830 1096 praestare
1854 1069 1936 1090 mon-

318 1108 459 1137 strabitur.

351 1153 517 1183 Admiranda
541 1160 607 1181 vero
619 1157 647 1180 et
663 1152 697 1180 ab
710 1153 758 1180 illo
771 1153 862 1188 posita
889 1153 1028 1188 utrimque
1041 1152 1099 1181 dis-

316 1200 423 1229 tinctio.
437 1199 467 1227 8i
486 1200 559 1227 enim
574 1199 626 1226 hoc
638 1197 721 1226 Deum
735 1199 886 1230 existimat.
899 1197 973 1233 quod
984 1198 1097 1231 bonum,

316 1246 429 1280 vultque
441 1253 505 1273 vere
526 1244 660 1272 exsistere
687 1243 760 1279 quod
774 1247 818 1273 est
839 1244 879 1271 illi
905 1244 1099 1277 contrarium;

316 1291 413 1327 quidni
421 1290 494 1319 velut
511 1288 683 1325 Pythagorici
691 1288 802 1324 quidam
814 1290 915 1317 malum
931 1290 982 1324 ipsi
990 1293 1100 1317 contra-

317 1337 389 1365 rium
407 1336 484 1372 ponit
496 1335 508 1362 ‘l
528 1334 682 1363 Ferendum
693 1342 760 1362 sane
771 1335 869 1369 magis,
883 1339 912 1361 ut
926 1333 960 1362 ab
976 1335 1031 1362 illis
1043 1335 1098 1362 duo

317 1382 595 1420 principiadicantur,
607 1380 711 1408 bonum
721 1383 751 1408 et
766 1380 867 1407 malum
881 1389 889 1413 ;
908 1380 980 1407 inter
995 1388 1025 1408 se
1032 1387 1100 1407 con-

315 1428 393 1456 tinue
408 1428 567 1464 pugnantia.
593 1434 655 1455 cum
670 1429 761 1454 tamen
788 1424 891 1452 bonum
912 1425 983 1452 malo
996 1432 1100 1460 praeva—

316 1475 380 1504 teat.
394 1473 462 1501 Nam
478 1473 503 1501 si
520 1473 622 1500 malum
646 1475 788 1507 superaret
802 1491 811 1504 ,
834 1471 977 1499 interirent
996 1471 1097 1499 omnia.

316 1518 435 1547 Prorsus
450 1518 523 1546 enim
537 1517 652 1545 materia
664 1515 815 1544 secundum
830 1524 870 1548 se,
893 1523 981 1550 neque
998 1523 1098 1551 corpus

315 1569 370 1599 est,
393 1571 482 1599 neque
501 1563 614 1591 omnino
631 1562 821 1597 incorporeum
838 1561 958 1596 aliquid;
972 1564 1000 1588 at
1011 1569 1099 1597 neque

316 1611 477 1646 simpliciter
487 1610 540 1637 hoc
551 1608 652 1643 aliquid
664 1618 670 1635 :
681 1607 728 1636 sed
743 1607 882 1635 indeﬂnita
896 1607 1029 1642 quaedam,
1040 1615 1100 1643 qua:

1183 1152 1331 1189 Θαυμαστὴ
1345 1152 1374 1179 δὲ
1392 1152 1437 1179 καὶ
1453 1153 1470 1188 ἡ
1486 1152 1688 1188 ἀντιδιαίρεσις.
1698 1152 1792 1188 Είγὰρ
1800 1152 1866 1184 Θεὸς
1876 1153 1936 1180 ἐστι

1150 1199 1214 1235 παρ’
1227 1198 1311 1234 αὐτῷ,
1325 1199 1393 1235 ὅπερ
1408 1199 1439 1226 τὸ
1449 1199 1560 1234 ἀγαθὸν,
1569 1199 1617 1227 καὶ
1633 1199 1757 1234 βούλεται
1773 1198 1935 1234 ὑφίστασθαι

1149 1245 1222 1280 αὐτῷ
1235 1245 1365 1283 ἐναντίον,
1383 1245 1428 1272 διὰ
1441 1244 1469 1272 τί
1482 1245 1512 1273 οὐ
1529 1245 1654 1282 καθάπερ
1665 1245 1737 1278 τινὲς
1750 1245 1805 1273 τῶν
1816 1244 1938 1280 Πυθαγο-

1151 1291 1230 1326 ρείων
1244 1289 1273 1317 τὸ
1287 1291 1372 1317 κακὸν
1386 1291 1461 1326 αὐτῷ
1470 1291 1654 1327 mirionum;
1674 1291 1861 1328 ’Δνεκτότερον
1869 1289 1939 1325 γοῦν

1151 1335 1198 1361 ὑπ’
1212 1335 1322 1361 ἐκείνων
1337 1335 1464 1370 λέγεσθαι
1474 1335 1521 1362 δύο
1531 1333 1600 1362 εἶναι
1617 1336 1714 1374 ἀρχὰς,
1731 1336 1762 1363 τὸ
1772 1336 1872 1371 ἀγαθὸν
1887 1335 1938 1363 καὶ

1150 1381 1181 1408 τὸ
1194 1380 1293 1408 κακόν
1310 1381 1464 1413 στασιάζειν
1476 1381 1504 1408 δὲ
1517 1381 1618 1413 ταύτας
1633 1382 1763 1417 συνεχῶς,
1777 1383 1937 1419 ἐπικρατεῖν

1151 1425 1181 1451 δὲ
1192 1425 1223 1451 τὸ
1241 1424 1351 1459 ἀγαθόν.
1368 1425 1400 1451 Εί
1411 1425 1466 1460 γὰρ
1481 1425 1512 1452 τὸ
1528 1426 1612 1452 κακὸν
1633 1426 1778 1461 ὑπερέχοι,
1800 1426 1939 1463 φθαρήσεο

1153 1469 1214 1497 σθαι
1223 1470 1321 1497 πάντα.
1337 1469 1423 1502 ’Ὁλως
1437 1471 1565 1509 γὰρὶκαθ“
1577 1471 1675 1506 ἑαυτὴν
1693 1471 1742 1506 μὲν
1760 1472 1777 1507 ἡ
1801 1471 1850 1507 ὕλη
1872 1471 1936 1500 οὔτε

1152 1516 1231 1551 σῶμά
1245 1517 1328 1547 ἐστιν,
1340 1515 1402 1543 οὔτε
1415 1516 1535 1553 ἀκριϐῶς
1550 1516 1695 1552 ἀσώματόν
1709 1525 1746 1549 τι,
1763 1517 1824 1544 οὔτε
1841 1518 1935 1551 ἁπλῶς

1150 1562 1210 1588 τόδε
1225 1570 1264 1588 τι·
1285 1561 1354 1588 ἀλλὰ
1367 1562 1492 1595 ἀόριστος
1502 1571 1544 1594 τις
1559 1562 1748 1598 προσλαϐοῦσα
1761 1563 1792 1590 τὺ
1806 1561 1877 1595 εἶδος
1893 1564 1938 1598 γί-

1150 1616 1225 1634 νεται
1240 1607 1390 1643 ὡρισμένη·
1398 1605 1454 1635 οἷον
1462 1608 1511 1644 τὴν
1523 1609 1662 1645 πυραμίδα
1672 1609 1720 1644 μὲν
1732 1609 1787 1645 πῦρ
1796 1617 1804 1624 ·
1816 1609 1846 1636 τὸ
1855 1610 1938 1638 ὀπτόν

318 1658 404 1685 l’orma
419 1655 564 1684 accedente
575 1655 685 1682 ﬁniatur
700 1661 732 1681 ac
748 1655 920 1685 terminatur.
940 1653 1014 1681 velut
1027 1654 1099 1688 ignis
1112 1671 1135 1702 ο
1151 1663 1163 1680 ε

1087 1661 1099 1681 s
1112 1671 1135 1702 ο
1151 1654 1227 1702 ᾖρον
1240 1653 1268 1702 ξε
1281 1654 1350 1702 αὴρ·
1369 1654 1400 1702 τὸ
1415 1654 1586 1702 εἰκοσάεδρον
1601 1654 1630 1681 δὲ
1643 1653 1732 1691 ὕδωρ·
1749 1655 1832 1682 κύϐον
1843 1656 1871 1683 δδ
1886 1655 1934 1692 γῆ.

317 1706 388 1730 meta
405 1709 437 1729 ac
449 1701 603 1737 pyramide;
618 1700 746 1728 octaedro
763 1700 934 1734 (octonorum
952 1706 1098 1733 corporum
1114 1696 1134 1702 “’
1151 1700 1164 1726 Ι

1089 1706 1098 1726 ι
1114 1696 1134 1702 “’
1151 1699 1213 1731 Πῶς
1227 1696 1273 1726 οὖν
1288 1699 1346 1726 ἐστι
1357 1700 1411 1727 τῶν
1423 1700 1561 1736 στοιχείων
1573 1702 1591 1737 ἠ
1604 1702 1720 1734 ἄτακτος
1734 1701 1936 1739 κίνησιςήῦλη;

317 1746 407 1782 sessu)
423 1754 487 1779 aer;
509 1745 652 1773 icosaedro
665 1744 844 1780 (vicenorum)
860 1751 950 1779 aqua;
963 1744 1099 1779 quadran-

316 1792 375 1824 tali,
390 1795 476 1819 terra.
491 1791 617 1824 Quonam
632 1790 714 1824 igitur
733 1789 816 1816 modo
832 1789 943 1816 materia
960 1790 1100 1817 inordina-

316 1840 362 1864 tus
375 1840 466 1864 motus
475 1836 670 1864 elementorum
678 1834 786 1862 exsistit
797 1834 809 1860 ?
821 1833 871 1861 Per
882 1841 911 1861 se
925 1834 1018 1868 itaque
1033 1835 1100 1862 sub-

318 1881 419 1908 sistens
436 1885 564 1915 vereque,
576 1879 713 1907 exsistens
728 1886 783 1906 non
798 1881 858 1906 est:
873 1885 934 1905 nam
955 1879 978 1906 si
995 1883 1095 1911 motus,

1151 1746 1219 1773 Καθ’
1236 1745 1334 1781 ἑαυτὴν
1362 1746 1412 1781 μὲν
1435 1744 1481 1774 οὖν
1495 1747 1544 1774 οὐκ
1571 1747 1645 1775 ἐστιν
1668 1748 1825 1784 ὑποστατή·
1837 1748 1862 1775 εί
1880 1748 1938 1785 γὰρ

1150 1791 1266 1826 κίνησις,
1279 1792 1306 1818 ὲν
1324 1791 1364 1827 τῷ
1379 1792 1545 1828 κινουμένῳ·
1564 1793 1596 1820 οὐ
1608 1793 1680 1821 δοκεῖ
1693 1793 1722 1821 δὲ
1735 1794 1854 1822 τοιοῦτον
1866 1793 1939 1823 εἶναι

1150 1837 1167 1871 ὴ
1185 1836 1245 1872 ὕλη,
1257 1837 1324 1864 ἀλλὰ
1333 1838 1431 1873 μᾶλλον
1445 1838 1476 1865 τὸ
1489 1838 1595 1874 πρῶτον
1609 1839 1787 1875 ὑποκείμενον
1798 1841 1845 1867 καὶ
1852 1840 1938 1877 appo-

1151 1880 1273 1916 θμιστον,
1291 1883 1339 1909 καὶ
1354 1883 1400 1918 ἀφ’
1410 1881 1441 1910 οὗ
1457 1883 1492 1910 τὰ
1505 1884 1581 1912 ἄλλα.

318 1928 346 1954 in
362 1926 484 1961 subjecto
494 1930 535 1953 est
552 1934 559 1958 ;
578 1933 632 1953 non
648 1925 756 1953 videtur
780 1928 870 1952 autem
894 1925 956 1952 talis
988 1933 1050 1953 esse
1071 1927 1194 1960 materia,
1218 1929 1285 1964 quin
1314 1930 1369 1957 imo
1391 1930 1509 1965 primum
1536 1930 1690 1966 subjectum
1711 1935 1739 1959 et
1770 1931 1940 1967 incomposi-

316 1978 386 2007 tum,
400 1978 428 2002 et
437 1982 472 2002 ex
481 1981 537 2009 quo
551 1973 667 2008 reliqua.

351 2020 466 2055 Quando
490 2020 574 2055 igitur
594 2025 684 2047 motus
713 2019 884 2047 inordinatus
904 2023 947 2048 est
966 2019 1092 2052 materia,

318 2074 462 2102 semperne
486 2066 580 2093 mobili
593 2066 757 2101 conjunctus
770 2069 839 2097 erat,
855 2069 900 2092 aut
910 2066 1056 2100 aliquando
1065 2067 1099 2093 ab

315 2120 349 2140 eo
365 2112 529 2147 separatus?
547 2111 635 2141 Certe.
655 2112 678 2139 si
697 2112 753 2138 ullo
769 2119 888 2146 unquam
904 2115 1026 2147 tempore
1050 2119 1099 2147 per

316 2165 346 2185 se
359 2162 428 2189 erat,
444 2158 485 2184 sic
502 2157 595 2192 utique
611 2165 668 2184 non
696 2161 755 2184 erat
769 2166 774 2183 :
799 2157 890 2184 nullus
912 2157 984 2184 enim
1007 2161 1097 2185 motus

316 2203 376 2229 sine
390 2202 513 2236 subjecto
527 2206 578 2229 est.
596 2201 625 2229 Si
638 2209 702 2229 vero
713 2210 820 2237 semper
837 2202 865 2229 in
879 2202 1004 2235 subjecto
1026 2207 1095 2233 erat,

316 2247 357 2273 sic
371 2254 466 2273 rursus
477 2247 531 2273 duo
545 2251 699 2273 statuantur
715 2247 864 2282 principia.
880 2247 953 2281 quod
966 2251 1055 2274 movet
1068 2251 1096 2274 et

315 2291 388 2326 quod
399 2294 532 2318 movetur.
545 2290 603 2318 Utri
618 2292 701 2325 igitur
717 2292 812 2318 horum
825 2291 972 2324 tribuetur,
989 2295 1018 2318 ut
1032 2299 1095 2318 cum

315 2335 371 2364 Deo
383 2335 500 2371 primum
512 2335 577 2362 illud
591 2336 810 2364 constituamus?

1189 2020 1266 2047 Ἐπεὶ
1279 2021 1368 2048 τοίνυν
1377 2022 1394 2057 ἡ
1407 2021 1523 2053 ἄτακτος
1534 2020 1641 2057 κίνησίς
1651 2022 1752 2057 ἐστινὴ
1770 2021 1820 2058 ὕλη
1829 2042 1838 2054 ,
1858 2024 1938 2052 πότε-

1148 2074 1193 2102 ρον
1222 2064 1256 2101 ἦν
1282 2066 1326 2092 ἀεὶ
1343 2066 1392 2092 σὺν
1409 2065 1447 2100 τῷ
1464 2066 1624 2101 κινουμένῳ,
1641 2066 1658 2102 ἢ
1680 2066 1746 2093 ποτὲ
1770 2066 1938 2103 κεχώρισται

1146 2112 1240 2137 τούτου
1253 2119 1260 2143 ;
1274 2111 1305 2137 Εἰ
1317 2111 1365 2146 μὲν
1380 2109 1434 2146 γὰρ
1451 2111 1515 2137 ποτὲ
1527 2108 1561 2147 ἦν
1571 2110 1630 2137 καθ’
1645 2112 1740 2149 αὐτὴν,
1756 2111 1828 2138 οὕτω
1839 2121 1871 2146 γε
1887 2113 1938 2140 οὐκ

1147 2156 1180 2183 ἂν
1190 2155 1240 2191 ἦν’
1255 2153 1367 2191 οὺδέμία
1382 2155 1436 2192 γὰρ
1449 2156 1555 2192 κίνησις
1567 2155 1632 2183 ἄνευ
1648 2156 1696 2183 τοῦ
1717 2157 1876 2192 κινουμένου
1886 2166 1893 2174 ·
1911 2160 1937 2185 ιι

1149 2201 1178 2227 δὲ
1192 2201 1235 2227 ἀεὶ
1251 2202 1280 2228 ὲν
1294 2201 1332 2236 τῷ
1347 2202 1499 2236 κινουμένῳ
1512 2199 1556 2237 ἦν,
1570 2201 1651 2228 πάλιν
1662 2200 1694 2229 αὖ
1709 2202 1756 2228 δύο
1769 2202 1853 2237 ἀρχαὶ
1866 2203 1938 2231 οὕτω

1151 2255 1181 2280 γε
1192 2247 1400 2282 ὐποστήσονται,
1412 2248 1442 2274 τὸ
1454 2248 1543 2274 κινοῦν
1552 2249 1597 2275 καὶ
1607 2249 1637 2275 τὸ
1645 2247 1812 2282 κινούμενον.
1825 2248 1939 2286 Ποτέρῳ

1149 2289 1195 2317 οὖν
1206 2291 1294 2318 αὐτῶν
1306 2291 1463 2327 ψηφίζεται,
1477 2293 1520 2320 ἵνα
1533 2293 1621 2320 ἐκεῖνο
1633 2292 1702 2329 μετὰ
1714 2292 1762 2319 τοῦ
1776 2292 1842 2320 Θεοῦ
1867 2294 1935 2321 om.

1112 2332 1134 2360 D
1149 2337 1311 2373 στησώμεθα
1322 2339 1443 2374 πρῶτον;

315 2394 379 2422 Car.
392 2393 449 2422 VII.
465 2393 617 2420 Vindicatus
626 2394 658 2421 ab
671 2394 867 2422 iuordt‘natione
881 2400 979 2422 motus.
989 2394 1147 2423 Circularis.
1160 2396 1265 2424 Rectus.
1282 2397 1463 2424 Generationis
1480 2402 1503 2424 et
1518 2397 1705 2432 corruptionis.
1722 2397 1896 2427 Alteratt'om's
1909 2404 1935 2429 τι

887 2439 992 2457 sensum
1007 2432 1149 2465 tif/iciunis
1165 2433 1314 2467 qualitatis.

349 2488 462 2516 Accedit
489 2489 606 2517 sermoni
621 2489 754 2524 appendix
773 2490 818 2516 illa
835 2497 950 2524 prorsus
965 2492 1094 2524 extorris,

315 2534 506 2562 inordinatum.
525 2535 640 2568 Quando
651 2535 723 2562 enim
748 2540 838 2563 motus
854 2544 908 2564 non
935 2536 1027 2569 fuerit,
1042 2545 1096 2564 me-

316 2579 370 2606 rito
382 2580 499 2609 dicatur.
508 2580 637 2614 Quaenam
655 2588 720 2609 vero
734 2581 814 2608 etiam
830 2586 952 2609 motuum
967 2583 1096 2610 materia?

314 2623 385 2652 Num
399 2625 446 2660 qui
458 2631 549 2653 rectus
564 2631 616 2659 est,
628 2634 662 2653 an
677 2626 821 2654 circularis
839 2635 847 2659 ;
868 2627 910 2654 vel
923 2635 983 2662 quae
1007 2628 1094 2662 quali-

314 2674 371 2698 tate
381 2677 491 2698 sensum
502 2671 634 2700 alliciente
647 2676 798 2711 mutantur,
813 2673 853 2699 vel
868 2673 1050 2708 generationis
1061 2680 1093 2699 ac

315 2716 499 2752 corruptionis
520 2719 635 2746 motus?
662 2718 807 2746 Enimvero
824 2719 967 2746 circularis
992 2723 1092 2749 motus.

315 2762 355 2789 sic
367 2762 483 2790 decorus
496 2765 539 2789 est
558 2767 586 2790 et
609 2764 788 2799 compositus,
804 2769 834 2791 ut
854 2772 944 2791 rerum
960 2763 1095 2791 universi-

317 2808 381 2834 tatis
397 2807 486 2835 urdini
500 2808 636 2843 ascriptus
648 2810 704 2838 sit;
720 2817 770 2837 nec
787 2809 996 2837 Mauichaorum
1012 2816 1094 2836 sensu

314 2851 360 2881 hic
375 2853 525 2888 culpandus
540 2853 674 2888 videatur,
690 2855 716 2883 in
731 2863 786 2891 quo
801 2856 841 2883 sol
864 2860 891 2884 et
912 2856 978 2883 luna
991 2875 997 2889 ,
1026 2861 1095 2889 quos

1187 2491 1319 2528 Πρόσεστι
1332 2492 1361 2518 δὲ
1372 2491 1410 2526 τῷ
1423 2490 1495 2525 λόγῳ
1508 2490 1632 2524 ἐφόλκιον
1647 2489 1680 2517 τὸ
1696 2491 1826 2520 ἄτακτον
1845 2492 1934 2529 ἐξόρι-

1149 2547 1211 2565 στον
1227 2537 1365 2568 παντελῶς
1379 2536 1467 2562 τοῦτο.
1490 2536 1585 2562 Ὁπότε
1598 2537 1652 2572 γὰρ
1669 2537 1705 2573 μὴ
1719 2539 1827 2574 κίνησις
1837 2560 1844 2573 ,
1861 2539 1934 2566 εικό-

1147 2593 1201 2615 τως
1218 2584 1250 2610 ἂν
1262 2583 1376 2617 λέγοιτο,
1391 2583 1437 2613 Τίς
1452 2583 1480 2608 δὲ
1496 2583 1542 2609 καὶ
1556 2583 1610 2610 τῶν
1620 2585 1753 2621 κινήσεων
1765 2587 1782 2621 ἡ
1794 2585 1861 2621 ὕλης
1876 2585 1917 2613 Πό

1147 2637 1224 2663 τερον
1243 2627 1259 2662 ὴ
1274 2627 1334 2653 κατ’
1348 2626 1468 2658 εὐθεῖαν,
1480 2627 1496 2661 ἦ
1508 2627 1524 2662 ἡ
1538 2627 1771 2665 κυκλοφορητική.
1794 2630 1810 2665 ἢ
1832 2631 1849 2666 ἡ
1870 2638 1923 2657 κατ

1143 2673 1293 2703 ἀλλοίωσιν,
1307 2672 1324 2706 ἢ
1337 2672 1354 2707 ἡ
1366 2671 1436 2698 κατὰ
1453 2671 1558 2705 γένεσιν
1570 2674 1617 2700 καὶ
1633 2674 1704 2701 κατὰ
1718 2674 1822 2710 φθοράν
1834 2683 1842 2706 ;
1860 2674 1930 2702 Ἀλλ’

1144 2720 1160 2753 ὴ
1182 2719 1230 2753 μὲν
1243 2717 1460 2753 κυκλοφορητικὴ
1475 2717 1545 2744 οὕτω
1557 2721 1668 2755 κοσμία,
1680 2721 1750 2748 ὥστε
1758 2722 1791 2756 τῇ
1805 2721 1853 2747 τοῦ
1864 2729 1931 2749 παν-

1143 2763 1188 2794 τὸς
1211 2762 1368 2788 ἀποδέδοται
1384 2762 1468 2794 τάξει.
1491 2763 1528 2789 Οὐ
1551 2764 1621 2791 κατὰ
1641 2765 1752 2798 τούτους
1775 2765 1804 2792 δὲ
1827 2766 1931 2802 ταύτην

1144 2807 1293 2838 αἰτιᾶσθαι,
1311 2808 1340 2833 ὲν
1385 2808 1399 2834 ὁ
1415 2807 1489 2842 ἥλιος
1515 2810 1562 2836 καὶ
1583 2811 1600 2845 ὴ
1626 2811 1739 2846 σελήνη,
1763 2810 1810 2842 οὓς
1831 2811 1930 2846 μόνους

1146 2853 1215 2880 θεῶν
1231 2852 1361 2880 αἰδεῖσθαί
1383 2861 1476 2887 φασιν·
1503 2854 1569 2882 ἀλλὰ
1583 2856 1632 2890 τὴν
1647 2856 1692 2884 ἐπ’
1709 2856 1816 2889 εὐθείας
1827 2865 1835 2872 θ
1861 2856 1930 2885 ἀλλὰ
