2145 3163
665 215 876 246 τιυοτλτυε
892 215 938 244 DE
955 215 1112 245 PLACITIS
1131 215 1407 246 MANICHEORUM.

1781 220 1834 250 430

229 284 294 312 ευ.
309 283 377 312 XIII.
394 284 496 312 Halani
507 285 792 323 minimeirtrideribu
806 290 832 314 et
848 286 942 314 stellis.
959 285 1034 313 Mala
1050 287 1115 323 uiue
1125 287 1213 323 omnia
1228 285 1389 323 Munichnice
1400 295 1477 323 vana,
1488 295 1546 323 qua:
1562 288 1622 316 vita
1634 289 1835 320 inducatints-

491 321 572 347 ritum
584 329 594 348 :
607 320 700 348 delirio
710 329 791 356 supra
801 323 920 356 exposito
931 321 1128 348 transuectionis
1140 322 1288 348 animarum
1296 330 1328 349 az
1337 322 1402 349 luna
1414 322 1447 348 ad
1464 320 1554 350 solem.

264 375 331 403 Τίνα
345 376 374 403 δὲ
387 376 434 404 καὶ
444 376 478 403 τὰ
492 377 566 404 κακὰ
578 376 647 404 εἶναι
659 377 733 411 λέγει
743 386 750 410 ;
760 378 828 413 Περὶ
842 379 890 414 μὲν
899 377 953 414 γὰρ
964 377 1010 404 τὸν
1024 381 1045 410 Α
1095 376 1111 410 ς

986 377 1010 404 δν
1024 381 1045 410 Α
1095 376 1224 410 Quaenam
1238 385 1303 405 vero
1316 378 1398 406 etiam
1414 378 1482 405 mala
1496 386 1557 407 esse
1578 379 1663 407 dicit?
1684 381 1725 408 Ad
1750 383 1833 410 solem

227 422 303 458 ἥλιον
321 423 368 450 καὶ
379 423 428 459 τὴν
443 423 557 460 σελήνην
573 424 649 451 οὐδὲν
669 424 821 451 ἀπολείπειο
843 425 908 460 περὶ
920 424 948 451 δὲ
963 424 1008 451 τὸν

227 469 340 505 οὐρανὸν
352 470 399 496 καὶ
413 470 477 502 τοὺς
497 470 622 506 ἀστέρας,
635 470 662 497 ετ
671 479 698 496 τι
711 471 830 498 τοιοῦτον
843 468 912 497 εἷναί
932 479 1008 506 φησι,

228 515 275 542 καὶ
285 516 311 542 τί
327 515 387 542 ποτ’
402 515 462 542 ἐστὶ
475 516 562 547 τοῦτο.
579 516 688 551 εὔλογον
702 517 800 552 ἑφεξῆς
817 517 916 552 ζητεῖν.
940 516 1009 543 Ἀλλ’

228 560 245 595 ή
270 560 317 595 μὲν
345 560 445 594 ἀταξία
469 562 528 588 κατ’
553 562 651 593 αὐτούς
679 563 736 588 ἐστι
757 562 788 588 τὸ
815 561 900 588 κακὸν
921 561 968 588 καὶ
991 562 1009 597 ἡ

227 605 343 638 ἄτακτος
362 606 482 642 κίνησις·
504 607 590 634 ταῦτα
610 607 638 634 δὲ
663 607 706 634 ἀεὶ
727 608 797 635 κατὰ
816 608 851 635 τὰ
872 607 941 634 αὐτὰ
964 609 1011 635 καὶ

227 651 356 684 ὡσαύτως
373 652 445 688 ἔχειν
465 653 512 679 καὶ
532 653 593 680 οὔτε
613 654 674 681 τινά
693 662 733 686 τις
751 653 804 680 τῶν
827 653 1010 690 πλανωμένων

227 698 388 730 αἰτιάσεται,
400 698 438 730 ὡς
452 698 525 734 παρὰ
535 699 580 725 τὸν
588 695 858 735 τεταγμένον’χρόνον
872 700 1010 735 ἐπιμεῖναι

227 751 292 770 ποτε
315 743 439 780 ζωδιακῴ
458 744 620 777 ἀξιώσαντα,
646 745 707 772 οὔτε
733 745 787 773 τῶν
809 746 946 778 ἀπλανῶν,
972 746 1010 778 ὡς

226 789 317 817 οὐκέτι
334 790 384 825 τῆς
407 790 492 825 αὐτῆς
516 790 629 826 μένοντα
647 790 728 825 ιδρας
749 791 796 818 καὶ
820 791 857 827 μὴ
877 799 1011 827 συμπερι-

226 834 358 861 πολοῦντα
372 836 405 871 τῇ
426 835 473 862 τοῦ
494 835 594 867 παντὸς
611 836 756 872 περιφορᾷ,
774 836 803 863 ἐν
823 837 920 864 ἑκατὸν
937 837 1009 864 ἔτεσι

226 880 291 915 μίαν
304 883 400 917 μοῖραν
416 882 463 909 ἐπὶ
474 882 508 910 τὰ
521 883 641 918 ἑπόμενα
653 883 811 919 κινούμενα.
831 883 875 910 Ἑν
885 885 921 919 γῇ
939 883 969 909 δὲ
986 884 1010 909 εί

224 925 255 952 τὸ
271 926 407 961 ἀνήμερον
423 927 501 954 ἐνίων
519 928 626 964 χωρίων
642 929 773 960 αἰτιᾶται,
786 929 803 964 ἢ
821 928 972 964 μέμψονται
985 928 1010 954 ol

224 971 391 1007 κυϐερνῆται
416 973 445 999 ὲν
466 974 499 1009 τῇ
522 973 644 1010 θαλάσσῃ
665 975 816 1010 χειμῶνας·
831 974 938 1010 πρῶτον
962 974 1010 1009 μὲν

223 1016 284 1043 κατ’
296 1017 394 1050 αὐτοὺς
409 1018 459 1054 τῆς
473 1017 520 1044 τοῦ
538 1018 641 1052 ἀγαθοῦ
663 1019 762 1055 μοίρας
782 1018 817 1045 τὰ
831 1018 953 1045 τοιαῦτα.
977 1017 1010 1043 El

1060 422 1169 457 quidem
1181 430 1214 450 ac
1227 422 1317 450 lunam
1339 424 1411 458 quod
1427 424 1542 457 attinet,
1565 425 1640 454 deest
1655 427 1731 455 nihil.
1757 429 1835 462 Quod

1060 475 1124 496 vero
1139 468 1172 496 ad
1186 469 1285 496 caelum
1297 472 1324 496 et
1339 469 1442 502 stellas.
1461 471 1484 498 si
1499 470 1563 506 quid
1582 473 1635 499 tale
1651 479 1711 500 esse
1724 473 1834 508 dixerit,

1060 521 1093 541 ac
1102 515 1229 549 quidnam
1245 514 1352 542 tandem
1366 515 1430 543 illud
1443 517 1487 548 sit,
1500 525 1606 552 equum
1620 521 1661 546 est
1675 522 1705 546 ut
1720 527 1836 555 sequen-

1060 559 1133 587 tibus
1147 560 1331 596 exquiramus.
1359 559 1521 595 Enimvero,
1543 563 1724 596 inordinatio,
1748 570 1778 591 ut
1797 565 1835 592 illi

1060 606 1226 638 existimant,
1238 606 1338 633 malum
1354 611 1406 638 est,
1418 611 1562 643 motusque
1577 609 1755 638 inordinatus.
1772 609 1836 638 nate

1060 655 1151 679 autem
1163 652 1311 680 secundum
1324 653 1418 680 eadem
1433 658 1513 689 atque
1523 654 1617 682 eodem
1633 662 1739 690 semper
1755 656 1837 683 modo

1060 697 1179 725 habent:
1195 705 1246 726 nec
1261 699 1343 726 ullam
1368 699 1429 734 quis
1450 699 1628 727 inerrantium
1643 701 1781 728 stellarum
1797 701 1837 730 vi-

1060 744 1239 778 tuperaverit,
1262 751 1294 772 eo
1315 744 1433 776 nomine,
1448 744 1520 779 quod
1534 749 1634 779 praeter
1657 746 1835 774 constitutum

1060 793 1168 825 tempus
1179 791 1208 817 in
1223 787 1351 825 signifero
1362 789 1465 817 circqu
1479 791 1641 826 quandoque
1664 792 1766 820 morari
1789 799 1837 820 vo-

1060 836 1263 871 luerit;.neque
1278 835 1404 867 lixarum.
1414 836 1491 871 quasi
1512 844 1565 863 non
1580 835 1673 864 eadem
1691 838 1754 866 sede
1769 839 1839 866 situ-

1061 888 1114 916 que
1129 881 1268 914 manserit,
1279 888 1329 908 nec
1339 881 1460 908 universi
1471 881 1675 910 circumlatione
1696 883 1723 910 in
1743 884 1838 912 orbem

1060 927 1162 962 pariter
1175 930 1290 959 rotetur,
1305 934 1360 955 uno
1381 927 1467 963 gradu
1478 931 1551 954 retro
1567 931 1628 955 acto
1641 927 1674 954 ad
1697 929 1839 964 sequentia

1060 976 1136 1000 motu
1151 993 1159 1006 ,
1185 976 1293 1000 centum
1307 980 1440 1001 annorum
1459 973 1556 1008 spatio.
1570 972 1601 1001 In
1617 977 1691 1002 terra
1703 977 1793 1002 autem
1813 975 1838 1003 si

1059 1017 1238 1052 quorumdam
1253 1017 1375 1045 locorum
1392 1025 1573 1054 agrorumque
1595 1019 1690 1047 duram
1712 1027 1744 1048 ac
1758 1020 1838 1048 indo-

223 1060 288 1095 γοῦν
310 1062 357 1088 ἐπὶ
384 1062 429 1097 (ἧς
459 1063 541 1098 μηδὲν
561 1062 664 1097 φύοιτο,
688 1063 804 1098 τάχιστα
825 1062 857 1089 ἂν
883 1061 1008 1088 ἀπόλοιτο
1023 1062 1045 1090 Β
1059 1072 1070 1091 ι

990 1070 1008 1088 ςο
1023 1062 1045 1090 Β
1059 1065 1150 1091 mitam
1166 1063 1283 1092 indolem
1297 1065 1480 1098 accusaverit;
1493 1069 1539 1092 aut
1550 1065 1744 1100 gubernatores
1754 1066 1837 1095 maria

223 1108 312 1149 πάντα
325 1108 359 1135 τὰ
377 1108 444 1141 ζῶα.
467 1109 551 1136 Τοῦτο
567 1109 596 1136 δὲ
612 1109 680 1135 πολὺ
701 1109 750 1144 τῆς
771 1107 1009 1143 ὲναπειλημμένης

223 1155 254 1189 τῇ
279 1153 330 1190 ὕλη
351 1154 492 1189 δυνάμεως
509 1155 577 1190 πρὸς
594 1154 641 1181 τὸν
655 1154 720 1181 Θεὸν
731 1153 912 1189 παραπέμψαι
928 1152 1007 1180 δύνα-

222 1207 276 1226 ται·
286 1199 334 1226 καὶ
349 1199 448 1232 πολλὰς
463 1199 579 1235 σελήνας
587 1200 678 1235 δεήσει
691 1199 828 1234 γενέσθαι,
844 1200 887 1226 ἴνα
903 1198 1008 1234 ἀθρόως

223 1242 344 1279 χωρῆσαι
356 1243 490 1279 δυνηθῶσι
506 1243 639 1275 τοσαύτας
656 1243 895 1279 προσπελαζούσας
908 1243 1006 1278 ψυχάς.

223 1287 264 1315 Τὰ
279 1288 308 1315 δι
321 1289 392 1316 αὐτὰ
404 1289 452 1316 καὶ
474 1290 538 1324 περὶ
551 1289 605 1326 ,τὴν
630 1289 772 1317 θάλατταν.
797 1290 929 1325 Ἕρμαιον
952 1289 1006 1325 γὰρ

223 1333 399 1368 ἀπόλλυσθαι.
424 1335 468 1363 ἵνα
490 1336 605 1371 τάχιστα
629 1336 679 1370 τῆς
700 1335 768 1371 πρὸς
793 1335 839 1362 τὸν
862 1335 928 1362 Θεὸν
945 1335 1006 1361 ὀδοῦ

223 1378 336 1415 ῑχωνται
355 1381 537 1418 ἀπολλύμενα.
554 1382 586 1409 οι
604 1382 632 1409 δὲ
648 1382 761 1417 πόλεμοι
776 1382 801 1408 οἱ
817 1381 863 1408 ἐπὶ
881 1381 943 1416 γῆς,
959 1381 1007 1408 καὶ

223 1428 296 1462 λιμοὶ
307 1429 354 1454 καὶ
366 1429 421 1456 πᾶν
433 1430 448 1456 δ
460 1438 487 1456 τι
503 1429 673 1465 φθοροποιὸν,
695 1429 724 1455 ὲν
738 1428 851 1464 πλείστῃ
866 1429 931 1464 τιμῇ
946 1429 1005 1455 κατ’

223 1473 330 1506 αὐτούς.
345 1474 403 1502 Πᾶν
414 1475 469 1511 γὰρ
489 1475 520 1502 τὸ
538 1475 648 1510 ἀγαθῶν
663 1474 750 1502 αἴτιον
763 1474 902 1515 τιμητᾷον.
927 1474 1006 1508 Ἀγα-

223 1518 309 1546 οοῦὸὶ
329 1521 404 1548 αῐτια
417 1521 502 1548 ταῦτα
518 1522 551 1549 ἑκ
565 1521 615 1557 τῆς
629 1520 830 1556 συμϐαινούσης
844 1519 954 1556 φθορᾶς.
973 1519 1007 1546 ἂν

223 1564 291 1600 πρὸς
309 1565 355 1592 τὸν
375 1566 441 1594 Θεὸν
462 1567 642 1604 παραπέμπει
658 1567 708 1603 τὴν
727 1566 934 1603 διακρινομνην
953 1565 1007 1592 ἀπὸ

223 1610 277 1638 τῶν
289 1611 482 1648 ἀπολλυμένων
492 1614 614 1650 δύναμιν.

1059 1109 1264 1145 tempestatibus
1280 1116 1312 1136 ac
1325 1104 1452 1145 procellis
1467 1109 1563 1138 οπεηεί
1583 1111 1694 1139 iuerint.
1717 1111 1839 1140 Primum

1059 1153 1169 1189 quidem
1183 1158 1213 1181 ut
1226 1154 1264 1181 illi
1281 1155 1411 1187 sentiunt,
1425 1155 1500 1188 talia,
1514 1155 1578 1184 bcni
1605 1157 1737 1192 partionis
1763 1162 1837 1186 sunt.

1058 1198 1165 1227 Etenim
1185 1201 1260 1228 nullo
1281 1204 1359 1228 terra
1380 1200 1501 1236 germine
1529 1202 1686 1235 exsistente,
1715 1201 1838 1232 futurum

1057 1246 1104 1278 sit,
1118 1249 1148 1273 ut
1163 1246 1290 1273 animalia
1301 1246 1395 1273 omnia
1409 1246 1550 1275 celerrime
1567 1247 1712 1276 intereant.
1729 1247 1758 1276 Id
1773 1257 1839 1278 vero

1058 1290 1123 1318 dum
1141 1291 1177 1318 ita
1191 1291 1346 1327 contigerit,
1359 1292 1419 1326 ejus
1439 1292 1547 1320 virtutis
1568 1301 1629 1328 quae
1645 1296 1763 1322 materias
1787 1295 1840 1323 im-

1060 1337 1139 1372 plexa
1154 1342 1206 1369 est,
1222 1342 1326 1373 partem
1339 1337 1482 1373 plurimam
1503 1339 1537 1367 ad
1555 1339 1640 1368 Deum
1656 1341 1840 1370 transmittere

1059 1384 1147 1419 possit
1164 1393 1170 1411 :
1189 1391 1220 1411 ac
1244 1392 1356 1413 necesse
1371 1384 1422 1412 erit
1442 1385 1534 1417 plures
1556 1386 1635 1416 lunas
1649 1388 1789 1422 exsistere,
1809 1393 1840 1416 ut

1059 1434 1163 1458 tantam
1179 1436 1290 1466 repente
1312 1431 1549 1467 propinquantium
1574 1433 1726 1461 animarum
1746 1433 1840 1461 multi-

1061 1474 1181 1503 tudinem
1195 1482 1291 1510 capere
1301 1475 1415 1508 possint.
1433 1476 1488 1503 Nec
1501 1477 1581 1505 aliter
1595 1477 1628 1505 de
1639 1478 1709 1505 mari
1728 1477 1840 1513 loquen-

1060 1520 1125 1548 dum
1138 1520 1184 1548 sit.
1203 1520 1320 1548 Lucrum
1339 1522 1411 1549 enim
1437 1522 1603 1558 insperatum
1625 1523 1730 1559 perire,
1758 1528 1787 1551 ut
1806 1531 1840 1551 ea

1060 1574 1120 1602 qua;
1134 1566 1280 1599 intereunt,
1295 1574 1376 1602 quam
1390 1567 1521 1596 citissime
1533 1575 1593 1601 qua
1612 1569 1646 1596 ad
1658 1568 1741 1597 Deum
1753 1570 1838 1601 ducit.

1060 1612 1132 1639 viam
1142 1616 1261 1640 teneant.
1276 1611 1341 1646 Qua
1356 1616 1446 1640 autem
1470 1613 1498 1641 in
1514 1617 1586 1642 terra
1606 1617 1737 1650 geruntur
1751 1615 1838 1648 bella,

223 1655 373 1693 naresque,
389 1667 421 1686 ac
442 1659 466 1687 si
487 1660 552 1695 quid
571 1664 614 1687 est
640 1660 714 1695 quod
732 1659 843 1687 interitu
870 1663 983 1694 mergat,
1012 1658 1121 1686 illorum
1149 1657 1301 1691 sententia,
1321 1658 1453 1686 maximo-
1466 1659 1619 1688 habendum
1650 1661 1753 1690 honore
1783 1664 1837 1690 est.

223 1702 360 1740 Quidquid
376 1706 448 1734 enim
465 1714 550 1734 causa
573 1707 705 1734 bonorum
725 1711 781 1740 est,
806 1706 878 1742 quod
902 1706 1005 1733 honore
1038 1705 1170 1733 habeatur
1200 1705 1312 1741 dignum
1334 1710 1386 1733 est.
1412 1706 1482 1734 Sunt
1502 1713 1568 1734 vero
1583 1707 1641 1735 bac
1657 1707 1720 1736 boni
1732 1715 1835 1742 causa,

223 1757 257 1778 ex
268 1751 380 1780 interitu
397 1752 446 1788 qui
463 1758 505 1781 eat
530 1753 584 1781 illis
608 1761 712 1786 comes,
727 1754 792 1782 dum
808 1753 954 1781 discretam
972 1752 1007 1780 ab
1024 1752 1068 1780 his
1080 1753 1126 1787 qui
1146 1753 1294 1784 intereunt,
1306 1753 1432 1781 virtutem
1448 1753 1482 1781 ad
1494 1752 1578 1781 Deum
1588 1755 1715 1782 traducit.

223 1820 287 1849 Car.
297 1820 369 1850 ΧΠ,
381 1820 514 1858 Egyptiia
524 1822 596 1850 calta
611 1822 739 1860 animalia
755 1822 844 1860 noxia.
864 1819 1066 1860 lIomourtibus
1084 1803 1229 1860 maleficus.
1242 1819 1410 1860 [immineret
1423 1820 1574 1860 iniustitia,
1587 1822 1686 1856 legibus
1701 1824 1838 1860 castigati:

590 1863 615 1885 at
629 1857 780 1892 disciplina.
797 1856 983 1892 Contingentia
998 1861 1023 1883 et
1039 1856 1197 1887 necessaria,
1212 1854 1305 1890 quibus
1315 1855 1380 1882 nihil
1392 1855 1469 1883 labia.

264 1929 451 1970 ᾚγνοήκαμέν
461 1936 502 1961 τε,
521 1928 559 1960 ὡς
571 1927 669 1959 ἔοικεν,
680 1927 720 1954 ὅτι
734 1928 762 1953 ὲν
775 1927 837 1962 δίκῃ
847 1927 892 1953 τὸν
907 1926 1006 1963 χροκὸ-
1019 1928 1041 1958 c
1091 1925 1111 1951 A

990 1940 1006 1947 η
1019 1928 1041 1958 c
1091 1925 1189 1960 Atque,
1204 1929 1235 1952 ut
1257 1923 1373 1958 videtur,
1396 1923 1721 1960 nescivimussdigyptios
1741 1927 1837 1954 merito

223 1975 308 2002 δειλον
320 1974 366 2002 καὶ
374 1975 419 2002 τὸν
424 1974 518 2002 λέοντα
529 1975 628 2001 καὶτὸν
636 1974 717 2000 λύκον
730 1973 844 2008 τιμῶσιν
854 1973 1006 2007 Αίγύπτιον

224 2021 319 2056 ιπειδὴ
332 2021 417 2048 ταῦτα
430 2020 546 2056 μάλιστα
559 2020 633 2057 παρὰ
644 2020 679 2047 τὰ
692 2020 759 2048 ἄλλα
771 2020 828 2052 ζῶα
839 2018 1009 2056 καρτερικώ-

223 2075 293 2095 τατα
302 2067 377 2098 ὅντα,
389 2067 579 2094 καταναλίσκει
591 2067 736 2103 σιτούμινά
747 2075 775 2093 τε
782 2066 851 2093 αὐτὰ
863 2066 909 2093 καὶ
920 2065 1008 2092 πάντα

223 2114 323 2150 ⁴τρόπον
335 2113 540 2149 διαφθείροντασ
556 2114 602 2140 καὶ
622 2113 667 2140 τὸν
688 2113 766 2140 ἀετὸν
783 2113 830 2139 καὶ
847 2112 893 2139 τὸν
912 2111 1008 2148 ἱέρακα

223 2161 265 2187 Mt
277 2160 324 2187 καὶ
337 2159 423 2186 ταῦτα
438 2159 492 2186 τῶν
503 2160 532 2185 ὲν
547 2159 606 2196 ἀέρι
623 2161 670 2186 καὶ⁸
687 2159 732 2186 ἐπὶ
745 2159 796 2195 γῆς
807 2158 1008 2194 ἀσθενεστέρων

225 2205 302 2238 ζώων
316 2205 483 2242 ἁναιρετικά.
503 2205 579 2240 Τάχα
593 2205 621 2231 δὲ
640 2206 700 2232 κατ’
715 2206 814 2236 αὐτοὺς
833 2205 848 2230 ὁ
866 2203 1008 2239 ἄνθρωπος

224 2251 267 2278 διὰ
277 2250 357 2278 τοῦτο
369 2252 398 2277 ὲν
412 2250 524 2286 πλείστῃ
546 2252 622 2286 τιμῇ,
634 2251 675 2277 ὁτι
693 2251 809 2286 μάλιστα
829 2249 938 2276 πάντων
948 2249 1008 2279 ταῖς

225 2297 358 2329 ἐπινοίαις
374 2297 421 2324 καὶ
434 2298 494 2328 ταῖς
510 2296 619 2331 τέχναις
635 2294 749 2323 πλεῖστα
765 2296 819 2323 τῶν
832 2295 908 2328 ζώων
921 2294 1008 2330 δαμά-

224 2342 280 2375 ζειν
302 2343 414 2370 είωθενθ
433 2343 476 2370 ἶνα
492 2343 539 2369 καὶ
565 2341 645 2374 αὐτὸς
669 2342 705 2378 μὴ
727 2343 827 2378 ἀμοιρῇ
850 2340 943 2368 τούτου
960 2338 1006 2366 τοῦ

224 2389 338 2424 ἀγαθοῦ,
355 2390 422 2426 βορὰ
437 2389 537 2426 ἑτέρων
553 2389 665 2423 γίνεται.
682 2389 765 2416 Πάλιν
781 2386 828 2415 οὖν
846 2388 874 2414 αἱ
888 2387 1008 2421 γενέσεις

225 2434 332 2466 hortor,
356 2436 416 2462 κατ’
441 2434 548 2466 αὐτοὺς,
568 2435 601 2461 ὲκ
625 2433 724 2469 μικροῦ
750 2434 796 2460 καὶ
813 2433 860 2460 τοῦ
882 2432 1008 2467 τυχόντος

225 2479 382 2515 σπέρματος
398 2480 452 2506 πᾶν
464 2480 534 2515 μέγα
553 2488 579 2505 τι
592 2479 785 2505 ἀποτελοῦσαν
802 2479 848 2505 καὶ
860 2477 926 2504 πολὺ
944 2476 1009 2503 κάλ-

224 2525 279 2552 λιον
298 2525 360 2551 κατ’
384 2525 481 2558 αὐτοὺς
505 2524 657 2562 ἀνῃρῆσθαι
683 2525 785 2555 ταύτας
800 2523 852 2550 ὑπὸ
866 2523 912 2550 τοῦ
928 2522 1007 2555 Θεοῦ,

224 2572 268 2598 ινα
281 2571 314 2598 ἃν
329 2572 460 2606 σύντομος
475 2572 582 2606 ἐγένετο
599 2571 743 2608 ἀπαλλαγὴ
759 2571 809 2607 τῆς
823 2569 938 2597 ἐνταῦθα
949 2568 1008 2596 δια-

224 2617 321 2652 τριϐῆς
332 2616 382 2652 τῆς
393 2617 532 2652 δυνάμεως
544 2618 592 2653 τῆς
607 2616 693 2650 θείας.

267 2663 347 2690 una
362 2662 388 2690 τί
402 2663 448 2690 καὶ
461 2664 529 2699 πρὸς
543 2664 689 2696 ἀκολασίας
702 2664 748 2691 καὶ
761 2664 876 2696 ἀδικίας,
889 2663 937 2690 καὶ
952 2663 1006 2690 πᾶν

224 2709 314 2736 ὁτιοῦν
333 2709 470 2741 τοιοῦτον,
489 2710 585 2745 φήσειέ
601 2718 645 2742 τις
662 2706 706 2742 ἂν,
728 2711 743 2736 ὁ
765 2711 914 2745 Μανιχαϊος
930 2709 1006 2745 ipsi;

225 2754 329 2782 οὐκοῦν
345 2755 413 2790 πρὸς
424 2754 509 2782 ταῦτα
522 2755 617 2792 βοηθὸς
630 2756 732 2783 δέδοται
747 2757 764 2792 ἡ
778 2755 918 2787 παίδευσις
932 2755 979 2782 καὶ
992 2755 1007 2782 6

224 2800 320 2836 νόμος
351 2802 368 2836 ὴ
397 2802 446 2836 μὲν
471 2801 610 2834 παίδευσις
633 2801 844 2838 ὲκφροντίζουσα
866 2801 913 2828 τοῦ
941 2800 1008 2836 μηδὲ

224 2847 344 2874 τοιοῦτον
354 2856 381 2874 τι
395 2848 459 2882 περὶ
471 2847 535 2879 τοὺς
549 2847 708 2884 ἀνθρώπως
718 2847 890 2883 συμϐαίνειν·
903 2849 917 2874 ὸ
927 2848 1008 2882 νόμος

224 2892 255 2920 δὲ
269 2892 472 2929 τιμωρούμενος
481 2894 527 2921 τὸν
542 2893 639 2921 ἁλόντα
655 2894 683 2921 εν
697 2902 750 2920 τινι
764 2893 817 2920 τῶν
833 2893 1008 2928 ἀδικημάτων

223 2938 299 2966 ὂντα.

1059 1972 1223 2000 crocodilum
1241 1972 1335 1999 colere‘
1346 1975 1373 1999 et
1394 1970 1497 1998 leonem
1513 1974 1541 1999 et
1563 1971 1672 2006 lupum,
1695 1972 1766 2007 quod
1781 1973 1838 2001 haec

1059 2017 1176 2046 maxime
1197 2017 1327 2045 animalia
1349 2024 1405 2052 prae
1435 2017 1547 2052 reliquis
1563 2009 1727 2051 robustiora,
1750 2018 1838 2054 ipsam

1058 2064 1176 2099 praedam
1192 2068 1301 2095 vorant,
1314 2064 1442 2098 omnique
1454 2063 1838 2099 modoinlerimuntmquilm

1057 2117 1166 2145 quoque
1182 2114 1208 2138 et
1219 2109 1384 2144 accipitrem,
1399 2109 1470 2144 quod
1483 2113 1510 2136 et
1524 2108 1620 2135 horum
1633 2109 1738 2137 indoles
1751 2110 1797 2141 sit,
1809 2115 1840 2137 ut

1058 2156 1237 2185 imbecilliora
1251 2155 1377 2182 animalia
1400 2155 1427 2182 in
1443 2161 1505 2182 aere
1521 2159 1546 2182 et
1565 2161 1647 2189 super
1660 2158 1759 2182 terram
1772 2163 1838 2184 ene-

1057 2206 1130 2230 cent.
1157 2201 1237 2228 Forte
1258 2208 1322 2227 vero
1342 2200 1423 2227 etiam
1443 2199 1519 2235 juxta
1540 2199 1602 2227 illos
1626 2200 1706 2228 homo
1727 2209 1786 2229 eam
1802 2202 1838 2229 ob

1058 2255 1114 2275 rem
1131 2246 1248 2273 maximo
1258 2246 1361 2273 honore
1370 2245 1494 2277 habetur,
1503 2246 1574 2281 quod
1586 2247 1706 2273 omnium
1721 2247 1838 2274 maxime

1058 2292 1204 2322 subtilibus
1223 2291 1341 2319 inventis
1358 2295 1438 2327 atque
1460 2291 1574 2324 artibus,
1587 2292 1715 2327 pleraque
1733 2293 1836 2320 anima-

1059 2337 1124 2364 lium
1144 2336 1255 2364 domare
1280 2336 1359 2364 solet.
1379 2336 1418 2364 Ne
1437 2344 1501 2364 vero
1514 2341 1541 2364 et
1562 2337 1619 2372 ipse
1634 2337 1715 2372 hujus
1741 2345 1839 2373 expers

1058 2383 1123 2411 boni
1137 2383 1260 2415 exsistat,
1278 2383 1393 2411 aliorum
1411 2383 1468 2417 ipse
1486 2390 1549 2410 esca
1570 2383 1651 2410 cedit.
1668 2376 1773 2410 Rursus
1787 2383 1839 2418 igi-

1059 2433 1103 2456 tur
1117 2429 1240 2456 absurda:
1259 2429 1462 2464 generationes,
1479 2428 1586 2456 illorum
1607 2428 1756 2460 sententia.
1778 2437 1838 2462 qua:

1058 2483 1092 2503 ex
1107 2475 1204 2510 exiguo
1218 2475 1319 2509 vilique
1342 2478 1478 2510 spermate
1492 2474 1622 2509 quidquid
1647 2482 1773 2510 magnum
1796 2480 1839 2502 est

1059 2520 1194 2553 elliciant;
1210 2524 1385 2555 pra-statque,
1402 2523 1431 2546 ut
1446 2519 1474 2546 bi
1488 2519 1645 2554 opinantur,
1659 2526 1675 2546 a
1697 2518 1752 2546 Deo
1769 2519 1839 2546 inte-

1061 2567 1134 2599 rimi,
1149 2574 1229 2602 quam
1243 2566 1334 2598 nasci,
1354 2570 1382 2593 ut
1401 2565 1492 2593 divina
1508 2565 1595 2593 virtus
1613 2566 1668 2592 cito
1681 2565 1810 2593 liberetur
1823 2572 1839 2592 a

1059 2614 1153 2642 mundi
1170 2614 1252 2648 hujus
1272 2614 1405 2642 incolatus
1419 2613 1560 2641 molestiis.

1093 2659 1163 2694 Quid
1180 2661 1319 2688 enimvero
1335 2661 1416 2688 etiam
1438 2659 1471 2687 ad
1491 2658 1617 2686 libidines
1641 2657 1839 2693 impudicitiay

1059 2714 1112 2742 que
1125 2713 1158 2733 ac
1174 2706 1333 2740 injustitias,
1348 2713 1379 2732 ac
1393 2705 1524 2740 quidquid
1540 2704 1600 2739 ejus
1612 2703 1720 2739 generis
1731 2709 1782 2732 est.
1797 2702 1840 2728 di-

1059 2756 1103 2780 cat
1116 2752 1230 2788 aliquis,
1250 2751 1373 2780 dictum
1388 2750 1566 2778 Manichmus?
1581 2748 1663 2785 Igitur
1679 2748 1711 2775 ad
1727 2748 1782 2775 haec
1795 2747 1839 2775 di-

1060 2798 1173 2833 sciplina
1199 2798 1296 2832 lexque
1319 2797 1457 2832 suppetias
1478 2795 1599 2823 veniunt.
1617 2793 1762 2827 Disciplina
1777 2792 1839 2826 qui<

1059 2843 1132 2875 dem,
1146 2843 1173 2870 in
1189 2843 1240 2870 hoc
1250 2842 1392 2878 diligenter
1404 2842 1573 2874 incumbens,
1584 2839 1691 2874 nequid
1704 2838 1838 2874 ejusmodi

1059 2890 1086 2916 in
1103 2889 1258 2917 hominibus
1278 2889 1436 2923 co‘ntingat:
1455 2888 1498 2916 lex
1512 2894 1576 2914 vero
1591 2886 1716 2921 puniens,
1733 2885 1755 2912 si
1774 2884 1838 2919 quis

1059 2936 1190 2966 iniustum
1208 2935 1308 2966 aliquid
1326 2934 1469 2963 admisisse
1484 2933 1669 2964 deprehensus
1683 2931 1774 2960 fuerit.
