  <div class='ocr_page' id='page_1' title='image "/cluster/home/n/w/nwhite01/storage/ocr_20150623/18/njp.32101064224536/245.png"; bbox 0 0 2145 3163; ppageno 0'>
   <div class='ocr_carea' id='block_1_1' title="bbox 304 135 380 172">
    <p class='ocr_par' dir='ltr' id='par_1_1' title="bbox 304 135 380 172">
     <span class='ocr_line' id='line_1_1' title="bbox 304 135 380 172; baseline 0 0"><span class='ocrx_word' id='word_1_1' title='bbox 304 135 307 139; x_wconf 88' lang='grc'><em>’</em></span> <span class='ocrx_word' id='word_1_2' title='bbox 326 143 380 172; x_wconf 72' lang='lat'><strong>455</strong></span> 
     </span>
    </p>
   </div>
   <div class='ocr_carea' id='block_1_2' title="bbox 828 146 1465 179">
    <p class='ocr_par' dir='ltr' id='par_1_2' title="bbox 828 146 1465 179">
     <span class='ocr_line' id='line_1_2' title="bbox 828 146 1465 179; baseline 0.006 -5"><span class='ocrx_word' id='word_1_3' title='bbox 828 146 1027 175; x_wconf 75' lang='lat' dir='ltr'><strong>ALEXANDRI</strong></span> <span class='ocrx_word' id='word_1_4' title='bbox 1044 147 1196 178; x_wconf 81' lang='lat' dir='ltr'><strong>EPISCOPI</strong></span> <span class='ocrx_word' id='word_1_5' title='bbox 1215 149 1465 179; x_wconf 77' lang='lat' dir='ltr'><strong>LYCOPOLI&#39;I‘ANI</strong></span> 
     </span>
    </p>
   </div>
   <div class='ocr_carea' id='block_1_3' title="bbox 1879 154 1931 180">
    <p class='ocr_par' dir='ltr' id='par_1_3' title="bbox 1879 154 1931 180">
     <span class='ocr_line' id='line_1_3' title="bbox 1879 154 1931 180; baseline 0 0"><span class='ocrx_word' id='word_1_6' title='bbox 1879 154 1931 180; x_wconf 75' lang='grc' dir='ltr'>ιω</span> 
     </span>
    </p>
   </div>
   <div class='ocr_carea' id='block_1_4' title="bbox 326 199 1123 245">
    <p class='ocr_par' dir='ltr' id='par_1_4' title="bbox 326 199 1123 238">
     <span class='ocr_line' id='line_1_4' title="bbox 326 199 1123 238; baseline 0.009 -12"><span class='ocrx_word' id='word_1_7' title='bbox 326 199 362 227; x_wconf 85' lang='lat' dir='ltr'><strong>iri</strong></span> <span class='ocrx_word' id='word_1_8' title='bbox 381 205 413 226; x_wconf 85' lang='lat' dir='ltr'><strong>ac</strong></span> <span class='ocrx_word' id='word_1_9' title='bbox 427 199 583 234; x_wconf 78' lang='lat' dir='ltr'><strong>perituram.</strong></span> <span class='ocrx_word' id='word_1_10' title='bbox 600 200 719 229; x_wconf 84' lang='lat' dir='ltr'><strong>Primum</strong></span> <span class='ocrx_word' id='word_1_11' title='bbox 741 201 849 237; x_wconf 86' lang='lat' dir='ltr'><strong>quidem</strong></span> <span class='ocrx_word' id='word_1_12' title='bbox 866 210 920 230; x_wconf 88' lang='lat' dir='ltr'><strong>non</strong></span> <span class='ocrx_word' id='word_1_13' title='bbox 935 203 1123 238; x_wconf 44' lang='lat' dir='ltr'><strong>animadveru</strong></span> 
     </span>
    </p>
   </div>
   <div class='ocr_carea' id='block_1_5' title="bbox 1150 199 1934 245">
    <p class='ocr_par' dir='ltr' id='par_1_5' title="bbox 1153 205 1934 245">
     <span class='ocr_line' id='line_1_5' title="bbox 1153 205 1934 245; baseline 0.004 -13"><span class='ocrx_word' id='word_1_14' title='bbox 1153 205 1280 241; x_wconf 80' lang='grc' dir='ltr'>πόμενον,</span> <span class='ocrx_word' id='word_1_15' title='bbox 1292 207 1359 243; x_wconf 79' lang='grc' dir='ltr'>ὅπερ</span> <span class='ocrx_word' id='word_1_16' title='bbox 1372 207 1445 233; x_wconf 67' lang='grc' dir='ltr'>εστὶν</span> <span class='ocrx_word' id='word_1_17' title='bbox 1458 207 1475 242; x_wconf 77' lang='grc' dir='ltr'><strong>ἡ</strong></span> <span class='ocrx_word' id='word_1_18' title='bbox 1489 205 1548 243; x_wconf 80' lang='grc' dir='ltr'>ὕλη,</span> <span class='ocrx_word' id='word_1_19' title='bbox 1563 206 1684 234; x_wconf 72' lang='grc' dir='ltr'>διαλυθὲν</span> <span class='ocrx_word' id='word_1_20' title='bbox 1697 207 1841 243; x_wconf 75' lang='grc' dir='ltr'>οἰχήσεται.</span> <span class='ocrx_word' id='word_1_21' title='bbox 1852 208 1934 245; x_wconf 80' lang='grc' dir='ltr'>Πρῶ-</span> 
     </span>
    </p>
   </div>
   <div class='ocr_carea' id='block_1_6' title="bbox 327 245 1103 282">
    <p class='ocr_par' dir='ltr' id='par_1_6' title="bbox 327 245 1103 282">
     <span class='ocr_line' id='line_1_6' title="bbox 327 245 1103 282; baseline 0.009 -10"><span class='ocrx_word' id='word_1_22' title='bbox 327 248 388 272; x_wconf 84' lang='grc' dir='ltr'>ιυηι</span> <span class='ocrx_word' id='word_1_23' title='bbox 399 264 408 278; x_wconf 92' lang='lat'><strong>,</strong></span> <span class='ocrx_word' id='word_1_24' title='bbox 432 245 490 273; x_wconf 84' lang='lat' dir='ltr'><strong>ﬂeri</strong></span> <span class='ocrx_word' id='word_1_25' title='bbox 505 253 558 273; x_wconf 88' lang='lat' dir='ltr'><strong>non</strong></span> <span class='ocrx_word' id='word_1_26' title='bbox 578 254 659 282; x_wconf 87' lang='lat' dir='ltr'><strong>posse</strong></span> <span class='ocrx_word' id='word_1_27' title='bbox 683 251 712 274; x_wconf 90' lang='lat' dir='ltr'><strong>ut</strong></span> <span class='ocrx_word' id='word_1_28' title='bbox 730 248 785 275; x_wconf 92' lang='lat' dir='ltr'><strong>ulla</strong></span> <span class='ocrx_word' id='word_1_29' title='bbox 807 256 850 276; x_wconf 82' lang='lat' dir='ltr'><strong>res</strong></span> <span class='ocrx_word' id='word_1_30' title='bbox 866 248 893 276; x_wconf 94' lang='lat' dir='ltr'><strong>in</strong></span> <span class='ocrx_word' id='word_1_31' title='bbox 909 256 962 277; x_wconf 89' lang='lat' dir='ltr'><strong>non</strong></span> <span class='ocrx_word' id='word_1_32' title='bbox 978 257 1026 278; x_wconf 90' lang='lat' dir='ltr'><strong>ens</strong></span> <span class='ocrx_word' id='word_1_33' title='bbox 1042 258 1103 279; x_wconf 89' lang='lat' dir='ltr'><strong>cor—</strong></span> 
     </span>
    </p>
   </div>
   <div class='ocr_carea' id='block_1_7' title="bbox 326 291 1101 332">
    <p class='ocr_par' dir='ltr' id='par_1_7' title="bbox 326 291 1101 332">
     <span class='ocr_line' id='line_1_7' title="bbox 326 291 1101 332; baseline 0.009 -14"><span class='ocrx_word' id='word_1_34' title='bbox 326 296 476 327; x_wconf 72' lang='lat' dir='ltr'><strong>rumpatur.</strong></span> <span class='ocrx_word' id='word_1_35' title='bbox 489 291 548 320; x_wconf 86' lang='lat' dir='ltr'><strong>Non</strong></span> <span class='ocrx_word' id='word_1_36' title='bbox 562 301 616 322; x_wconf 86' lang='lat' dir='ltr'><strong>ens</strong></span> <span class='ocrx_word' id='word_1_37' title='bbox 626 294 697 322; x_wconf 87' lang='lat' dir='ltr'><strong>enim</strong></span> <span class='ocrx_word' id='word_1_38' title='bbox 713 302 768 322; x_wconf 91' lang='lat' dir='ltr'><strong>non</strong></span> <span class='ocrx_word' id='word_1_39' title='bbox 785 300 836 323; x_wconf 86' lang='lat' dir='ltr'><strong>est.</strong></span> <span class='ocrx_word' id='word_1_40' title='bbox 855 295 998 332; x_wconf 75' lang='lat' dir='ltr'><strong>Dissipatis</strong></span> <span class='ocrx_word' id='word_1_41' title='bbox 1013 302 1101 326; x_wconf 89' lang='lat' dir='ltr'><strong>autem</strong></span> 
     </span>
    </p>
   </div>
   <div class='ocr_carea' id='block_1_8' title="bbox 326 338 1101 376">
    <p class='ocr_par' dir='ltr' id='par_1_8' title="bbox 326 338 1101 376">
     <span class='ocr_line' id='line_1_8' title="bbox 326 338 1101 376; baseline 0.006 -11"><span class='ocrx_word' id='word_1_42' title='bbox 326 338 497 372; x_wconf 84' lang='lat' dir='ltr'><strong>corporibus,</strong></span> <span class='ocrx_word' id='word_1_43' title='bbox 512 346 544 367; x_wconf 88' lang='lat' dir='ltr'><strong>ac</strong></span> <span class='ocrx_word' id='word_1_44' title='bbox 558 347 620 367; x_wconf 91' lang='lat' dir='ltr'><strong>cum</strong></span> <span class='ocrx_word' id='word_1_45' title='bbox 635 340 675 367; x_wconf 88' lang='lat' dir='ltr'><strong>eis</strong></span> <span class='ocrx_word' id='word_1_46' title='bbox 690 341 803 368; x_wconf 83' lang='lat' dir='ltr'><strong>mutatio</strong></span> <span class='ocrx_word' id='word_1_47' title='bbox 819 342 939 376; x_wconf 69' lang='lat' dir='ltr'><strong>quaedam</strong></span> <span class='ocrx_word' id='word_1_48' title='bbox 963 343 1101 376; x_wconf 79' lang='lat' dir='ltr'><strong>acciderit,</strong></span> 
     </span>
    </p>
   </div>
   <div class='ocr_carea' id='block_1_9' title="bbox 325 383 1100 423">
    <p class='ocr_par' dir='ltr' id='par_1_9' title="bbox 325 383 1100 423">
     <span class='ocr_line' id='line_1_9' title="bbox 325 383 1100 423; baseline 0.009 -13"><span class='ocrx_word' id='word_1_49' title='bbox 325 383 529 418; x_wconf 85' lang='lat' dir='ltr'><strong>dissolvuntur;</strong></span> <span class='ocrx_word' id='word_1_50' title='bbox 547 385 615 413; x_wconf 86' lang='lat' dir='ltr'><strong>adeo</strong></span> <span class='ocrx_word' id='word_1_51' title='bbox 630 390 660 413; x_wconf 91' lang='lat' dir='ltr'><strong>ut</strong></span> <span class='ocrx_word' id='word_1_52' title='bbox 682 387 781 422; x_wconf 89' lang='lat' dir='ltr'><strong>partim</strong></span> <span class='ocrx_word' id='word_1_53' title='bbox 805 387 833 414; x_wconf 93' lang='lat' dir='ltr'><strong>in</strong></span> <span class='ocrx_word' id='word_1_54' title='bbox 861 391 961 416; x_wconf 87' lang='lat' dir='ltr'><strong>terram</strong></span> <span class='ocrx_word' id='word_1_55' title='bbox 985 389 1100 423; x_wconf 90' lang='lat' dir='ltr'><strong>cedant,</strong></span> 
     </span>
    </p>
   </div>
   <div class='ocr_carea' id='block_1_10' title="bbox 325 428 1036 468">
    <p class='ocr_par' dir='ltr' id='par_1_10' title="bbox 325 428 1036 468">
     <span class='ocr_line' id='line_1_10' title="bbox 325 428 1036 468; baseline 0.01 -14"><span class='ocrx_word' id='word_1_56' title='bbox 325 428 424 462; x_wconf 89' lang='lat' dir='ltr'><strong>partim</strong></span> <span class='ocrx_word' id='word_1_57' title='bbox 440 428 467 455; x_wconf 93' lang='lat' dir='ltr'><strong>in</strong></span> <span class='ocrx_word' id='word_1_58' title='bbox 483 436 583 462; x_wconf 85' lang='lat' dir='ltr'><strong>aerem,</strong></span> <span class='ocrx_word' id='word_1_59' title='bbox 599 431 750 466; x_wconf 80' lang='lat' dir='ltr'><strong>partimque</strong></span> <span class='ocrx_word' id='word_1_60' title='bbox 764 431 792 458; x_wconf 92' lang='lat' dir='ltr'><strong>in</strong></span> <span class='ocrx_word' id='word_1_61' title='bbox 804 432 876 459; x_wconf 87' lang='lat' dir='ltr'><strong>aliud</strong></span> <span class='ocrx_word' id='word_1_62' title='bbox 888 432 1036 468; x_wconf 84' lang='lat' dir='ltr'><strong>quidpiam.</strong></span> 
     </span>
    </p>
   </div>
   <div class='ocr_carea' id='block_1_11' title="bbox 358 472 1101 509">
    <p class='ocr_par' dir='ltr' id='par_1_11' title="bbox 358 472 1101 509">
     <span class='ocr_line' id='line_1_11' title="bbox 358 472 1101 509; baseline 0.011 -9"><span class='ocrx_word' id='word_1_63' title='bbox 358 472 492 501; x_wconf 63' lang='lat' dir='ltr'><strong>Praterea</strong></span> <span class='ocrx_word' id='word_1_64' title='bbox 505 482 560 501; x_wconf 88' lang='lat' dir='ltr'><strong>non</strong></span> <span class='ocrx_word' id='word_1_65' title='bbox 573 476 762 509; x_wconf 86' lang='lat' dir='ltr'><strong>meminerunt,</strong></span> <span class='ocrx_word' id='word_1_66' title='bbox 779 477 876 505; x_wconf 90' lang='lat' dir='ltr'><strong>docere</strong></span> <span class='ocrx_word' id='word_1_67' title='bbox 891 478 952 507; x_wconf 86' lang='lat' dir='ltr'><strong>illos</strong></span> <span class='ocrx_word' id='word_1_68' title='bbox 963 480 1101 508; x_wconf 85' lang='lat' dir='ltr'><strong>materiam</strong></span> 
     </span>
    </p>
   </div>
   <div class='ocr_carea' id='block_1_12' title="bbox 322 519 1101 561">
    <p class='ocr_par' dir='ltr' id='par_1_12' title="bbox 322 519 1101 561">
     <span class='ocr_line' id='line_1_12' title="bbox 322 519 1101 561; baseline 0.01 -16"><span class='ocrx_word' id='word_1_69' title='bbox 322 522 426 547; x_wconf 84' lang='lat' dir='ltr'><strong>motum</strong></span> <span class='ocrx_word' id='word_1_70' title='bbox 439 519 622 548; x_wconf 85' lang='lat' dir='ltr'><strong>inordinatum</strong></span> <span class='ocrx_word' id='word_1_71' title='bbox 641 529 710 550; x_wconf 89' lang='lat' dir='ltr'><strong>esse.</strong></span> <span class='ocrx_word' id='word_1_72' title='bbox 726 522 802 556; x_wconf 87' lang='lat' dir='ltr'><strong>Quod</strong></span> <span class='ocrx_word' id='word_1_73' title='bbox 820 528 919 561; x_wconf 64' lang='lat' dir='ltr'><strong>autem</strong></span> <span class='ocrx_word' id='word_1_74' title='bbox 944 525 987 552; x_wconf 87' lang='lat' dir='ltr'><strong>sui</strong></span> <span class='ocrx_word' id='word_1_75' title='bbox 1012 525 1101 561; x_wconf 90' lang='lat' dir='ltr'><strong>ipsum</strong></span> 
     </span>
    </p>
   </div>
   <div class='ocr_carea' id='block_1_13' title="bbox 321 559 1102 603">
    <p class='ocr_par' dir='ltr' id='par_1_13' title="bbox 321 559 1102 603">
     <span class='ocr_line' id='line_1_13' title="bbox 321 559 1102 603; baseline 0.009 -11"><span class='ocrx_word' id='word_1_76' title='bbox 321 565 428 593; x_wconf 83' lang='lat' dir='ltr'><strong>ratione</strong></span> <span class='ocrx_word' id='word_1_77' title='bbox 443 571 576 599; x_wconf 84' lang='lat' dir='ltr'><strong>movetur,</strong></span> <span class='ocrx_word' id='word_1_78' title='bbox 589 570 615 594; x_wconf 91' lang='lat' dir='ltr'><strong>et</strong></span> <span class='ocrx_word' id='word_1_79' title='bbox 626 568 703 602; x_wconf 89' lang='lat' dir='ltr'><strong>cujus</strong></span> <span class='ocrx_word' id='word_1_80' title='bbox 722 559 840 598; x_wconf 73' lang='lat' dir='ltr'><strong>essentia</strong></span> <span class='ocrx_word' id='word_1_81' title='bbox 862 575 951 598; x_wconf 86' lang='lat' dir='ltr'><strong>motus</strong></span> <span class='ocrx_word' id='word_1_82' title='bbox 969 559 1031 603; x_wconf 65' lang='lat' dir='ltr'><strong>est,</strong></span> <span class='ocrx_word' id='word_1_83' title='bbox 1052 579 1102 599; x_wconf 86' lang='lat' dir='ltr'><strong>nec</strong></span> 
     </span>
    </p>
   </div>
   <div class='ocr_carea' id='block_1_14' title="bbox 321 610 1101 649">
    <p class='ocr_par' dir='ltr' id='par_1_14' title="bbox 321 610 1101 649">
     <span class='ocr_line' id='line_1_14' title="bbox 321 610 1101 649; baseline 0.012 -13"><span class='ocrx_word' id='word_1_84' title='bbox 321 617 371 646; x_wconf 91' lang='lat' dir='ltr'><strong>per</strong></span> <span class='ocrx_word' id='word_1_85' title='bbox 383 610 509 639; x_wconf 87' lang='lat' dir='ltr'><strong>accidens</strong></span> <span class='ocrx_word' id='word_1_86' title='bbox 519 611 558 638; x_wconf 89' lang='lat' dir='ltr'><strong>illi</strong></span> <span class='ocrx_word' id='word_1_87' title='bbox 569 614 707 648; x_wconf 83' lang='lat' dir='ltr'><strong>competit,</strong></span> <span class='ocrx_word' id='word_1_88' title='bbox 728 622 847 649; x_wconf 88' lang='lat' dir='ltr'><strong>quanam</strong></span> <span class='ocrx_word' id='word_1_89' title='bbox 865 617 911 644; x_wconf 87' lang='lat' dir='ltr'><strong>tiat</strong></span> <span class='ocrx_word' id='word_1_90' title='bbox 933 617 1055 649; x_wconf 85' lang='lat' dir='ltr'><strong>ratione,</strong></span> <span class='ocrx_word' id='word_1_91' title='bbox 1071 621 1101 644; x_wconf 88' lang='lat' dir='ltr'><strong>ut</strong></span> 
     </span>
    </p>
   </div>
   <div class='ocr_carea' id='block_1_15' title="bbox 321 655 1101 697">
    <p class='ocr_par' dir='ltr' id='par_1_15' title="bbox 321 655 1101 697">
     <span class='ocr_line' id='line_1_15' title="bbox 321 655 1101 697; baseline 0.009 -15"><span class='ocrx_word' id='word_1_92' title='bbox 321 655 484 684; x_wconf 82' lang='lat' dir='ltr'><strong>abscedente</strong></span> <span class='ocrx_word' id='word_1_93' title='bbox 496 656 603 689; x_wconf 83' lang='lat' dir='ltr'><strong>virtute,</strong></span> <span class='ocrx_word' id='word_1_94' title='bbox 618 658 645 685; x_wconf 92' lang='lat' dir='ltr'><strong>id</strong></span> <span class='ocrx_word' id='word_1_95' title='bbox 659 659 732 694; x_wconf 88' lang='lat' dir='ltr'><strong>quod</strong></span> <span class='ocrx_word' id='word_1_96' title='bbox 751 664 809 688; x_wconf 91' lang='lat' dir='ltr'><strong>erat</strong></span> <span class='ocrx_word' id='word_1_97' title='bbox 818 680 825 692; x_wconf 82' lang='lat'>.</span> <span class='ocrx_word' id='word_1_98' title='bbox 850 665 913 689; x_wconf 89' lang='lat' dir='ltr'><strong>ante</strong></span> <span class='ocrx_word' id='word_1_99' title='bbox 926 663 1006 689; x_wconf 89' lang='lat' dir='ltr'><strong>etlam</strong></span> <span class='ocrx_word' id='word_1_100' title='bbox 1020 669 1101 697; x_wconf 83' lang='lat' dir='ltr'><strong>quam</strong></span> 
     </span>
    </p>
   </div>
   <div class='ocr_carea' id='block_1_16' title="bbox 320 701 1102 736">
    <p class='ocr_par' dir='ltr' id='par_1_16' title="bbox 320 701 1102 736">
     <span class='ocr_line' id='line_1_16' title="bbox 320 701 1102 736; baseline 0.01 -9"><span class='ocrx_word' id='word_1_101' title='bbox 320 701 408 728; x_wconf 82' lang='lat' dir='ltr'><strong>virtus</strong></span> <span class='ocrx_word' id='word_1_102' title='bbox 419 701 447 728; x_wconf 91' lang='lat' dir='ltr'><strong>in</strong></span> <span class='ocrx_word' id='word_1_103' title='bbox 461 701 549 736; x_wconf 89' lang='lat' dir='ltr'><strong>ipsum</strong></span> <span class='ocrx_word' id='word_1_104' title='bbox 564 702 750 736; x_wconf 84' lang='lat' dir='ltr'><strong>descenderet,</strong></span> <span class='ocrx_word' id='word_1_105' title='bbox 766 712 827 733; x_wconf 88' lang='lat' dir='ltr'><strong>esse</strong></span> <span class='ocrx_word' id='word_1_106' title='bbox 841 705 970 734; x_wconf 84' lang='lat' dir='ltr'><strong>desinat?</strong></span> <span class='ocrx_word' id='word_1_107' title='bbox 988 706 1044 735; x_wconf 82' lang='lat' dir='ltr'><strong>Nec</strong></span> <span class='ocrx_word' id='word_1_108' title='bbox 1061 708 1102 735; x_wconf 59' lang='lat' dir='ltr'><strong>vi.</strong></span> 
     </span>
    </p>
   </div>
   <div class='ocr_carea' id='block_1_17' title="bbox 320 746 1099 788">
    <p class='ocr_par' dir='ltr' id='par_1_17' title="bbox 320 746 1099 788">
     <span class='ocr_line' id='line_1_17' title="bbox 320 746 1099 788; baseline 0.01 -15"><span class='ocrx_word' id='word_1_109' title='bbox 320 746 384 774; x_wconf 87' lang='lat' dir='ltr'><strong>dent</strong></span> <span class='ocrx_word' id='word_1_110' title='bbox 399 746 587 783; x_wconf 81' lang='lat' dir='ltr'><strong>ditl‘erentiam,</strong></span> <span class='ocrx_word' id='word_1_111' title='bbox 596 749 669 786; x_wconf 87' lang='lat' dir='ltr'><strong>quod</strong></span> <span class='ocrx_word' id='word_1_112' title='bbox 675 757 756 778; x_wconf 90' lang='lat' dir='ltr'><strong>omne</strong></span> <span class='ocrx_word' id='word_1_113' title='bbox 767 759 868 787; x_wconf 89' lang='lat' dir='ltr'><strong>corpus</strong></span> <span class='ocrx_word' id='word_1_114' title='bbox 878 759 976 787; x_wconf 76' lang='lat' dir='ltr'><strong>expers</strong></span> <span class='ocrx_word' id='word_1_115' title='bbox 992 754 1099 788; x_wconf 64' lang='lat' dir='ltr'><strong>animat,</strong></span> 
     </span>
    </p>
   </div>
   <div class='ocr_carea' id='block_1_18' title="bbox 318 791 1101 831">
    <p class='ocr_par' dir='ltr' id='par_1_18' title="bbox 318 791 1101 831">
     <span class='ocr_line' id='line_1_18' title="bbox 318 791 1101 831; baseline 0.011 -13"><span class='ocrx_word' id='word_1_116' title='bbox 318 791 456 821; x_wconf 88' lang='lat' dir='ltr'><strong>immobile</strong></span> <span class='ocrx_word' id='word_1_117' title='bbox 471 795 518 822; x_wconf 91' lang='lat' dir='ltr'><strong>sit.</strong></span> <span class='ocrx_word' id='word_1_118' title='bbox 544 794 612 826; x_wconf 81' lang='lat' dir='ltr'><strong>Nam</strong></span> <span class='ocrx_word' id='word_1_119' title='bbox 636 799 664 823; x_wconf 88' lang='lat' dir='ltr'><strong>et</strong></span> <span class='ocrx_word' id='word_1_120' title='bbox 686 795 785 831; x_wconf 80' lang='lat' dir='ltr'><strong>stirpes</strong></span> <span class='ocrx_word' id='word_1_121' title='bbox 804 798 921 825; x_wconf 90' lang='lat' dir='ltr'><strong>animam</strong></span> <span class='ocrx_word' id='word_1_122' title='bbox 937 798 1037 827; x_wconf 75' lang='lat' dir='ltr'><strong>habent</strong></span> <span class='ocrx_word' id='word_1_123' title='bbox 1054 807 1101 827; x_wconf 89' lang='lat' dir='ltr'><strong>ve-</strong></span> 
     </span>
    </p>
   </div>
   <div class='ocr_carea' id='block_1_19' title="bbox 318 836 1098 877">
    <p class='ocr_par' dir='ltr' id='par_1_19' title="bbox 318 836 1098 877">
     <span class='ocr_line' id='line_1_19' title="bbox 318 836 1098 877; baseline 0.012 -13"><span class='ocrx_word' id='word_1_124' title='bbox 318 836 472 870; x_wconf 76' lang='lat' dir='ltr'><strong>getabilem.</strong></span> <span class='ocrx_word' id='word_1_125' title='bbox 492 837 584 874; x_wconf 85' lang='lat' dir='ltr'><strong>Ipsum</strong></span> <span class='ocrx_word' id='word_1_126' title='bbox 599 847 664 867; x_wconf 86' lang='lat' dir='ltr'><strong>vero</strong></span> <span class='ocrx_word' id='word_1_127' title='bbox 678 845 792 874; x_wconf 90' lang='lat' dir='ltr'><strong>motum,</strong></span> <span class='ocrx_word' id='word_1_128' title='bbox 805 844 981 877; x_wconf 71' lang='lat' dir='ltr'><strong>quantumvis</strong></span> <span class='ocrx_word' id='word_1_129' title='bbox 993 844 1098 872; x_wconf 90' lang='lat' dir='ltr'><strong>inordi-</strong></span> 
     </span>
    </p>
   </div>
   <div class='ocr_carea' id='block_1_20' title="bbox 1151 252 1932 289">
    <p class='ocr_par' dir='ltr' id='par_1_20' title="bbox 1151 252 1932 289">
     <span class='ocr_line' id='line_1_20' title="bbox 1151 252 1932 289; baseline 0.005 -11"><span class='ocrx_word' id='word_1_130' title='bbox 1151 260 1198 278; x_wconf 88' lang='grc' dir='ltr'><strong>τον</strong></span> <span class='ocrx_word' id='word_1_131' title='bbox 1221 252 1269 288; x_wconf 80' lang='grc' dir='ltr'>μὲν</span> <span class='ocrx_word' id='word_1_132' title='bbox 1285 252 1338 288; x_wconf 84' lang='grc' dir='ltr'>γὰρ</span> <span class='ocrx_word' id='word_1_133' title='bbox 1355 253 1404 288; x_wconf 81' lang='grc' dir='ltr'>οὐχ</span> <span class='ocrx_word' id='word_1_134' title='bbox 1421 253 1529 289; x_wconf 80' lang='grc' dir='ltr'><strong>ὁρῶσιν,</strong></span> <span class='ocrx_word' id='word_1_135' title='bbox 1549 253 1589 279; x_wconf 83' lang='grc' dir='ltr'><strong>δτι</strong></span> <span class='ocrx_word' id='word_1_136' title='bbox 1604 252 1659 279; x_wconf 86' lang='grc' dir='ltr'><strong>τῶν</strong></span> <span class='ocrx_word' id='word_1_137' title='bbox 1680 253 1764 280; x_wconf 75' lang='grc' dir='ltr'>ὄντων</span> <span class='ocrx_word' id='word_1_138' title='bbox 1781 254 1857 281; x_wconf 77' lang='grc' dir='ltr'>οὐδὲν</span> <span class='ocrx_word' id='word_1_139' title='bbox 1875 252 1932 282; x_wconf 72' lang='grc' dir='ltr'>οἷόν</span> 
     </span>
    </p>
   </div>
   <div class='ocr_carea' id='block_1_21' title="bbox 1152 295 1932 334">
    <p class='ocr_par' dir='ltr' id='par_1_21' title="bbox 1152 295 1932 334">
     <span class='ocr_line' id='line_1_21' title="bbox 1152 295 1932 334; baseline 0.006 -12"><span class='ocrx_word' id='word_1_140' title='bbox 1152 297 1226 323; x_wconf 73' lang='grc' dir='ltr'>ἐστιν</span> <span class='ocrx_word' id='word_1_141' title='bbox 1248 295 1404 332; x_wconf 82' lang='grc' dir='ltr'><strong>φθείρεσθαι</strong></span> <span class='ocrx_word' id='word_1_142' title='bbox 1425 298 1465 330; x_wconf 82' lang='grc' dir='ltr'><strong>είς</strong></span> <span class='ocrx_word' id='word_1_143' title='bbox 1482 297 1514 323; x_wconf 81' lang='grc' dir='ltr'>τὸ</span> <span class='ocrx_word' id='word_1_144' title='bbox 1537 297 1574 333; x_wconf 85' lang='grc' dir='ltr'>μὴ</span> <span class='ocrx_word' id='word_1_145' title='bbox 1592 297 1631 324; x_wconf 65' lang='grc' dir='ltr'>ὀνο</span> <span class='ocrx_word' id='word_1_146' title='bbox 1650 297 1681 324; x_wconf 84' lang='grc' dir='ltr'>τὸ</span> <span class='ocrx_word' id='word_1_147' title='bbox 1701 298 1755 334; x_wconf 79' lang='grc' dir='ltr'><strong>γὰρ</strong></span> <span class='ocrx_word' id='word_1_148' title='bbox 1775 298 1812 334; x_wconf 84' lang='grc' dir='ltr'>μὴ</span> <span class='ocrx_word' id='word_1_149' title='bbox 1836 298 1866 326; x_wconf 76' lang='grc' dir='ltr'>ὃν</span> <span class='ocrx_word' id='word_1_150' title='bbox 1881 300 1932 327; x_wconf 69' lang='grc' dir='ltr'>οὔτε</span> 
     </span>
    </p>
   </div>
   <div class='ocr_carea' id='block_1_22' title="bbox 1152 343 1931 382">
    <p class='ocr_par' dir='ltr' id='par_1_22' title="bbox 1152 343 1931 382">
     <span class='ocr_line' id='line_1_22' title="bbox 1152 343 1931 382; baseline 0.004 -12"><span class='ocrx_word' id='word_1_151' title='bbox 1152 343 1220 372; x_wconf 81' lang='grc' dir='ltr'>ἔστι.</span> <span class='ocrx_word' id='word_1_152' title='bbox 1240 344 1491 371; x_wconf 81' lang='grc' dir='ltr'>Διασκεδασθέντων</span> <span class='ocrx_word' id='word_1_153' title='bbox 1507 344 1536 372; x_wconf 78' lang='grc' dir='ltr'>δὲ</span> <span class='ocrx_word' id='word_1_154' title='bbox 1561 344 1616 371; x_wconf 88' lang='grc' dir='ltr'><strong>τῶν</strong></span> <span class='ocrx_word' id='word_1_155' title='bbox 1631 345 1772 380; x_wconf 82' lang='grc' dir='ltr'>σωμάτων,</span> <span class='ocrx_word' id='word_1_156' title='bbox 1789 346 1836 373; x_wconf 75' lang='grc' dir='ltr'>καὶ</span> <span class='ocrx_word' id='word_1_157' title='bbox 1849 355 1931 382; x_wconf 83' lang='grc' dir='ltr'>μετα-</span> 
     </span>
    </p>
   </div>
   <div class='ocr_carea' id='block_1_23' title="bbox 1151 389 1931 426">
    <p class='ocr_par' dir='ltr' id='par_1_23' title="bbox 1151 389 1931 426">
     <span class='ocr_line' id='line_1_23' title="bbox 1151 389 1931 426; baseline 0.001 -9"><span class='ocrx_word' id='word_1_158' title='bbox 1151 390 1232 426; x_wconf 73' lang='grc' dir='ltr'>ϐολήν</span> <span class='ocrx_word' id='word_1_159' title='bbox 1249 399 1310 417; x_wconf 86' lang='grc' dir='ltr'>τινα</span> <span class='ocrx_word' id='word_1_160' title='bbox 1333 390 1460 425; x_wconf 84' lang='grc' dir='ltr'><strong>σχόντων,</strong></span> <span class='ocrx_word' id='word_1_161' title='bbox 1481 390 1601 421; x_wconf 84' lang='grc' dir='ltr'><strong>διάλυσις</strong></span> <span class='ocrx_word' id='word_1_162' title='bbox 1615 390 1728 424; x_wconf 82' lang='grc' dir='ltr'>γίνεται⁸</span> <span class='ocrx_word' id='word_1_163' title='bbox 1745 389 1814 417; x_wconf 82' lang='grc' dir='ltr'>ὥστε</span> <span class='ocrx_word' id='word_1_164' title='bbox 1832 391 1863 417; x_wconf 79' lang='grc' dir='ltr'><strong>τὸ</strong></span> <span class='ocrx_word' id='word_1_165' title='bbox 1879 391 1931 426; x_wconf 83' lang='grc' dir='ltr'>μὲν</span> 
     </span>
    </p>
   </div>
   <div class='ocr_carea' id='block_1_24' title="bbox 1151 435 1927 471">
    <p class='ocr_par' dir='ltr' id='par_1_24' title="bbox 1151 435 1927 471">
     <span class='ocr_line' id='line_1_24' title="bbox 1151 435 1927 471; baseline -0.001 -8"><span class='ocrx_word' id='word_1_166' title='bbox 1151 437 1191 468; x_wconf 87' lang='grc' dir='ltr'><strong>εις</strong></span> <span class='ocrx_word' id='word_1_167' title='bbox 1205 436 1256 471; x_wconf 87' lang='grc' dir='ltr'><strong>γῆν</strong></span> <span class='ocrx_word' id='word_1_168' title='bbox 1275 436 1413 467; x_wconf 80' lang='grc' dir='ltr'>ἀπελθεῖν,</span> <span class='ocrx_word' id='word_1_169' title='bbox 1430 436 1461 462; x_wconf 81' lang='grc' dir='ltr'>τὸ</span> <span class='ocrx_word' id='word_1_170' title='bbox 1474 436 1503 462; x_wconf 84' lang='grc' dir='ltr'>δὲ</span> <span class='ocrx_word' id='word_1_171' title='bbox 1519 437 1559 467; x_wconf 77' lang='grc' dir='ltr'>εἰς</span> <span class='ocrx_word' id='word_1_172' title='bbox 1573 435 1653 470; x_wconf 85' lang='grc' dir='ltr'>ἀέρα,</span> <span class='ocrx_word' id='word_1_173' title='bbox 1671 435 1701 462; x_wconf 85' lang='grc' dir='ltr'><strong>τὺ</strong></span> <span class='ocrx_word' id='word_1_174' title='bbox 1715 435 1743 461; x_wconf 81' lang='grc' dir='ltr'>δὲ</span> <span class='ocrx_word' id='word_1_175' title='bbox 1760 436 1800 467; x_wconf 81' lang='grc' dir='ltr'><strong>εις</strong></span> <span class='ocrx_word' id='word_1_176' title='bbox 1814 435 1878 463; x_wconf 67' lang='grc' dir='ltr'>ἄλλο</span> <span class='ocrx_word' id='word_1_177' title='bbox 1890 444 1927 462; x_wconf 86' lang='grc' dir='ltr'>τι.</span> 
     </span>
    </p>
   </div>
   <div class='ocr_carea' id='block_1_25' title="bbox 1187 481 1930 517">
    <p class='ocr_par' dir='ltr' id='par_1_25' title="bbox 1187 481 1930 517">
     <span class='ocr_line' id='line_1_25' title="bbox 1187 481 1930 517; baseline 0 -9"><span class='ocrx_word' id='word_1_178' title='bbox 1187 482 1301 508; x_wconf 81' lang='grc' dir='ltr'>Ἔπειτα</span> <span class='ocrx_word' id='word_1_179' title='bbox 1325 482 1354 509; x_wconf 81' lang='grc' dir='ltr'>δὲ</span> <span class='ocrx_word' id='word_1_180' title='bbox 1378 483 1409 509; x_wconf 85' lang='grc' dir='ltr'>οὺ</span> <span class='ocrx_word' id='word_1_181' title='bbox 1434 482 1594 517; x_wconf 82' lang='grc' dir='ltr'>μέμνηνται,</span> <span class='ocrx_word' id='word_1_182' title='bbox 1619 481 1659 507; x_wconf 81' lang='grc' dir='ltr'>ὅτι</span> <span class='ocrx_word' id='word_1_183' title='bbox 1681 481 1787 517; x_wconf 84' lang='grc' dir='ltr'>κίνησιν</span> <span class='ocrx_word' id='word_1_184' title='bbox 1815 481 1930 508; x_wconf 77' lang='grc' dir='ltr'><strong>ἄτακτον</strong></span> 
     </span>
    </p>
   </div>
   <div class='ocr_carea' id='block_1_26' title="bbox 1151 526 1928 563">
    <p class='ocr_par' dir='ltr' id='par_1_26' title="bbox 1151 526 1928 563">
     <span class='ocr_line' id='line_1_26' title="bbox 1151 526 1928 563; baseline 0 -9"><span class='ocrx_word' id='word_1_185' title='bbox 1151 527 1319 554; x_wconf 82' lang='grc' dir='ltr'>ὑποτίθενται</span> <span class='ocrx_word' id='word_1_186' title='bbox 1329 526 1397 554; x_wconf 81' lang='grc' dir='ltr'>εἶναι</span> <span class='ocrx_word' id='word_1_187' title='bbox 1408 528 1456 563; x_wconf 82' lang='grc' dir='ltr'>τὴν</span> <span class='ocrx_word' id='word_1_188' title='bbox 1467 527 1542 562; x_wconf 79' lang='grc' dir='ltr'>ὕλην.</span> <span class='ocrx_word' id='word_1_189' title='bbox 1558 528 1593 554; x_wconf 82' lang='grc' dir='ltr'><strong>Τὸ</strong></span> <span class='ocrx_word' id='word_1_190' title='bbox 1604 527 1632 554; x_wconf 82' lang='grc' dir='ltr'>δὲ</span> <span class='ocrx_word' id='word_1_191' title='bbox 1639 527 1672 554; x_wconf 89' lang='grc' dir='ltr'><strong>δι’</strong></span> <span class='ocrx_word' id='word_1_192' title='bbox 1683 526 1747 554; x_wconf 75' lang='grc' dir='ltr'>αὐτὸ</span> <span class='ocrx_word' id='word_1_193' title='bbox 1761 526 1928 562; x_wconf 73' lang='grc' dir='ltr'>κινούμενον,</span> 
     </span>
    </p>
   </div>
   <div class='ocr_carea' id='block_1_27' title="bbox 1150 570 1969 609">
    <p class='ocr_par' dir='ltr' id='par_1_27' title="bbox 1150 570 1969 609">
     <span class='ocr_line' id='line_1_27' title="bbox 1150 570 1969 609; baseline 0 -10"><span class='ocrx_word' id='word_1_194' title='bbox 1150 572 1197 599; x_wconf 72' lang='grc' dir='ltr'>καὶ</span> <span class='ocrx_word' id='word_1_195' title='bbox 1212 570 1242 599; x_wconf 73' lang='grc' dir='ltr'>οὗ</span> <span class='ocrx_word' id='word_1_196' title='bbox 1256 573 1329 599; x_wconf 74' lang='grc' dir='ltr'>ἐστιν</span> <span class='ocrx_word' id='word_1_197' title='bbox 1343 573 1419 600; x_wconf 84' lang='grc' dir='ltr'>οὐσία</span> <span class='ocrx_word' id='word_1_198' title='bbox 1435 573 1452 608; x_wconf 81' lang='grc' dir='ltr'>ἡ</span> <span class='ocrx_word' id='word_1_199' title='bbox 1467 573 1584 609; x_wconf 85' lang='grc' dir='ltr'>κίνησις,</span> <span class='ocrx_word' id='word_1_200' title='bbox 1597 572 1665 599; x_wconf 85' lang='grc' dir='ltr'><strong>ἀλλά</strong></span> <span class='ocrx_word' id='word_1_201' title='bbox 1683 572 1721 608; x_wconf 81' lang='grc' dir='ltr'>μὴ</span> <span class='ocrx_word' id='word_1_202' title='bbox 1740 572 1810 599; x_wconf 80' lang='grc' dir='ltr'>κατὰ</span> <span class='ocrx_word' id='word_1_203' title='bbox 1825 572 1928 608; x_wconf 75' lang='grc' dir='ltr'>συμϐε-</span> <span class='ocrx_word' id='word_1_204' title='bbox 1967 584 1969 588; x_wconf 67' lang='grc' dir='ltr'><strong><em>τ</em></strong></span> 
     </span>
    </p>
   </div>
   <div class='ocr_carea' id='block_1_28' title="bbox 1151 616 1928 653">
    <p class='ocr_par' dir='ltr' id='par_1_28' title="bbox 1151 616 1928 653">
     <span class='ocr_line' id='line_1_28' title="bbox 1151 616 1928 653; baseline 0 -10"><span class='ocrx_word' id='word_1_205' title='bbox 1151 617 1233 652; x_wconf 74' lang='grc' dir='ltr'>σηκὸς</span> <span class='ocrx_word' id='word_1_206' title='bbox 1256 617 1372 653; x_wconf 79' lang='grc' dir='ltr'><strong>ὑπάρχει</strong></span> <span class='ocrx_word' id='word_1_207' title='bbox 1398 617 1481 653; x_wconf 83' lang='grc' dir='ltr'>αὐτῷ,</span> <span class='ocrx_word' id='word_1_208' title='bbox 1504 618 1563 649; x_wconf 82' lang='grc' dir='ltr'><strong>πῶς</strong></span> <span class='ocrx_word' id='word_1_209' title='bbox 1583 617 1701 651; x_wconf 74' lang='grc' dir='ltr'>εὔλογον,</span> <span class='ocrx_word' id='word_1_210' title='bbox 1720 617 1769 652; x_wconf 79' lang='grc' dir='ltr'><strong>τῆς</strong></span> <span class='ocrx_word' id='word_1_211' title='bbox 1790 616 1928 652; x_wconf 83' lang='grc' dir='ltr'>δυνάμεως</span> 
     </span>
    </p>
   </div>
   <div class='ocr_carea' id='block_1_29' title="bbox 1149 658 1929 698">
    <p class='ocr_par' dir='ltr' id='par_1_29' title="bbox 1149 658 1929 698">
     <span class='ocr_line' id='line_1_29' title="bbox 1149 658 1929 698; baseline -0.001 -10"><span class='ocrx_word' id='word_1_212' title='bbox 1149 661 1326 698; x_wconf 82' lang='grc' dir='ltr'>ἀπελθούσης,</span> <span class='ocrx_word' id='word_1_213' title='bbox 1347 662 1501 689; x_wconf 85' lang='grc' dir='ltr'>παύσασθαι</span> <span class='ocrx_word' id='word_1_214' title='bbox 1515 662 1562 689; x_wconf 83' lang='grc' dir='ltr'>τοῦ</span> <span class='ocrx_word' id='word_1_215' title='bbox 1581 662 1649 698; x_wconf 80' lang='grc' dir='ltr'>ὅπερ</span> <span class='ocrx_word' id='word_1_216' title='bbox 1671 658 1716 697; x_wconf 77' lang='grc' dir='ltr'><strong>ἧν,</strong></span> <span class='ocrx_word' id='word_1_217' title='bbox 1730 661 1795 696; x_wconf 84' lang='grc' dir='ltr'>πρὶν</span> <span class='ocrx_word' id='word_1_218' title='bbox 1816 661 1863 688; x_wconf 78' lang='grc' dir='ltr'>καὶ</span> <span class='ocrx_word' id='word_1_219' title='bbox 1878 659 1929 696; x_wconf 85' lang='grc' dir='ltr'>τὴν</span> 
     </span>
    </p>
   </div>
   <div class='ocr_carea' id='block_1_30' title="bbox 1150 705 1928 742">
    <p class='ocr_par' dir='ltr' id='par_1_30' title="bbox 1150 705 1928 742">
     <span class='ocr_line' id='line_1_30' title="bbox 1150 705 1928 742; baseline -0.001 -10"><span class='ocrx_word' id='word_1_220' title='bbox 1150 706 1261 740; x_wconf 85' lang='grc' dir='ltr'>δύναμιν</span> <span class='ocrx_word' id='word_1_221' title='bbox 1272 708 1311 738; x_wconf 74' lang='grc' dir='ltr'><strong>εἰς</strong></span> <span class='ocrx_word' id='word_1_222' title='bbox 1322 706 1387 734; x_wconf 80' lang='grc' dir='ltr'>αὐτὸ</span> <span class='ocrx_word' id='word_1_223' title='bbox 1401 706 1556 739; x_wconf 70' lang='grc' dir='ltr'>κατελθεῖν,</span> <span class='ocrx_word' id='word_1_224' title='bbox 1571 707 1626 741; x_wconf 78' lang='grc' dir='ltr'><strong>Οὐχ</strong></span> <span class='ocrx_word' id='word_1_225' title='bbox 1640 705 1723 742; x_wconf 78' lang='grc' dir='ltr'>ὁρῶσι</span> <span class='ocrx_word' id='word_1_226' title='bbox 1735 705 1764 731; x_wconf 82' lang='grc' dir='ltr'>δὲ</span> <span class='ocrx_word' id='word_1_227' title='bbox 1777 705 1808 731; x_wconf 75' lang='grc' dir='ltr'>τὸ</span> <span class='ocrx_word' id='word_1_228' title='bbox 1824 705 1928 740; x_wconf 81' lang='grc' dir='ltr'>παραλ-</span> 
     </span>
    </p>
   </div>
   <div class='ocr_carea' id='block_1_31' title="bbox 1149 750 1926 788">
    <p class='ocr_par' dir='ltr' id='par_1_31' title="bbox 1149 750 1926 788">
     <span class='ocr_line' id='line_1_31' title="bbox 1149 750 1926 788; baseline -0.003 -10"><span class='ocrx_word' id='word_1_229' title='bbox 1149 752 1254 784; x_wconf 84' lang='grc' dir='ltr'>λάττον,</span> <span class='ocrx_word' id='word_1_230' title='bbox 1270 752 1310 778; x_wconf 79' lang='grc' dir='ltr'>ὅτι</span> <span class='ocrx_word' id='word_1_231' title='bbox 1324 752 1377 779; x_wconf 78' lang='grc' dir='ltr'>πᾶν</span> <span class='ocrx_word' id='word_1_232' title='bbox 1392 752 1442 788; x_wconf 82' lang='grc' dir='ltr'>μὲν</span> <span class='ocrx_word' id='word_1_233' title='bbox 1457 751 1546 787; x_wconf 83' lang='grc' dir='ltr'>σῶμα,</span> <span class='ocrx_word' id='word_1_234' title='bbox 1556 751 1644 786; x_wconf 77' lang='grc' dir='ltr'>ψυχῆς</span> <span class='ocrx_word' id='word_1_235' title='bbox 1654 751 1777 786; x_wconf 78' lang='grc' dir='ltr'>ἄμοιρον,</span> <span class='ocrx_word' id='word_1_236' title='bbox 1790 750 1926 785; x_wconf 81' lang='grc' dir='ltr'>ἀκίνητον.</span> 
     </span>
    </p>
   </div>
   <div class='ocr_carea' id='block_1_32' title="bbox 1152 795 1927 833">
    <p class='ocr_par' dir='ltr' id='par_1_32' title="bbox 1152 795 1927 833">
     <span class='ocr_line' id='line_1_32' title="bbox 1152 795 1927 833; baseline -0.003 -9"><span class='ocrx_word' id='word_1_237' title='bbox 1152 798 1226 833; x_wconf 84' lang='grc' dir='ltr'>Ἔχει</span> <span class='ocrx_word' id='word_1_238' title='bbox 1239 798 1293 833; x_wconf 80' lang='grc' dir='ltr'><strong>γὰρ</strong></span> <span class='ocrx_word' id='word_1_239' title='bbox 1307 798 1353 824; x_wconf 75' lang='grc' dir='ltr'>καὶ</span> <span class='ocrx_word' id='word_1_240' title='bbox 1366 798 1400 824; x_wconf 83' lang='grc' dir='ltr'><strong>τὰ</strong></span> <span class='ocrx_word' id='word_1_241' title='bbox 1420 797 1490 832; x_wconf 84' lang='grc' dir='ltr'>φυτὰ</span> <span class='ocrx_word' id='word_1_242' title='bbox 1504 797 1553 832; x_wconf 81' lang='grc' dir='ltr'>τὴν</span> <span class='ocrx_word' id='word_1_243' title='bbox 1570 797 1684 832; x_wconf 83' lang='grc' dir='ltr'><strong>φυτικὴν</strong></span> <span class='ocrx_word' id='word_1_244' title='bbox 1699 796 1798 832; x_wconf 80' lang='grc' dir='ltr'>ψυχήν.</span> <span class='ocrx_word' id='word_1_245' title='bbox 1821 795 1878 831; x_wconf 83' lang='grc' dir='ltr'><strong>Τῆς</strong></span> <span class='ocrx_word' id='word_1_246' title='bbox 1897 795 1927 822; x_wconf 74' lang='grc' dir='ltr'>δὲ</span> 
     </span>
    </p>
   </div>
   <div class='ocr_carea' id='block_1_33' title="bbox 1150 841 1927 880">
    <p class='ocr_par' dir='ltr' id='par_1_33' title="bbox 1150 841 1927 880">
     <span class='ocr_line' id='line_1_33' title="bbox 1150 841 1927 880; baseline -0.003 -10"><span class='ocrx_word' id='word_1_247' title='bbox 1150 843 1215 880; x_wconf 77' lang='grc' dir='ltr'>ὕλης</span> <span class='ocrx_word' id='word_1_248' title='bbox 1227 843 1312 880; x_wconf 81' lang='grc' dir='ltr'>αὐτὴν</span> <span class='ocrx_word' id='word_1_249' title='bbox 1324 843 1373 879; x_wconf 85' lang='grc' dir='ltr'><strong>τὴν</strong></span> <span class='ocrx_word' id='word_1_250' title='bbox 1388 843 1480 870; x_wconf 78' lang='grc' dir='ltr'>οὐσίαν</span> <span class='ocrx_word' id='word_1_251' title='bbox 1496 842 1602 878; x_wconf 81' lang='grc' dir='ltr'>κίνησιν</span> <span class='ocrx_word' id='word_1_252' title='bbox 1616 841 1685 869; x_wconf 73' lang='grc' dir='ltr'>εἶναι</span> <span class='ocrx_word' id='word_1_253' title='bbox 1701 842 1792 877; x_wconf 73' lang='grc' dir='ltr'>φασιν,</span> <span class='ocrx_word' id='word_1_254' title='bbox 1809 841 1927 868; x_wconf 72' lang='grc' dir='ltr'>ἄτακτον</span> 
     </span>
    </p>
   </div>
   <div class='ocr_carea' id='block_1_34' title="bbox 315 884 1123 926">
    <p class='ocr_par' dir='ltr' id='par_1_34' title="bbox 315 884 1123 917">
     <span class='ocr_line' id='line_1_34' title="bbox 315 884 1123 917; baseline 0.011 -9"><span class='ocrx_word' id='word_1_255' title='bbox 315 885 423 914; x_wconf 87' lang='lat' dir='ltr'><strong>natum,</strong></span> <span class='ocrx_word' id='word_1_256' title='bbox 436 884 556 911; x_wconf 75' lang='lat' dir='ltr'><strong>materia:</strong></span> <span class='ocrx_word' id='word_1_257' title='bbox 577 884 672 912; x_wconf 88' lang='lat' dir='ltr'><strong>dicunt</strong></span> <span class='ocrx_word' id='word_1_258' title='bbox 687 892 749 913; x_wconf 88' lang='lat' dir='ltr'><strong>esse</strong></span> <span class='ocrx_word' id='word_1_259' title='bbox 773 886 963 917; x_wconf 84' lang='lat' dir='ltr'><strong>substantiam.</strong></span> <span class='ocrx_word' id='word_1_260' title='bbox 979 889 1018 916; x_wconf 81' lang='lat' dir='ltr'><strong>Ac</strong></span> <span class='ocrx_word' id='word_1_261' title='bbox 1033 897 1097 917; x_wconf 89' lang='lat' dir='ltr'><strong>vero</strong></span> <span class='ocrx_word' id='word_1_262' title='bbox 1112 886 1123 913; x_wconf 73' lang='grc' dir='ltr'><strong>Ι</strong></span> 
     </span>
    </p>
   </div>
   <div class='ocr_carea' id='block_1_35' title="bbox 1150 884 1928 926">
    <p class='ocr_par' dir='ltr' id='par_1_35' title="bbox 1150 886 1928 926">
     <span class='ocr_line' id='line_1_35' title="bbox 1150 886 1928 926; baseline -0.005 -9"><span class='ocrx_word' id='word_1_263' title='bbox 1150 890 1250 926; x_wconf 83' lang='grc' dir='ltr'>μέντοι.</span> <span class='ocrx_word' id='word_1_264' title='bbox 1274 889 1390 917; x_wconf 75' lang='grc' dir='ltr'>Κάλλιον</span> <span class='ocrx_word' id='word_1_265' title='bbox 1409 889 1438 915; x_wconf 78' lang='grc' dir='ltr'>δὲ</span> <span class='ocrx_word' id='word_1_266' title='bbox 1459 886 1504 924; x_wconf 79' lang='grc' dir='ltr'>ἦν,</span> <span class='ocrx_word' id='word_1_267' title='bbox 1527 888 1651 923; x_wconf 83' lang='grc' dir='ltr'>καθάπερ</span> <span class='ocrx_word' id='word_1_268' title='bbox 1667 887 1713 913; x_wconf 77' lang='grc' dir='ltr'><strong>ἐπὶ</strong></span> <span class='ocrx_word' id='word_1_269' title='bbox 1732 887 1827 922; x_wconf 80' lang='grc' dir='ltr'>λύρας,</span> <span class='ocrx_word' id='word_1_270' title='bbox 1844 886 1928 923; x_wconf 78' lang='grc' dir='ltr'>ἀνάρο</span> 
     </span>
    </p>
   </div>
   <div class='ocr_carea' id='block_1_36' title="bbox 316 928 1097 974">
    <p class='ocr_par' dir='ltr' id='par_1_36' title="bbox 316 928 1097 974">
     <span class='ocr_line' id='line_1_36' title="bbox 316 928 1097 974; baseline 0.013 -21"><span class='ocrx_word' id='word_1_271' title='bbox 316 930 376 954; x_wconf 81' lang='lat' dir='ltr'><strong>erat</strong></span> <span class='ocrx_word' id='word_1_272' title='bbox 401 928 509 961; x_wconf 87' lang='lat' dir='ltr'><strong>melius,</strong></span> <span class='ocrx_word' id='word_1_273' title='bbox 532 929 606 957; x_wconf 88' lang='lat' dir='ltr'><strong>velut</strong></span> <span class='ocrx_word' id='word_1_274' title='bbox 628 930 655 958; x_wconf 91' lang='lat' dir='ltr'><strong>in</strong></span> <span class='ocrx_word' id='word_1_275' title='bbox 670 930 828 960; x_wconf 85' lang='lat' dir='ltr'><strong>dissonante</strong></span> <span class='ocrx_word' id='word_1_276' title='bbox 851 933 926 968; x_wconf 88' lang='lat' dir='ltr'><strong>lyra,</strong></span> <span class='ocrx_word' id='word_1_277' title='bbox 952 935 1097 974; x_wconf 76' lang='lat' dir='ltr'><strong>accedente</strong></span> 
     </span>
    </p>
   </div>
   <div class='ocr_carea' id='block_1_37' title="bbox 317 971 1096 1013">
    <p class='ocr_par' dir='ltr' id='par_1_37' title="bbox 317 971 1096 1013">
     <span class='ocr_line' id='line_1_37' title="bbox 317 971 1096 1013; baseline 0.014 -15"><span class='ocrx_word' id='word_1_278' title='bbox 317 971 458 1000; x_wconf 87' lang='lat' dir='ltr'><strong>harmonia</strong></span> <span class='ocrx_word' id='word_1_279' title='bbox 470 974 592 1010; x_wconf 82' lang='lat' dir='ltr'><strong>initoque</strong></span> <span class='ocrx_word' id='word_1_280' title='bbox 607 980 750 1009; x_wconf 86' lang='lat' dir='ltr'><strong>concentu,</strong></span> <span class='ocrx_word' id='word_1_281' title='bbox 764 978 894 1013; x_wconf 76' lang='lat' dir='ltr'><strong>quidquid</strong></span> <span class='ocrx_word' id='word_1_282' title='bbox 908 983 976 1012; x_wconf 86' lang='lat' dir='ltr'><strong>erat,</strong></span> <span class='ocrx_word' id='word_1_283' title='bbox 993 971 1096 1010; x_wconf 80' lang='lat' dir='ltr'><strong>musice</strong></span> 
     </span>
    </p>
   </div>
   <div class='ocr_carea' id='block_1_38' title="bbox 316 1020 1095 1057">
    <p class='ocr_par' dir='ltr' id='par_1_38' title="bbox 316 1020 1095 1057">
     <span class='ocr_line' id='line_1_38' title="bbox 316 1020 1095 1057; baseline 0.014 -13"><span class='ocrx_word' id='word_1_284' title='bbox 316 1021 474 1046; x_wconf 88' lang='lat' dir='ltr'><strong>consertum</strong></span> <span class='ocrx_word' id='word_1_285' title='bbox 499 1020 721 1057; x_wconf 88' lang='lat' dir='ltr'><strong>modulatumque</strong></span> <span class='ocrx_word' id='word_1_286' title='bbox 745 1023 879 1051; x_wconf 80' lang='lat' dir='ltr'><strong>etlicitur:</strong></span> <span class='ocrx_word' id='word_1_287' title='bbox 899 1025 940 1052; x_wconf 88' lang='lat' dir='ltr'><strong>sic</strong></span> <span class='ocrx_word' id='word_1_288' title='bbox 967 1025 1095 1055; x_wconf 87' lang='lat' dir='ltr'><strong>nimirum</strong></span> 
     </span>
    </p>
   </div>
   <div class='ocr_carea' id='block_1_39' title="bbox 315 1062 1093 1105">
    <p class='ocr_par' dir='ltr' id='par_1_39' title="bbox 315 1062 1093 1105">
     <span class='ocr_line' id='line_1_39' title="bbox 315 1062 1093 1105; baseline 0.012 -15"><span class='ocrx_word' id='word_1_289' title='bbox 315 1062 435 1092; x_wconf 84' lang='lat' dir='ltr'><strong>divinam</strong></span> <span class='ocrx_word' id='word_1_290' title='bbox 462 1065 590 1094; x_wconf 86' lang='lat' dir='ltr'><strong>virtutem</strong></span> <span class='ocrx_word' id='word_1_291' title='bbox 620 1067 773 1095; x_wconf 79' lang='lat' dir='ltr'><strong>inordinata</strong></span> <span class='ocrx_word' id='word_1_292' title='bbox 808 1069 952 1098; x_wconf 87' lang='lat' dir='ltr'><strong>admistam</strong></span> <span class='ocrx_word' id='word_1_293' title='bbox 990 1073 1093 1105; x_wconf 89' lang='lat' dir='ltr'><strong>motui,</strong></span> 
     </span>
    </p>
   </div>
   <div class='ocr_carea' id='block_1_40' title="bbox 302 1108 1094 1151">
    <p class='ocr_par' dir='ltr' id='par_1_40' title="bbox 302 1108 1094 1151">
     <span class='ocr_line' id='line_1_40' title="bbox 302 1108 1094 1151; baseline 0.014 -16"><span class='ocrx_word' id='word_1_294' title='bbox 302 1108 395 1143; x_wconf 77' lang='lat' dir='ltr'><strong>‘quem</strong></span> <span class='ocrx_word' id='word_1_295' title='bbox 411 1110 464 1145; x_wconf 87' lang='lat' dir='ltr'><strong>ipsi</strong></span> <span class='ocrx_word' id='word_1_296' title='bbox 478 1112 620 1140; x_wconf 86' lang='lat' dir='ltr'><strong>materiam</strong></span> <span class='ocrx_word' id='word_1_297' title='bbox 645 1113 776 1145; x_wconf 82' lang='lat' dir='ltr'><strong>sentiunt,</strong></span> <span class='ocrx_word' id='word_1_298' title='bbox 792 1121 842 1149; x_wconf 90' lang='lat' dir='ltr'><strong>pro</strong></span> <span class='ocrx_word' id='word_1_299' title='bbox 852 1122 885 1142; x_wconf 90' lang='lat' dir='ltr'><strong>eo</strong></span> <span class='ocrx_word' id='word_1_300' title='bbox 901 1115 973 1151; x_wconf 92' lang='lat' dir='ltr'><strong>quod</strong></span> <span class='ocrx_word' id='word_1_301' title='bbox 996 1123 1094 1147; x_wconf 90' lang='lat' dir='ltr'><strong>ornatu</strong></span> 
     </span>
    </p>
   </div>
   <div class='ocr_carea' id='block_1_41' title="bbox 313 1155 1095 1194">
    <p class='ocr_par' dir='ltr' id='par_1_41' title="bbox 313 1155 1095 1194">
     <span class='ocr_line' id='line_1_41' title="bbox 313 1155 1095 1194; baseline 0.012 -13"><span class='ocrx_word' id='word_1_302' title='bbox 313 1155 435 1188; x_wconf 85' lang='lat' dir='ltr'><strong>carebat,</strong></span> <span class='ocrx_word' id='word_1_303' title='bbox 452 1157 596 1191; x_wconf 85' lang='lat' dir='ltr'><strong>quemdam</strong></span> <span class='ocrx_word' id='word_1_304' title='bbox 611 1157 651 1184; x_wconf 89' lang='lat' dir='ltr'><strong>illi</strong></span> <span class='ocrx_word' id='word_1_305' title='bbox 667 1162 792 1185; x_wconf 88' lang='lat' dir='ltr'><strong>ornatum</strong></span> <span class='ocrx_word' id='word_1_306' title='bbox 808 1159 939 1194; x_wconf 87' lang='lat' dir='ltr'><strong>adjecisse</strong></span> <span class='ocrx_word' id='word_1_307' title='bbox 949 1181 956 1193; x_wconf 86' lang='lat'><strong>,</strong></span> <span class='ocrx_word' id='word_1_308' title='bbox 978 1169 1009 1188; x_wconf 83' lang='lat' dir='ltr'><strong>ac</strong></span> <span class='ocrx_word' id='word_1_309' title='bbox 1023 1170 1095 1190; x_wconf 89' lang='lat' dir='ltr'><strong>sem-</strong></span> 
     </span>
    </p>
   </div>
   <div class='ocr_carea' id='block_1_42' title="bbox 314 1201 1094 1239">
    <p class='ocr_par' dir='ltr' id='par_1_42' title="bbox 314 1201 1094 1239">
     <span class='ocr_line' id='line_1_42' title="bbox 314 1201 1094 1239; baseline 0.012 -12"><span class='ocrx_word' id='word_1_310' title='bbox 314 1207 362 1237; x_wconf 85' lang='lat' dir='ltr'><strong>per</strong></span> <span class='ocrx_word' id='word_1_311' title='bbox 376 1201 505 1235; x_wconf 86' lang='lat' dir='ltr'><strong>adjicere,</strong></span> <span class='ocrx_word' id='word_1_312' title='bbox 520 1201 655 1237; x_wconf 86' lang='lat' dir='ltr'><strong>ejusmodi</strong></span> <span class='ocrx_word' id='word_1_313' title='bbox 669 1203 772 1231; x_wconf 77' lang='lat' dir='ltr'><strong>scilicet</strong></span> <span class='ocrx_word' id='word_1_314' title='bbox 791 1204 838 1239; x_wconf 90' lang='lat' dir='ltr'><strong>qui</strong></span> <span class='ocrx_word' id='word_1_315' title='bbox 852 1205 945 1233; x_wconf 87' lang='lat' dir='ltr'><strong>divino</strong></span> <span class='ocrx_word' id='word_1_316' title='bbox 958 1206 1008 1234; x_wconf 90' lang='lat' dir='ltr'><strong>rite</strong></span> <span class='ocrx_word' id='word_1_317' title='bbox 1027 1215 1094 1236; x_wconf 85' lang='lat' dir='ltr'><strong>cun-</strong></span> 
     </span>
    </p>
   </div>
   <div class='ocr_carea' id='block_1_43' title="bbox 313 1247 1093 1285">
    <p class='ocr_par' dir='ltr' id='par_1_43' title="bbox 313 1247 1093 1285">
     <span class='ocr_line' id='line_1_43' title="bbox 313 1247 1093 1285; baseline 0.01 -12"><span class='ocrx_word' id='word_1_318' title='bbox 313 1252 392 1281; x_wconf 73' lang='lat' dir='ltr'><strong>gruat</strong></span> <span class='ocrx_word' id='word_1_319' title='bbox 415 1247 539 1283; x_wconf 87' lang='lat' dir='ltr'><strong>tempori.</strong></span> <span class='ocrx_word' id='word_1_320' title='bbox 561 1247 630 1275; x_wconf 84' lang='lat' dir='ltr'><strong>Nam</strong></span> <span class='ocrx_word' id='word_1_321' title='bbox 653 1256 763 1284; x_wconf 60' lang='lat' dir='ltr'><strong>quaso,</strong></span> <span class='ocrx_word' id='word_1_322' title='bbox 789 1251 961 1285; x_wconf 88' lang='lat' dir='ltr'><strong>quandonam</strong></span> <span class='ocrx_word' id='word_1_323' title='bbox 985 1253 1093 1281; x_wconf 85' lang='lat' dir='ltr'><strong>tandem</strong></span> 
     </span>
    </p>
   </div>
   <div class='ocr_carea' id='block_1_44' title="bbox 312 1290 1094 1327">
    <p class='ocr_par' dir='ltr' id='par_1_44' title="bbox 312 1290 1094 1327">
     <span class='ocr_line' id='line_1_44' title="bbox 312 1290 1094 1327; baseline 0.004 -7"><span class='ocrx_word' id='word_1_324' title='bbox 312 1290 371 1327; x_wconf 82' lang='lat' dir='ltr'><strong>Ipse</strong></span> <span class='ocrx_word' id='word_1_325' title='bbox 386 1290 562 1324; x_wconf 70' lang='lat' dir='ltr'><strong>Manichacus,</strong></span> <span class='ocrx_word' id='word_1_326' title='bbox 580 1295 610 1319; x_wconf 94' lang='lat' dir='ltr'><strong>ut</strong></span> <span class='ocrx_word' id='word_1_327' title='bbox 620 1291 653 1320; x_wconf 90' lang='lat' dir='ltr'><strong>de</strong></span> <span class='ocrx_word' id='word_1_328' title='bbox 669 1292 712 1320; x_wconf 81' lang='lat' dir='ltr'><strong>his</strong></span> <span class='ocrx_word' id='word_1_329' title='bbox 723 1292 851 1322; x_wconf 83' lang='lat' dir='ltr'><strong>tractaret</strong></span> <span class='ocrx_word' id='word_1_330' title='bbox 861 1294 975 1322; x_wconf 87' lang='lat' dir='ltr'><strong>idoneus</strong></span> <span class='ocrx_word' id='word_1_331' title='bbox 989 1293 1050 1327; x_wconf 77' lang='lat' dir='ltr'><strong>fuit,</strong></span> <span class='ocrx_word' id='word_1_332' title='bbox 1061 1303 1094 1323; x_wconf 90' lang='lat' dir='ltr'><strong>ac</strong></span> 
     </span>
    </p>
   </div>
   <div class='ocr_carea' id='block_1_45' title="bbox 312 1337 1092 1375">
    <p class='ocr_par' dir='ltr' id='par_1_45' title="bbox 312 1337 1092 1375">
     <span class='ocr_line' id='line_1_45' title="bbox 312 1337 1092 1375; baseline 0.005 -11"><span class='ocrx_word' id='word_1_333' title='bbox 312 1337 421 1373; x_wconf 80' lang='lat' dir='ltr'><strong>quando</strong></span> <span class='ocrx_word' id='word_1_334' title='bbox 442 1337 551 1366; x_wconf 80' lang='lat' dir='ltr'><strong>demum</strong></span> <span class='ocrx_word' id='word_1_335' title='bbox 572 1337 665 1366; x_wconf 66' lang='lat' dir='ltr'><strong>isthtec</strong></span> <span class='ocrx_word' id='word_1_336' title='bbox 690 1339 848 1367; x_wconf 78' lang='lat' dir='ltr'><strong>enarravit?</strong></span> <span class='ocrx_word' id='word_1_337' title='bbox 869 1339 937 1367; x_wconf 82' lang='lat' dir='ltr'><strong>Nam</strong></span> <span class='ocrx_word' id='word_1_338' title='bbox 956 1343 984 1368; x_wconf 91' lang='lat' dir='ltr'><strong>et</strong></span> <span class='ocrx_word' id='word_1_339' title='bbox 1004 1341 1092 1375; x_wconf 91' lang='lat' dir='ltr'><strong>ipsum</strong></span> 
     </span>
    </p>
   </div>
   <div class='ocr_carea' id='block_1_46' title="bbox 311 1382 1093 1421">
    <p class='ocr_par' dir='ltr' id='par_1_46' title="bbox 311 1382 1093 1421">
     <span class='ocr_line' id='line_1_46' title="bbox 311 1382 1093 1421; baseline 0.006 -12"><span class='ocrx_word' id='word_1_340' title='bbox 311 1382 432 1410; x_wconf 67' lang='lat' dir='ltr'><strong>materne</strong></span> <span class='ocrx_word' id='word_1_341' title='bbox 446 1385 511 1410; x_wconf 80' lang='lat' dir='ltr'><strong>tunc</strong></span> <span class='ocrx_word' id='word_1_342' title='bbox 526 1382 627 1418; x_wconf 78' lang='lat' dir='ltr'><strong>migma</strong></span> <span class='ocrx_word' id='word_1_343' title='bbox 635 1386 661 1410; x_wconf 93' lang='lat' dir='ltr'><strong>et</strong></span> <span class='ocrx_word' id='word_1_344' title='bbox 676 1383 784 1412; x_wconf 84' lang='lat' dir='ltr'><strong>virtutis</strong></span> <span class='ocrx_word' id='word_1_345' title='bbox 799 1384 826 1411; x_wconf 91' lang='lat' dir='ltr'><strong>in</strong></span> <span class='ocrx_word' id='word_1_346' title='bbox 839 1392 870 1412; x_wconf 93' lang='lat' dir='ltr'><strong>ea</strong></span> <span class='ocrx_word' id='word_1_347' title='bbox 883 1389 997 1421; x_wconf 69' lang='lat' dir='ltr'><strong>receptae</strong></span> <span class='ocrx_word' id='word_1_348' title='bbox 1008 1385 1093 1414; x_wconf 80' lang='lat' dir='ltr'><strong>fuisse</strong></span> 
     </span>
    </p>
   </div>
   <div class='ocr_carea' id='block_1_47' title="bbox 311 1428 1092 1465">
    <p class='ocr_par' dir='ltr' id='par_1_47' title="bbox 311 1428 1092 1465">
     <span class='ocr_line' id='line_1_47' title="bbox 311 1428 1092 1465; baseline 0.005 -10"><span class='ocrx_word' id='word_1_349' title='bbox 311 1428 474 1457; x_wconf 82' lang='lat' dir='ltr'><strong>concedunt.</strong></span> <span class='ocrx_word' id='word_1_350' title='bbox 492 1428 555 1457; x_wconf 86' lang='lat' dir='ltr'><strong>Sive</strong></span> <span class='ocrx_word' id='word_1_351' title='bbox 570 1429 653 1465; x_wconf 69' lang='lat' dir='ltr'><strong>igitur</strong></span> <span class='ocrx_word' id='word_1_352' title='bbox 665 1449 672 1462; x_wconf 93' lang='lat'><strong>,</strong></span> <span class='ocrx_word' id='word_1_353' title='bbox 688 1429 725 1456; x_wconf 90' lang='lat' dir='ltr'><strong>ita</strong></span> <span class='ocrx_word' id='word_1_354' title='bbox 738 1435 767 1457; x_wconf 91' lang='lat' dir='ltr'><strong>ut</strong></span> <span class='ocrx_word' id='word_1_355' title='bbox 779 1434 847 1464; x_wconf 86' lang='lat' dir='ltr'><strong>erat,</strong></span> <span class='ocrx_word' id='word_1_356' title='bbox 862 1430 919 1459; x_wconf 55' lang='lat' dir='ltr'><strong>haec</strong></span> <span class='ocrx_word' id='word_1_357' title='bbox 938 1431 1092 1459; x_wconf 89' lang='lat' dir='ltr'><strong>inordinato</strong></span> 
     </span>
    </p>
   </div>
   <div class='ocr_carea' id='block_1_48' title="bbox 310 1475 1091 1513">
    <p class='ocr_par' dir='ltr' id='par_1_48' title="bbox 310 1475 1091 1513">
     <span class='ocr_line' id='line_1_48' title="bbox 310 1475 1091 1513; baseline 0.008 -12"><span class='ocrx_word' id='word_1_358' title='bbox 310 1479 385 1502; x_wconf 91' lang='lat' dir='ltr'><strong>motu</strong></span> <span class='ocrx_word' id='word_1_359' title='bbox 398 1475 508 1503; x_wconf 87' lang='lat' dir='ltr'><strong>locutus</strong></span> <span class='ocrx_word' id='word_1_360' title='bbox 521 1479 574 1507; x_wconf 85' lang='lat' dir='ltr'><strong>est,</strong></span> <span class='ocrx_word' id='word_1_361' title='bbox 590 1475 727 1511; x_wconf 90' lang='lat' dir='ltr'><strong>quomodo</strong></span> <span class='ocrx_word' id='word_1_362' title='bbox 745 1484 799 1504; x_wconf 90' lang='lat' dir='ltr'><strong>non</strong></span> <span class='ocrx_word' id='word_1_363' title='bbox 824 1477 893 1504; x_wconf 86' lang='lat' dir='ltr'><strong>mala</strong></span> <span class='ocrx_word' id='word_1_364' title='bbox 907 1478 1018 1513; x_wconf 85' lang='lat' dir='ltr'><strong>opinio?</strong></span> <span class='ocrx_word' id='word_1_365' title='bbox 1034 1479 1091 1507; x_wconf 84' lang='lat' dir='ltr'><strong>sive</strong></span> 
     </span>
    </p>
   </div>
   <div class='ocr_carea' id='block_1_49' title="bbox 311 1518 1088 1558">
    <p class='ocr_par' dir='ltr' id='par_1_49' title="bbox 311 1518 1088 1558">
     <span class='ocr_line' id='line_1_49' title="bbox 311 1518 1088 1558; baseline 0.009 -13"><span class='ocrx_word' id='word_1_366' title='bbox 311 1518 402 1546; x_wconf 85' lang='lat' dir='ltr'><strong>divina</strong></span> <span class='ocrx_word' id='word_1_367' title='bbox 431 1520 531 1548; x_wconf 87' lang='lat' dir='ltr'><strong>virtute</strong></span> <span class='ocrx_word' id='word_1_368' title='bbox 559 1528 660 1557; x_wconf 89' lang='lat' dir='ltr'><strong>anceps</strong></span> <span class='ocrx_word' id='word_1_369' title='bbox 691 1521 856 1558; x_wconf 87' lang='lat' dir='ltr'><strong>dubiumque</strong></span> <span class='ocrx_word' id='word_1_370' title='bbox 886 1522 983 1558; x_wconf 72' lang='lat' dir='ltr'><strong>dogma</strong></span> <span class='ocrx_word' id='word_1_371' title='bbox 1013 1528 1056 1552; x_wconf 88' lang='lat' dir='ltr'><strong>est</strong></span> <span class='ocrx_word' id='word_1_372' title='bbox 1080 1533 1088 1552; x_wconf 88' lang='lat'><strong>:</strong></span> 
     </span>
    </p>
   </div>
   <div class='ocr_carea' id='block_1_50' title="bbox 310 1555 1124 1602">
    <p class='ocr_par' dir='ltr' id='par_1_50' title="bbox 310 1555 1124 1602">
     <span class='ocr_line' id='line_1_50' title="bbox 310 1555 1124 1602; baseline 0.007 -10"><span class='ocrx_word' id='word_1_373' title='bbox 310 1571 342 1592; x_wconf 86' lang='lat' dir='ltr'><strong>ea</strong></span> <span class='ocrx_word' id='word_1_374' title='bbox 358 1565 472 1599; x_wconf 87' lang='lat' dir='ltr'><strong>ratione,</strong></span> <span class='ocrx_word' id='word_1_375' title='bbox 484 1573 536 1602; x_wconf 86' lang='lat' dir='ltr'><strong>qua</strong></span> <span class='ocrx_word' id='word_1_376' title='bbox 552 1570 595 1594; x_wconf 87' lang='lat' dir='ltr'><strong>est</strong></span> <span class='ocrx_word' id='word_1_377' title='bbox 615 1555 638 1595; x_wconf 48' lang='lat' dir='ltr'><strong>a_</strong></span> <span class='ocrx_word' id='word_1_378' title='bbox 650 1568 740 1597; x_wconf 91' lang='lat' dir='ltr'><strong>divina</strong></span> <span class='ocrx_word' id='word_1_379' title='bbox 761 1569 870 1601; x_wconf 83' lang='lat' dir='ltr'><strong>virtute,</strong></span> <span class='ocrx_word' id='word_1_380' title='bbox 881 1569 1002 1597; x_wconf 83' lang='lat' dir='ltr'><strong>veritatis</strong></span> <span class='ocrx_word' id='word_1_381' title='bbox 1016 1577 1090 1597; x_wconf 87' lang='lat' dir='ltr'><strong>com-</strong></span> <span class='ocrx_word' id='word_1_382' title='bbox 1103 1555 1124 1583; x_wconf 60' lang='grc' dir='ltr'>α</span> 
     </span>
    </p>
   </div>
   <div class='ocr_carea' id='block_1_51' title="bbox 1148 931 1927 971">
    <p class='ocr_par' dir='ltr' id='par_1_51' title="bbox 1148 931 1927 971">
     <span class='ocr_line' id='line_1_51' title="bbox 1148 931 1927 971; baseline -0.006 -9"><span class='ocrx_word' id='word_1_383' title='bbox 1148 944 1233 971; x_wconf 87' lang='grc' dir='ltr'>μοστα</span> <span class='ocrx_word' id='word_1_384' title='bbox 1247 934 1426 970; x_wconf 84' lang='grc' dir='ltr'>μελῳδούσης,</span> <span class='ocrx_word' id='word_1_385' title='bbox 1439 935 1456 969; x_wconf 84' lang='grc' dir='ltr'><strong>ἡ</strong></span> <span class='ocrx_word' id='word_1_386' title='bbox 1472 933 1588 970; x_wconf 81' lang='grc' dir='ltr'>ἁρμονία</span> <span class='ocrx_word' id='word_1_387' title='bbox 1603 931 1715 959; x_wconf 75' lang='grc' dir='ltr'>ἐλθοῦσα</span> <span class='ocrx_word' id='word_1_388' title='bbox 1727 932 1758 958; x_wconf 82' lang='grc' dir='ltr'><strong>τδ</strong></span> <span class='ocrx_word' id='word_1_389' title='bbox 1774 932 1827 958; x_wconf 80' lang='grc' dir='ltr'><strong>πᾶν</strong></span> <span class='ocrx_word' id='word_1_390' title='bbox 1841 932 1927 967; x_wconf 82' lang='grc' dir='ltr'>ἡρμο-</span> 
     </span>
    </p>
   </div>
   <div class='ocr_carea' id='block_1_52' title="bbox 1147 976 1927 1017">
    <p class='ocr_par' dir='ltr' id='par_1_52' title="bbox 1147 976 1927 1017">
     <span class='ocr_line' id='line_1_52' title="bbox 1147 976 1927 1017; baseline -0.008 -9"><span class='ocrx_word' id='word_1_391' title='bbox 1147 981 1244 1017; x_wconf 79' lang='grc' dir='ltr'>σμένον</span> <span class='ocrx_word' id='word_1_392' title='bbox 1262 979 1466 1016; x_wconf 84' lang='grc' dir='ltr'>ἀπειργάσατο·</span> <span class='ocrx_word' id='word_1_393' title='bbox 1487 979 1559 1006; x_wconf 80' lang='grc' dir='ltr'>οὕτω</span> <span class='ocrx_word' id='word_1_394' title='bbox 1574 978 1606 1014; x_wconf 76' lang='grc' dir='ltr'>δὴ</span> <span class='ocrx_word' id='word_1_395' title='bbox 1627 977 1768 1013; x_wconf 83' lang='grc' dir='ltr'>μιχθεῖσαν</span> <span class='ocrx_word' id='word_1_396' title='bbox 1788 976 1837 1013; x_wconf 82' lang='grc' dir='ltr'>τὴν</span> <span class='ocrx_word' id='word_1_397' title='bbox 1852 976 1927 1006; x_wconf 75' lang='grc' dir='ltr'>θείαν</span> 
     </span>
    </p>
   </div>
   <div class='ocr_carea' id='block_1_53' title="bbox 1145 1022 1926 1062">
    <p class='ocr_par' dir='ltr' id='par_1_53' title="bbox 1145 1022 1926 1062">
     <span class='ocr_line' id='line_1_53' title="bbox 1145 1022 1926 1062; baseline -0.008 -8"><span class='ocrx_word' id='word_1_398' title='bbox 1145 1026 1257 1062; x_wconf 88' lang='grc' dir='ltr'>δύναμιν</span> <span class='ocrx_word' id='word_1_399' title='bbox 1270 1028 1303 1062; x_wconf 83' lang='grc' dir='ltr'>τῇ</span> <span class='ocrx_word' id='word_1_400' title='bbox 1320 1026 1431 1061; x_wconf 82' lang='grc' dir='ltr'>ἀτάκτῳ</span> <span class='ocrx_word' id='word_1_401' title='bbox 1458 1026 1574 1061; x_wconf 82' lang='grc' dir='ltr'>κινήσει,</span> <span class='ocrx_word' id='word_1_402' title='bbox 1592 1024 1660 1059; x_wconf 80' lang='grc' dir='ltr'>ὅπερ</span> <span class='ocrx_word' id='word_1_403' title='bbox 1674 1024 1732 1050; x_wconf 70' lang='grc' dir='ltr'>ἐστὶ</span> <span class='ocrx_word' id='word_1_404' title='bbox 1745 1023 1805 1049; x_wconf 86' lang='grc' dir='ltr'>κατ’</span> <span class='ocrx_word' id='word_1_405' title='bbox 1827 1022 1926 1055; x_wconf 77' lang='grc' dir='ltr'>αὐτοὺς</span> 
     </span>
    </p>
   </div>
   <div class='ocr_carea' id='block_1_54' title="bbox 1144 1068 1925 1108">
    <p class='ocr_par' dir='ltr' id='par_1_54' title="bbox 1144 1068 1925 1108">
     <span class='ocr_line' id='line_1_54' title="bbox 1144 1068 1925 1108; baseline -0.006 -9"><span class='ocrx_word' id='word_1_406' title='bbox 1144 1073 1160 1108; x_wconf 87' lang='grc' dir='ltr'><strong>ὴ</strong></span> <span class='ocrx_word' id='word_1_407' title='bbox 1179 1072 1239 1108; x_wconf 77' lang='grc' dir='ltr'>ὕλη,</span> <span class='ocrx_word' id='word_1_408' title='bbox 1260 1072 1319 1099; x_wconf 80' lang='grc' dir='ltr'>ἀντὶ</span> <span class='ocrx_word' id='word_1_409' title='bbox 1332 1072 1381 1107; x_wconf 85' lang='grc' dir='ltr'><strong>τῆς</strong></span> <span class='ocrx_word' id='word_1_410' title='bbox 1397 1071 1510 1106; x_wconf 73' lang='grc' dir='ltr'>ἐνούσης</span> <span class='ocrx_word' id='word_1_411' title='bbox 1523 1069 1656 1105; x_wconf 83' lang='grc' dir='ltr'>ἀκοσμίας</span> <span class='ocrx_word' id='word_1_412' title='bbox 1672 1069 1773 1104; x_wconf 87' lang='grc' dir='ltr'>κόσμον</span> <span class='ocrx_word' id='word_1_413' title='bbox 1786 1068 1846 1095; x_wconf 80' lang='grc' dir='ltr'>τινὰ</span> <span class='ocrx_word' id='word_1_414' title='bbox 1855 1068 1925 1103; x_wconf 59' lang='grc' dir='ltr'>αὐτῇ</span> 
     </span>
    </p>
   </div>
   <div class='ocr_carea' id='block_1_55' title="bbox 1144 1113 1925 1150">
    <p class='ocr_par' dir='ltr' id='par_1_55' title="bbox 1144 1113 1925 1150">
     <span class='ocr_line' id='line_1_55' title="bbox 1144 1113 1925 1150; baseline -0.008 -5"><span class='ocrx_word' id='word_1_415' title='bbox 1144 1118 1340 1145; x_wconf 74' lang='grc' dir='ltr'>ἑπιτεθεικέναι</span> <span class='ocrx_word' id='word_1_416' title='bbox 1355 1117 1402 1144; x_wconf 74' lang='grc' dir='ltr'>καὶ</span> <span class='ocrx_word' id='word_1_417' title='bbox 1409 1117 1452 1144; x_wconf 73' lang='grc' dir='ltr'><strong>ἀεὶ</strong></span> <span class='ocrx_word' id='word_1_418' title='bbox 1468 1116 1600 1143; x_wconf 71' lang='grc' dir='ltr'>ἐπιθεῖναι</span> <span class='ocrx_word' id='word_1_419' title='bbox 1614 1114 1661 1142; x_wconf 78' lang='grc' dir='ltr'><strong>τοῦ</strong></span> <span class='ocrx_word' id='word_1_420' title='bbox 1672 1114 1742 1142; x_wconf 81' lang='grc' dir='ltr'>θείου</span> <span class='ocrx_word' id='word_1_421' title='bbox 1755 1114 1849 1150; x_wconf 76' lang='grc' dir='ltr'>χρόνου</span> <span class='ocrx_word' id='word_1_422' title='bbox 1857 1113 1925 1140; x_wconf 73' lang='grc' dir='ltr'><strong>ἑπά-</strong></span> 
     </span>
    </p>
   </div>
   <div class='ocr_carea' id='block_1_56' title="bbox 1145 1157 1925 1196">
    <p class='ocr_par' dir='ltr' id='par_1_56' title="bbox 1145 1157 1925 1196">
     <span class='ocr_line' id='line_1_56' title="bbox 1145 1157 1925 1196; baseline -0.008 -6"><span class='ocrx_word' id='word_1_423' title='bbox 1145 1162 1208 1196; x_wconf 80' lang='grc' dir='ltr'>ξιον.</span> <span class='ocrx_word' id='word_1_424' title='bbox 1227 1163 1303 1190; x_wconf 74' lang='grc' dir='ltr'>Ἐπεὶ</span> <span class='ocrx_word' id='word_1_425' title='bbox 1315 1163 1373 1195; x_wconf 82' lang='grc' dir='ltr'>πῶς</span> <span class='ocrx_word' id='word_1_426' title='bbox 1387 1171 1452 1189; x_wconf 86' lang='grc' dir='ltr'>ποτε</span> <span class='ocrx_word' id='word_1_427' title='bbox 1463 1162 1544 1194; x_wconf 76' lang='grc' dir='ltr'>αὐτὸς</span> <span class='ocrx_word' id='word_1_428' title='bbox 1556 1162 1570 1188; x_wconf 88' lang='grc' dir='ltr'>ὁ</span> <span class='ocrx_word' id='word_1_429' title='bbox 1586 1161 1734 1195; x_wconf 86' lang='grc' dir='ltr'>Μανιχαῖος</span> <span class='ocrx_word' id='word_1_430' title='bbox 1745 1159 1809 1195; x_wconf 76' lang='grc' dir='ltr'>περὶ</span> <span class='ocrx_word' id='word_1_431' title='bbox 1824 1157 1925 1185; x_wconf 79' lang='grc' dir='ltr'>τούτων</span> 
     </span>
    </p>
   </div>
   <div class='ocr_carea' id='block_1_57' title="bbox 1144 1202 1925 1241">
    <p class='ocr_par' dir='ltr' id='par_1_57' title="bbox 1144 1202 1925 1241">
     <span class='ocr_line' id='line_1_57' title="bbox 1144 1202 1925 1241; baseline -0.005 -7"><span class='ocrx_word' id='word_1_432' title='bbox 1144 1207 1252 1241; x_wconf 76' lang='grc' dir='ltr'>ἐγένετο</span> <span class='ocrx_word' id='word_1_433' title='bbox 1272 1206 1363 1238; x_wconf 81' lang='grc' dir='ltr'>ίκανδς</span> <span class='ocrx_word' id='word_1_434' title='bbox 1377 1206 1523 1238; x_wconf 77' lang='grc' dir='ltr'>διαλαϐεῖν,</span> <span class='ocrx_word' id='word_1_435' title='bbox 1546 1205 1593 1233; x_wconf 75' lang='grc' dir='ltr'>καὶ</span> <span class='ocrx_word' id='word_1_436' title='bbox 1608 1205 1637 1232; x_wconf 79' lang='grc' dir='ltr'><strong>τὸ</strong></span> <span class='ocrx_word' id='word_1_437' title='bbox 1655 1204 1719 1231; x_wconf 73' lang='grc' dir='ltr'>πότε</span> <span class='ocrx_word' id='word_1_438' title='bbox 1733 1203 1803 1231; x_wconf 80' lang='grc' dir='ltr'>αὐτὰ</span> <span class='ocrx_word' id='word_1_439' title='bbox 1818 1202 1925 1239; x_wconf 77' lang='grc' dir='ltr'>ἀφηγή-</span> 
     </span>
    </p>
   </div>
   <div class='ocr_carea' id='block_1_58' title="bbox 1144 1247 1925 1288">
    <p class='ocr_par' dir='ltr' id='par_1_58' title="bbox 1144 1247 1925 1288">
     <span class='ocr_line' id='line_1_58' title="bbox 1144 1247 1925 1288; baseline -0.005 -10"><span class='ocrx_word' id='word_1_440' title='bbox 1144 1260 1223 1284; x_wconf 85' lang='grc' dir='ltr'>σατο;</span> <span class='ocrx_word' id='word_1_441' title='bbox 1237 1251 1274 1283; x_wconf 85' lang='grc' dir='ltr'><strong>ὡς</strong></span> <span class='ocrx_word' id='word_1_442' title='bbox 1287 1252 1339 1288; x_wconf 90' lang='grc' dir='ltr'><strong>γὰρ</strong></span> <span class='ocrx_word' id='word_1_443' title='bbox 1356 1252 1445 1287; x_wconf 87' lang='grc' dir='ltr'>μίγμα</span> <span class='ocrx_word' id='word_1_444' title='bbox 1460 1251 1556 1286; x_wconf 84' lang='grc' dir='ltr'>γέγονε</span> <span class='ocrx_word' id='word_1_445' title='bbox 1569 1251 1616 1278; x_wconf 76' lang='grc' dir='ltr'>καὶ</span> <span class='ocrx_word' id='word_1_446' title='bbox 1630 1250 1713 1282; x_wconf 80' lang='grc' dir='ltr'>αὐτὸς</span> <span class='ocrx_word' id='word_1_447' title='bbox 1726 1249 1778 1284; x_wconf 84' lang='grc' dir='ltr'>τῆς</span> <span class='ocrx_word' id='word_1_448' title='bbox 1789 1248 1866 1284; x_wconf 78' lang='grc' dir='ltr'>ὕλης,</span> <span class='ocrx_word' id='word_1_449' title='bbox 1878 1247 1925 1275; x_wconf 78' lang='grc' dir='ltr'>καὶ</span> 
     </span>
    </p>
   </div>
   <div class='ocr_carea' id='block_1_59' title="bbox 1142 1293 1922 1333">
    <p class='ocr_par' dir='ltr' id='par_1_59' title="bbox 1142 1293 1922 1333">
     <span class='ocr_line' id='line_1_59' title="bbox 1142 1293 1922 1333; baseline -0.005 -9"><span class='ocrx_word' id='word_1_450' title='bbox 1142 1298 1192 1333; x_wconf 85' lang='grc' dir='ltr'>τῆς</span> <span class='ocrx_word' id='word_1_451' title='bbox 1213 1297 1442 1333; x_wconf 77' lang='grc' dir='ltr'>ὲναποληφθείσης</span> <span class='ocrx_word' id='word_1_452' title='bbox 1463 1297 1531 1332; x_wconf 83' lang='grc' dir='ltr'>αὐτῇ</span> <span class='ocrx_word' id='word_1_453' title='bbox 1555 1296 1704 1332; x_wconf 81' lang='grc' dir='ltr'>δυνάμεως,</span> <span class='ocrx_word' id='word_1_454' title='bbox 1726 1293 1922 1330; x_wconf 82' lang='grc' dir='ltr'>συγχωροῦσιν.</span> 
     </span>
    </p>
   </div>
   <div class='ocr_carea' id='block_1_60' title="bbox 1141 1335 1922 1377">
    <p class='ocr_par' dir='ltr' id='par_1_60' title="bbox 1141 1335 1922 1377">
     <span class='ocr_line' id='line_1_60' title="bbox 1141 1335 1922 1377; baseline -0.005 -8"><span class='ocrx_word' id='word_1_455' title='bbox 1141 1342 1204 1369; x_wconf 67' lang='lat' dir='ltr'><strong>Elis</strong></span> <span class='ocrx_word' id='word_1_456' title='bbox 1217 1340 1273 1374; x_wconf 85' lang='grc' dir='ltr'>οὖν,</span> <span class='ocrx_word' id='word_1_457' title='bbox 1290 1342 1327 1374; x_wconf 84' lang='grc' dir='ltr'>ὡς</span> <span class='ocrx_word' id='word_1_458' title='bbox 1342 1339 1410 1376; x_wconf 76' lang='grc' dir='ltr'>εἶχε,</span> <span class='ocrx_word' id='word_1_459' title='bbox 1433 1342 1467 1377; x_wconf 83' lang='grc' dir='ltr'>τῇ</span> <span class='ocrx_word' id='word_1_460' title='bbox 1489 1341 1597 1376; x_wconf 81' lang='grc' dir='ltr'><strong>ἀτάκτῳ</strong></span> <span class='ocrx_word' id='word_1_461' title='bbox 1614 1341 1718 1376; x_wconf 79' lang='grc' dir='ltr'>κινήσει</span> <span class='ocrx_word' id='word_1_462' title='bbox 1733 1335 1819 1367; x_wconf 67' lang='grc' dir='ltr'>ταῦτα</span> <span class='ocrx_word' id='word_1_463' title='bbox 1834 1339 1922 1373; x_wconf 77' lang='grc' dir='ltr'>ἔλεγε,</span> 
     </span>
    </p>
   </div>
   <div class='ocr_carea' id='block_1_61' title="bbox 1141 1384 1923 1423">
    <p class='ocr_par' dir='ltr' id='par_1_61' title="bbox 1141 1384 1923 1423">
     <span class='ocr_line' id='line_1_61' title="bbox 1141 1384 1923 1423; baseline -0.004 -9"><span class='ocrx_word' id='word_1_464' title='bbox 1141 1387 1200 1420; x_wconf 77' lang='grc' dir='ltr'>πῶς</span> <span class='ocrx_word' id='word_1_465' title='bbox 1212 1387 1243 1414; x_wconf 78' lang='grc' dir='ltr'>οὐ</span> <span class='ocrx_word' id='word_1_466' title='bbox 1260 1387 1347 1423; x_wconf 85' lang='grc' dir='ltr'>φαύλη</span> <span class='ocrx_word' id='word_1_467' title='bbox 1360 1388 1376 1422; x_wconf 87' lang='grc' dir='ltr'><strong>ἡ</strong></span> <span class='ocrx_word' id='word_1_468' title='bbox 1388 1387 1464 1419; x_wconf 72' lang='grc' dir='ltr'>δόξας</span> <span class='ocrx_word' id='word_1_469' title='bbox 1477 1386 1531 1413; x_wconf 83' lang='grc' dir='ltr'>εἴτε</span> <span class='ocrx_word' id='word_1_470' title='bbox 1540 1387 1573 1422; x_wconf 83' lang='grc' dir='ltr'><strong>τῇ</strong></span> <span class='ocrx_word' id='word_1_471' title='bbox 1588 1386 1647 1422; x_wconf 77' lang='grc' dir='ltr'>θείᾳ</span> <span class='ocrx_word' id='word_1_472' title='bbox 1657 1385 1769 1421; x_wconf 81' lang='grc' dir='ltr'>δυνάμει</span> <span class='ocrx_word' id='word_1_473' title='bbox 1778 1384 1923 1421; x_wconf 77' lang='grc' dir='ltr'>ἀμφίδοξον</span> 
     </span>
    </p>
   </div>
   <div class='ocr_carea' id='block_1_62' title="bbox 1141 1428 1922 1470">
    <p class='ocr_par' dir='ltr' id='par_1_62' title="bbox 1141 1428 1922 1470">
     <span class='ocr_line' id='line_1_62' title="bbox 1141 1428 1922 1470; baseline -0.005 -9"><span class='ocrx_word' id='word_1_474' title='bbox 1141 1434 1191 1470; x_wconf 72' lang='grc' dir='ltr'>ἤδη</span> <span class='ocrx_word' id='word_1_475' title='bbox 1203 1434 1234 1461; x_wconf 80' lang='grc' dir='ltr'><strong>τδ</strong></span> <span class='ocrx_word' id='word_1_476' title='bbox 1248 1434 1335 1470; x_wconf 83' lang='grc' dir='ltr'>δόγμα</span> <span class='ocrx_word' id='word_1_477' title='bbox 1345 1443 1352 1450; x_wconf 73' lang='grc' dir='ltr'><strong><em>ν</em></strong></span> <span class='ocrx_word' id='word_1_478' title='bbox 1369 1433 1408 1469; x_wconf 81' lang='grc' dir='ltr'>τῷ</span> <span class='ocrx_word' id='word_1_479' title='bbox 1423 1433 1473 1469; x_wconf 77' lang='grc' dir='ltr'>μὲν</span> <span class='ocrx_word' id='word_1_480' title='bbox 1483 1432 1537 1459; x_wconf 76' lang='grc' dir='ltr'>ἀπὸ</span> <span class='ocrx_word' id='word_1_481' title='bbox 1554 1432 1602 1468; x_wconf 84' lang='grc' dir='ltr'>τῆς</span> <span class='ocrx_word' id='word_1_482' title='bbox 1616 1431 1690 1463; x_wconf 85' lang='grc' dir='ltr'>θείας</span> <span class='ocrx_word' id='word_1_483' title='bbox 1705 1431 1843 1467; x_wconf 71' lang='grc' dir='ltr'>δυνάμεως</span> <span class='ocrx_word' id='word_1_484' title='bbox 1852 1428 1922 1458; x_wconf 77' lang='grc' dir='ltr'>εἶναι</span> 
     </span>
    </p>
   </div>
   <div class='ocr_carea' id='block_1_63' title="bbox 1142 1477 1922 1517">
    <p class='ocr_par' dir='ltr' id='par_1_63' title="bbox 1142 1477 1922 1517">
     <span class='ocr_line' id='line_1_63' title="bbox 1142 1477 1922 1517; baseline -0.006 -10"><span class='ocrx_word' id='word_1_485' title='bbox 1142 1480 1253 1516; x_wconf 73' lang='grc' dir='ltr'>μέτοχον</span> <span class='ocrx_word' id='word_1_486' title='bbox 1267 1479 1407 1517; x_wconf 81' lang='grc' dir='ltr'>ἀληθείας’</span> <span class='ocrx_word' id='word_1_487' title='bbox 1424 1479 1463 1514; x_wconf 80' lang='grc' dir='ltr'>τῷ</span> <span class='ocrx_word' id='word_1_488' title='bbox 1483 1479 1511 1506; x_wconf 81' lang='grc' dir='ltr'>δὲ</span> <span class='ocrx_word' id='word_1_489' title='bbox 1526 1478 1580 1505; x_wconf 79' lang='grc' dir='ltr'>ἀπὸ</span> <span class='ocrx_word' id='word_1_490' title='bbox 1597 1478 1646 1513; x_wconf 84' lang='grc' dir='ltr'>τῆς</span> <span class='ocrx_word' id='word_1_491' title='bbox 1663 1477 1778 1504; x_wconf 83' lang='grc' dir='ltr'>ἀτάκτου</span> <span class='ocrx_word' id='word_1_492' title='bbox 1792 1477 1922 1512; x_wconf 72' lang='grc' dir='ltr'>κινήσεως</span> 
     </span>
    </p>
   </div>
   <div class='ocr_carea' id='block_1_64' title="bbox 1139 1522 1922 1563">
    <p class='ocr_par' dir='ltr' id='par_1_64' title="bbox 1139 1522 1922 1563">
     <span class='ocr_line' id='line_1_64' title="bbox 1139 1522 1922 1563; baseline -0.005 -11"><span class='ocrx_word' id='word_1_493' title='bbox 1139 1526 1186 1554; x_wconf 84' lang='grc' dir='ltr'>τοῦ</span> <span class='ocrx_word' id='word_1_494' title='bbox 1210 1525 1303 1563; x_wconf 78' lang='grc' dir='ltr'>ἐτέρου</span> <span class='ocrx_word' id='word_1_495' title='bbox 1329 1525 1427 1562; x_wconf 80' lang='grc' dir='ltr'>μέρους</span> <span class='ocrx_word' id='word_1_496' title='bbox 1455 1524 1590 1561; x_wconf 80' lang='grc' dir='ltr'>μετέχειν,</span> <span class='ocrx_word' id='word_1_497' title='bbox 1608 1522 1802 1559; x_wconf 80' lang='grc' dir='ltr'>μεθιστάμενον</span> <span class='ocrx_word' id='word_1_498' title='bbox 1826 1523 1866 1554; x_wconf 84' lang='grc' dir='ltr'><strong>είς</strong></span> <span class='ocrx_word' id='word_1_499' title='bbox 1890 1522 1922 1549; x_wconf 77' lang='grc' dir='ltr'><strong>τὺ</strong></span> 
     </span>
    </p>
   </div>
   <div class='ocr_carea' id='block_1_65' title="bbox 1138 1572 1244 1607">
    <p class='ocr_par' dir='ltr' id='par_1_65' title="bbox 1138 1572 1244 1607">
     <span class='ocr_line' id='line_1_65' title="bbox 1138 1572 1244 1607; baseline 0.019 -9"><span class='ocrx_word' id='word_1_500' title='bbox 1138 1572 1244 1607; x_wconf 81' lang='grc' dir='ltr'>ψεῦδος.</span> 
     </span>
    </p>
   </div>
   <div class='ocr_carea' id='block_1_66' title="bbox 310 1611 1919 1654">
    <p class='ocr_par' dir='ltr' id='par_1_66' title="bbox 310 1611 1919 1654">
     <span class='ocr_line' id='line_1_66' title="bbox 310 1611 1919 1654; baseline 0.004 -17"><span class='ocrx_word' id='word_1_501' title='bbox 310 1611 412 1638; x_wconf 90' lang='lat' dir='ltr'><strong>mercio</strong></span> <span class='ocrx_word' id='word_1_502' title='bbox 439 1612 574 1648; x_wconf 79' lang='lat' dir='ltr'><strong>gaudens;</strong></span> <span class='ocrx_word' id='word_1_503' title='bbox 603 1621 656 1649; x_wconf 92' lang='lat' dir='ltr'><strong>qua</strong></span> <span class='ocrx_word' id='word_1_504' title='bbox 679 1623 743 1644; x_wconf 88' lang='lat' dir='ltr'><strong>vero</strong></span> <span class='ocrx_word' id='word_1_505' title='bbox 764 1615 798 1643; x_wconf 90' lang='lat' dir='ltr'><strong>ab</strong></span> <span class='ocrx_word' id='word_1_506' title='bbox 812 1615 966 1643; x_wconf 89' lang='lat' dir='ltr'><strong>inordinato</strong></span> <span class='ocrx_word' id='word_1_507' title='bbox 990 1620 1081 1649; x_wconf 86' lang='lat' dir='ltr'><strong>motu,</strong></span> <span class='ocrx_word' id='word_1_508' title='bbox 1097 1617 1208 1647; x_wconf 80' lang='lat' dir='ltr'><strong>alterius</strong></span> <span class='ocrx_word' id='word_1_509' title='bbox 1243 1619 1328 1654; x_wconf 87' lang='lat' dir='ltr'><strong>partis</strong></span> <span class='ocrx_word' id='word_1_510' title='bbox 1350 1617 1514 1647; x_wconf 88' lang='lat' dir='ltr'><strong>commercio</strong></span> <span class='ocrx_word' id='word_1_511' title='bbox 1540 1617 1575 1646; x_wconf 87' lang='lat' dir='ltr'><strong>ad</strong></span> <span class='ocrx_word' id='word_1_512' title='bbox 1595 1615 1765 1645; x_wconf 86' lang='lat' dir='ltr'><strong>mendacium</strong></span> <span class='ocrx_word' id='word_1_513' title='bbox 1789 1621 1919 1651; x_wconf 74' lang='lat' dir='ltr'><strong>vergens,</strong></span> 
     </span>
    </p>
   </div>
   <div class='ocr_carea' id='block_1_67' title="bbox 309 1655 531 1692">
    <p class='ocr_par' dir='ltr' id='par_1_67' title="bbox 309 1655 531 1692">
     <span class='ocr_line' id='line_1_67' title="bbox 309 1655 531 1692; baseline 0.018 -9"><span class='ocrx_word' id='word_1_514' title='bbox 309 1655 402 1692; x_wconf 88' lang='lat' dir='ltr'><strong>illique</strong></span> <span class='ocrx_word' id='word_1_515' title='bbox 417 1657 531 1687; x_wconf 75' lang='lat' dir='ltr'><strong>haerens.</strong></span> 
     </span>
    </p>
   </div>
   <div class='ocr_carea' id='block_1_68' title="bbox 308 1703 1921 1753">
    <p class='ocr_par' dir='ltr' id='par_1_68' title="bbox 308 1703 1921 1753">
     <span class='ocr_line' id='line_1_68' title="bbox 308 1703 1921 1753; baseline 0.004 -14"><span class='ocrx_word' id='word_1_516' title='bbox 308 1712 373 1740; x_wconf 71' lang='lat' dir='ltr'><strong>Car.</strong></span> <span class='ocrx_word' id='word_1_517' title='bbox 385 1712 456 1742; x_wconf 82' lang='lat' dir='ltr'><strong>XIX.</strong></span> <span class='ocrx_word' id='word_1_518' title='bbox 476 1703 571 1743; x_wconf 64' lang='grc' dir='ltr'><strong>ᾎιιενα</strong></span> <span class='ocrx_word' id='word_1_519' title='bbox 585 1715 728 1744; x_wconf 69' lang='lat' dir='ltr'><strong>Manichwi</strong></span> <span class='ocrx_word' id='word_1_520' title='bbox 744 1717 846 1750; x_wconf 69' lang='lat' dir='ltr'><strong>Virtus,</strong></span> <span class='ocrx_word' id='word_1_521' title='bbox 857 1717 990 1752; x_wconf 76' lang='lat' dir='ltr'><strong>prioribus</strong></span> <span class='ocrx_word' id='word_1_522' title='bbox 1005 1719 1128 1753; x_wconf 76' lang='lat' dir='ltr'><strong>novisque</strong></span> <span class='ocrx_word' id='word_1_523' title='bbox 1155 1716 1278 1744; x_wconf 76' lang='lat' dir='ltr'><strong>absurdis</strong></span> <span class='ocrx_word' id='word_1_524' title='bbox 1294 1716 1385 1751; x_wconf 80' lang='lat' dir='ltr'><strong>petita.</strong></span> <span class='ocrx_word' id='word_1_525' title='bbox 1411 1716 1500 1753; x_wconf 62' lang='lat' dir='ltr'><strong>Virtus</strong></span> <span class='ocrx_word' id='word_1_526' title='bbox 1515 1716 1632 1751; x_wconf 73' lang='lat' dir='ltr'><strong>efﬁcient</strong></span> <span class='ocrx_word' id='word_1_527' title='bbox 1647 1720 1674 1744; x_wconf 79' lang='lat' dir='ltr'><strong>et</strong></span> <span class='ocrx_word' id='word_1_528' title='bbox 1689 1715 1818 1750; x_wconf 76' lang='lat' dir='ltr'><strong>patibilis,</strong></span> <span class='ocrx_word' id='word_1_529' title='bbox 1833 1716 1921 1752; x_wconf 71' lang='lat' dir='ltr'><strong>opifez</strong></span> 
     </span>
    </p>
   </div>
   <div class='ocr_carea' id='block_1_69' title="bbox 635 1751 1594 1799">
    <p class='ocr_par' dir='ltr' id='par_1_69' title="bbox 635 1751 1594 1788">
     <span class='ocr_line' id='line_1_69' title="bbox 635 1751 1594 1788; baseline 0 -10"><span class='ocrx_word' id='word_1_530' title='bbox 635 1757 660 1778; x_wconf 85' lang='lat' dir='ltr'><strong>et</strong></span> <span class='ocrx_word' id='word_1_531' title='bbox 677 1753 793 1779; x_wconf 77' lang='lat' dir='ltr'><strong>materia:</strong></span> <span class='ocrx_word' id='word_1_532' title='bbox 809 1757 940 1780; x_wconf 75' lang='lat' dir='ltr'><strong>canerem.</strong></span> <span class='ocrx_word' id='word_1_533' title='bbox 956 1753 1074 1788; x_wconf 81' lang='lat' dir='ltr'><strong>Corpora</strong></span> <span class='ocrx_word' id='word_1_534' title='bbox 1084 1751 1237 1780; x_wconf 51' lang='lat' dir='ltr'><strong>&#39;Manichwo</strong></span> <span class='ocrx_word' id='word_1_535' title='bbox 1256 1753 1340 1779; x_wconf 83' lang='lat' dir='ltr'><strong>tribus</strong></span> <span class='ocrx_word' id='word_1_536' title='bbox 1351 1751 1470 1786; x_wconf 75' lang='lat' dir='ltr'><strong>partibus</strong></span> <span class='ocrx_word' id='word_1_537' title='bbox 1482 1751 1594 1784; x_wconf 68' lang='lat' dir='ltr'><strong>digesta.</strong></span> 
     </span>
    </p>
   </div>
   <div class='ocr_carea' id='block_1_70' title="bbox 343 1805 1085 1839">
    <p class='ocr_par' dir='ltr' id='par_1_70' title="bbox 343 1805 1085 1839">
     <span class='ocr_line' id='line_1_70' title="bbox 343 1805 1085 1839; baseline 0.005 -6"><span class='ocrx_word' id='word_1_538' title='bbox 343 1805 422 1839; x_wconf 85' lang='lat' dir='ltr'><strong>Quod</strong></span> <span class='ocrx_word' id='word_1_539' title='bbox 434 1806 458 1835; x_wconf 89' lang='lat' dir='ltr'><strong>si</strong></span> <span class='ocrx_word' id='word_1_540' title='bbox 478 1806 580 1837; x_wconf 82' lang='lat' dir='ltr'><strong>dictum</strong></span> <span class='ocrx_word' id='word_1_541' title='bbox 594 1811 682 1839; x_wconf 89' lang='lat' dir='ltr'><strong>esset,</strong></span> <span class='ocrx_word' id='word_1_542' title='bbox 697 1807 815 1836; x_wconf 86' lang='lat' dir='ltr'><strong>divinam</strong></span> <span class='ocrx_word' id='word_1_543' title='bbox 831 1808 957 1837; x_wconf 73' lang='lat' dir='ltr'><strong>virtutem</strong></span> <span class='ocrx_word' id='word_1_544' title='bbox 973 1816 1085 1838; x_wconf 88' lang='lat' dir='ltr'><strong>ornasse</strong></span> 
     </span>
    </p>
   </div>
   <div class='ocr_carea' id='block_1_71' title="bbox 308 1853 1086 1888">
    <p class='ocr_par' dir='ltr' id='par_1_71' title="bbox 308 1853 1086 1888">
     <span class='ocr_line' id='line_1_71' title="bbox 308 1853 1086 1888; baseline 0.004 -10"><span class='ocrx_word' id='word_1_545' title='bbox 308 1853 451 1879; x_wconf 87' lang='lat' dir='ltr'><strong>materiam</strong></span> <span class='ocrx_word' id='word_1_546' title='bbox 466 1856 547 1886; x_wconf 85' lang='lat' dir='ltr'><strong>atque</strong></span> <span class='ocrx_word' id='word_1_547' title='bbox 557 1857 671 1884; x_wconf 72' lang='lat' dir='ltr'><strong>ornare;</strong></span> <span class='ocrx_word' id='word_1_548' title='bbox 680 1853 758 1888; x_wconf 82' lang='lat' dir='ltr'><strong>longe</strong></span> <span class='ocrx_word' id='word_1_549' title='bbox 780 1855 927 1888; x_wconf 86' lang='lat' dir='ltr'><strong>sapientius</strong></span> <span class='ocrx_word' id='word_1_550' title='bbox 952 1859 1043 1888; x_wconf 88' lang='lat' dir='ltr'><strong>esset,</strong></span> <span class='ocrx_word' id='word_1_551' title='bbox 1057 1859 1086 1883; x_wconf 87' lang='lat' dir='ltr'><strong>et</strong></span> 
     </span>
    </p>
   </div>
   <div class='ocr_carea' id='block_1_72' title="bbox 308 1895 1086 1928">
    <p class='ocr_par' dir='ltr' id='par_1_72' title="bbox 308 1895 1086 1928">
     <span class='ocr_line' id='line_1_72' title="bbox 308 1895 1086 1928; baseline 0.009 -6"><span class='ocrx_word' id='word_1_552' title='bbox 308 1895 342 1922; x_wconf 89' lang='lat' dir='ltr'><strong>ad</strong></span> <span class='ocrx_word' id='word_1_553' title='bbox 357 1895 437 1923; x_wconf 81' lang='lat' dir='ltr'><strong>ﬁdem</strong></span> <span class='ocrx_word' id='word_1_554' title='bbox 458 1896 598 1925; x_wconf 72' lang='lat' dir='ltr'><strong>Manichaei</strong></span> <span class='ocrx_word' id='word_1_555' title='bbox 619 1897 747 1925; x_wconf 64' lang='lat' dir='ltr'><strong>doctrina:</strong></span> <span class='ocrx_word' id='word_1_556' title='bbox 761 1906 792 1926; x_wconf 87' lang='lat' dir='ltr'><strong>ac</strong></span> <span class='ocrx_word' id='word_1_557' title='bbox 807 1900 976 1928; x_wconf 85' lang='lat' dir='ltr'><strong>sermonibus</strong></span> <span class='ocrx_word' id='word_1_558' title='bbox 994 1901 1086 1928; x_wconf 86' lang='lat' dir='ltr'><strong>conci-</strong></span> 
     </span>
    </p>
   </div>
   <div class='ocr_carea' id='block_1_73' title="bbox 307 1941 1085 1974">
    <p class='ocr_par' dir='ltr' id='par_1_73' title="bbox 307 1941 1085 1974">
     <span class='ocr_line' id='line_1_73' title="bbox 307 1941 1085 1974; baseline 0.005 -5"><span class='ocrx_word' id='word_1_559' title='bbox 307 1941 428 1970; x_wconf 87' lang='lat' dir='ltr'><strong>liandum</strong></span> <span class='ocrx_word' id='word_1_560' title='bbox 440 1943 646 1971; x_wconf 75' lang='lat' dir='ltr'><strong>conducibilius.</strong></span> <span class='ocrx_word' id='word_1_561' title='bbox 672 1943 909 1973; x_wconf 79' lang='lat' dir='ltr'><strong>Verumenimvero</strong></span> <span class='ocrx_word' id='word_1_562' title='bbox 923 1946 1002 1973; x_wconf 90' lang='lat' dir='ltr'><strong>aliam</strong></span> <span class='ocrx_word' id='word_1_563' title='bbox 1015 1945 1085 1974; x_wconf 84' lang='lat' dir='ltr'><strong>Deus</strong></span> 
     </span>
    </p>
   </div>
   <div class='ocr_carea' id='block_1_74' title="bbox 306 1988 1085 2026">
    <p class='ocr_par' dir='ltr' id='par_1_74' title="bbox 306 1988 1085 2026">
     <span class='ocr_line' id='line_1_74' title="bbox 306 1988 1085 2026; baseline 0.005 -12"><span class='ocrx_word' id='word_1_564' title='bbox 306 1995 322 2014; x_wconf 89' lang='lat' dir='ltr'><strong>e</strong></span> <span class='ocrx_word' id='word_1_565' title='bbox 338 1988 462 2023; x_wconf 84' lang='lat' dir='ltr'><strong>supernis</strong></span> <span class='ocrx_word' id='word_1_566' title='bbox 477 1989 551 2016; x_wconf 85' lang='lat' dir='ltr'><strong>misit</strong></span> <span class='ocrx_word' id='word_1_567' title='bbox 566 1989 705 2017; x_wconf 85' lang='lat' dir='ltr'><strong>virtutem.</strong></span> <span class='ocrx_word' id='word_1_568' title='bbox 722 1989 792 2018; x_wconf 87' lang='lat' dir='ltr'><strong>Sane</strong></span> <span class='ocrx_word' id='word_1_569' title='bbox 805 1990 913 2025; x_wconf 88' lang='lat' dir='ltr'><strong>quidem</strong></span> <span class='ocrx_word' id='word_1_570' title='bbox 933 1999 992 2026; x_wconf 71' lang='lat' dir='ltr'><strong>qua:</strong></span> <span class='ocrx_word' id='word_1_571' title='bbox 1014 1990 1085 2018; x_wconf 78' lang='lat' dir='ltr'><strong>dicta</strong></span> 
     </span>
    </p>
   </div>
   <div class='ocr_carea' id='block_1_75' title="bbox 307 2033 1085 2070">
    <p class='ocr_par' dir='ltr' id='par_1_75' title="bbox 307 2033 1085 2070">
     <span class='ocr_line' id='line_1_75' title="bbox 307 2033 1085 2070; baseline 0.005 -11"><span class='ocrx_word' id='word_1_572' title='bbox 307 2037 371 2060; x_wconf 91' lang='lat' dir='ltr'><strong>sunt</strong></span> <span class='ocrx_word' id='word_1_573' title='bbox 384 2033 417 2060; x_wconf 90' lang='lat' dir='ltr'><strong>de</strong></span> <span class='ocrx_word' id='word_1_574' title='bbox 432 2034 523 2068; x_wconf 87' lang='lat' dir='ltr'><strong>priore</strong></span> <span class='ocrx_word' id='word_1_575' title='bbox 536 2034 660 2066; x_wconf 65' lang='lat' dir='ltr'><strong>.virtute,</strong></span> <span class='ocrx_word' id='word_1_576' title='bbox 676 2034 709 2062; x_wconf 87' lang='lat' dir='ltr'><strong>de</strong></span> <span class='ocrx_word' id='word_1_577' title='bbox 732 2035 783 2062; x_wconf 83' lang='lat' dir='ltr'><strong>hac</strong></span> <span class='ocrx_word' id='word_1_578' title='bbox 809 2037 910 2070; x_wconf 88' lang='lat' dir='ltr'><strong>pariter</strong></span> <span class='ocrx_word' id='word_1_579' title='bbox 930 2036 1085 2063; x_wconf 84' lang='lat' dir='ltr'><strong>communia</strong></span> 
     </span>
    </p>
   </div>
   <div class='ocr_carea' id='block_1_76' title="bbox 306 2079 1086 2116">
    <p class='ocr_par' dir='ltr' id='par_1_76' title="bbox 306 2079 1086 2116">
     <span class='ocr_line' id='line_1_76' title="bbox 306 2079 1086 2116; baseline 0.008 -12"><span class='ocrx_word' id='word_1_580' title='bbox 306 2082 389 2105; x_wconf 88' lang='lat' dir='ltr'><strong>sunt:</strong></span> <span class='ocrx_word' id='word_1_581' title='bbox 405 2079 550 2114; x_wconf 84' lang='lat' dir='ltr'><strong>omniaque</strong></span> <span class='ocrx_word' id='word_1_582' title='bbox 574 2080 708 2113; x_wconf 86' lang='lat' dir='ltr'><strong>absurda,</strong></span> <span class='ocrx_word' id='word_1_583' title='bbox 724 2081 868 2116; x_wconf 86' lang='lat' dir='ltr'><strong>conjuncta</strong></span> <span class='ocrx_word' id='word_1_584' title='bbox 895 2082 1024 2111; x_wconf 68' lang='lat' dir='ltr'><strong>doctrinae</strong></span> <span class='ocrx_word' id='word_1_585' title='bbox 1052 2083 1086 2110; x_wconf 87' lang='lat' dir='ltr'><strong>de</strong></span> 
     </span>
    </p>
   </div>
   <div class='ocr_carea' id='block_1_77' title="bbox 306 2123 1083 2164">
    <p class='ocr_par' dir='ltr' id='par_1_77' title="bbox 306 2123 1083 2164">
     <span class='ocr_line' id='line_1_77' title="bbox 306 2123 1083 2164; baseline 0.008 -15"><span class='ocrx_word' id='word_1_586' title='bbox 306 2124 392 2158; x_wconf 86' lang='lat' dir='ltr'><strong>prima</strong></span> <span class='ocrx_word' id='word_1_587' title='bbox 413 2123 521 2151; x_wconf 91' lang='lat' dir='ltr'><strong>illorum</strong></span> <span class='ocrx_word' id='word_1_588' title='bbox 536 2126 652 2158; x_wconf 87' lang='lat' dir='ltr'><strong>virtute,</strong></span> <span class='ocrx_word' id='word_1_589' title='bbox 681 2127 772 2155; x_wconf 80' lang='lat' dir='ltr'><strong>eadem</strong></span> <span class='ocrx_word' id='word_1_590' title='bbox 789 2132 815 2156; x_wconf 89' lang='lat' dir='ltr'><strong>et</strong></span> <span class='ocrx_word' id='word_1_591' title='bbox 843 2129 1083 2164; x_wconf 68' lang='lat' dir='ltr'><strong>imprazsenliarum</strong></span> 
     </span>
    </p>
   </div>
   <div class='ocr_carea' id='block_1_78' title="bbox 306 2170 1083 2209">
    <p class='ocr_par' dir='ltr' id='par_1_78' title="bbox 306 2170 1083 2209">
     <span class='ocr_line' id='line_1_78' title="bbox 306 2170 1083 2209; baseline 0.009 -13"><span class='ocrx_word' id='word_1_592' title='bbox 306 2170 370 2197; x_wconf 84' lang='lat' dir='ltr'><strong>licet</strong></span> <span class='ocrx_word' id='word_1_593' title='bbox 391 2170 495 2199; x_wconf 80' lang='lat' dir='ltr'><strong>alTerre.</strong></span> <span class='ocrx_word' id='word_1_594' title='bbox 522 2171 601 2199; x_wconf 81' lang='lat' dir='ltr'><strong>Aliud</strong></span> <span class='ocrx_word' id='word_1_595' title='bbox 618 2181 682 2200; x_wconf 91' lang='lat' dir='ltr'><strong>vero</strong></span> <span class='ocrx_word' id='word_1_596' title='bbox 709 2175 769 2209; x_wconf 87' lang='lat' dir='ltr'><strong>quis</strong></span> <span class='ocrx_word' id='word_1_597' title='bbox 794 2175 880 2202; x_wconf 79' lang='lat' dir='ltr'><strong>ferat?</strong></span> <span class='ocrx_word' id='word_1_598' title='bbox 898 2175 997 2209; x_wconf 88' lang='lat' dir='ltr'><strong>Quidni</strong></span> <span class='ocrx_word' id='word_1_599' title='bbox 1011 2175 1083 2203; x_wconf 83' lang='lat' dir='ltr'><strong>enim</strong></span> 
     </span>
    </p>
   </div>
   <div class='ocr_carea' id='block_1_79' title="bbox 308 2211 1122 2256">
    <p class='ocr_par' dir='ltr' id='par_1_79' title="bbox 308 2211 1122 2256">
     <span class='ocr_line' id='line_1_79' title="bbox 308 2211 1122 2256; baseline 0.006 -14"><span class='ocrx_word' id='word_1_600' title='bbox 308 2216 378 2243; x_wconf 71' lang='lat' dir='ltr'><strong>Deus</strong></span> <span class='ocrx_word' id='word_1_601' title='bbox 392 2224 473 2243; x_wconf 85' lang='lat' dir='ltr'><strong>unam</strong></span> <span class='ocrx_word' id='word_1_602' title='bbox 495 2218 637 2252; x_wconf 86' lang='lat' dir='ltr'><strong>quamdam</strong></span> <span class='ocrx_word' id='word_1_603' title='bbox 652 2219 778 2246; x_wconf 87' lang='lat' dir='ltr'><strong>virtutem</strong></span> <span class='ocrx_word' id='word_1_604' title='bbox 801 2221 890 2253; x_wconf 88' lang='lat' dir='ltr'><strong>misit,</strong></span> <span class='ocrx_word' id='word_1_605' title='bbox 908 2229 968 2256; x_wconf 64' lang='lat' dir='ltr'><strong>quae</strong></span> <span class='ocrx_word' id='word_1_606' title='bbox 994 2221 1085 2248; x_wconf 86' lang='lat' dir='ltr'><strong>omnia</strong></span> <span class='ocrx_word' id='word_1_607' title='bbox 1101 2211 1122 2238; x_wconf 80' lang='grc' dir='ltr'><strong>Ῑ)</strong></span> 
     </span>
    </p>
   </div>
   <div class='ocr_carea' id='block_1_80' title="bbox 307 2261 1085 2297">
    <p class='ocr_par' dir='ltr' id='par_1_80' title="bbox 307 2261 1085 2297">
     <span class='ocr_line' id='line_1_80' title="bbox 307 2261 1085 2297; baseline 0.005 -9"><span class='ocrx_word' id='word_1_608' title='bbox 307 2261 494 2295; x_wconf 80' lang='lat' dir='ltr'><strong>posset?Cum</strong></span> <span class='ocrx_word' id='word_1_609' title='bbox 507 2270 583 2290; x_wconf 88' lang='lat' dir='ltr'><strong>mens</strong></span> <span class='ocrx_word' id='word_1_610' title='bbox 601 2263 718 2290; x_wconf 85' lang='lat' dir='ltr'><strong>humana</strong></span> <span class='ocrx_word' id='word_1_611' title='bbox 733 2265 772 2292; x_wconf 87' lang='lat' dir='ltr'><strong>sic</strong></span> <span class='ocrx_word' id='word_1_612' title='bbox 789 2265 822 2292; x_wconf 87' lang='lat' dir='ltr'><strong>ad</strong></span> <span class='ocrx_word' id='word_1_613' title='bbox 835 2268 925 2294; x_wconf 84' lang='lat' dir='ltr'><strong>omnia</strong></span> <span class='ocrx_word' id='word_1_614' title='bbox 941 2267 1014 2294; x_wconf 88' lang='lat' dir='ltr'><strong>varia</strong></span> <span class='ocrx_word' id='word_1_615' title='bbox 1031 2267 1065 2294; x_wconf 92' lang='lat' dir='ltr'><strong>sit</strong></span> <span class='ocrx_word' id='word_1_616' title='bbox 1077 2286 1085 2297; x_wconf 88' lang='lat'><strong><em>.</em></strong></span> 
     </span>
    </p>
   </div>
   <div class='ocr_carea' id='block_1_81' title="bbox 306 2306 1084 2345">
    <p class='ocr_par' dir='ltr' id='par_1_81' title="bbox 306 2306 1084 2345">
     <span class='ocr_line' id='line_1_81' title="bbox 306 2306 1084 2345; baseline 0.008 -13"><span class='ocrx_word' id='word_1_617' title='bbox 306 2309 336 2332; x_wconf 94' lang='lat' dir='ltr'><strong>ut</strong></span> <span class='ocrx_word' id='word_1_618' title='bbox 349 2306 442 2333; x_wconf 86' lang='lat' dir='ltr'><strong>eadem</strong></span> <span class='ocrx_word' id='word_1_619' title='bbox 464 2308 626 2342; x_wconf 80' lang='lat' dir='ltr'><strong>geometrica</strong></span> <span class='ocrx_word' id='word_1_620' title='bbox 642 2308 754 2336; x_wconf 83' lang='lat' dir='ltr'><strong>scientia</strong></span> <span class='ocrx_word' id='word_1_621' title='bbox 767 2329 773 2339; x_wconf 89' lang='lat'><strong>.</strong></span> <span class='ocrx_word' id='word_1_622' title='bbox 797 2309 942 2345; x_wconf 80' lang='lat' dir='ltr'><strong>eademque</strong></span> <span class='ocrx_word' id='word_1_623' title='bbox 958 2316 1084 2338; x_wconf 85' lang='lat' dir='ltr'><strong>astrono—</strong></span> 
     </span>
    </p>
   </div>
   <div class='ocr_carea' id='block_1_82' title="bbox 306 2351 1086 2392">
    <p class='ocr_par' dir='ltr' id='par_1_82' title="bbox 306 2351 1086 2392">
     <span class='ocr_line' id='line_1_82' title="bbox 306 2351 1086 2392; baseline 0.008 -14"><span class='ocrx_word' id='word_1_624' title='bbox 306 2351 376 2379; x_wconf 91' lang='lat' dir='ltr'><strong>mica</strong></span> <span class='ocrx_word' id='word_1_625' title='bbox 392 2356 419 2379; x_wconf 90' lang='lat' dir='ltr'><strong>et</strong></span> <span class='ocrx_word' id='word_1_626' title='bbox 429 2353 563 2382; x_wconf 88' lang='lat' dir='ltr'><strong>tectonica</strong></span> <span class='ocrx_word' id='word_1_627' title='bbox 577 2353 688 2388; x_wconf 62' lang='lat' dir='ltr'><strong>prmdita</strong></span> <span class='ocrx_word' id='word_1_628' title='bbox 705 2355 750 2386; x_wconf 87' lang='lat' dir='ltr'><strong>sit,</strong></span> <span class='ocrx_word' id='word_1_629' title='bbox 769 2361 801 2382; x_wconf 86' lang='lat' dir='ltr'><strong>ac</strong></span> <span class='ocrx_word' id='word_1_630' title='bbox 815 2355 839 2382; x_wconf 91' lang='lat' dir='ltr'><strong>si</strong></span> <span class='ocrx_word' id='word_1_631' title='bbox 853 2355 916 2389; x_wconf 81' lang='lat' dir='ltr'><strong>quid</strong></span> <span class='ocrx_word' id='word_1_632' title='bbox 932 2356 991 2391; x_wconf 88' lang='lat' dir='ltr'><strong>ejus</strong></span> <span class='ocrx_word' id='word_1_633' title='bbox 1005 2363 1086 2392; x_wconf 71' lang='lat' dir='ltr'><strong>gene-</strong></span> 
     </span>
    </p>
   </div>
   <div class='ocr_carea' id='block_1_83' title="bbox 305 2397 1085 2431">
    <p class='ocr_par' dir='ltr' id='par_1_83' title="bbox 305 2397 1085 2431">
     <span class='ocr_line' id='line_1_83' title="bbox 305 2397 1085 2431; baseline 0.004 -7"><span class='ocrx_word' id='word_1_634' title='bbox 305 2397 344 2424; x_wconf 88' lang='lat' dir='ltr'><strong>ris</strong></span> <span class='ocrx_word' id='word_1_635' title='bbox 359 2399 416 2429; x_wconf 85' lang='lat' dir='ltr'><strong>cst;</strong></span> <span class='ocrx_word' id='word_1_636' title='bbox 434 2397 467 2424; x_wconf 91' lang='lat' dir='ltr'><strong>ad</strong></span> <span class='ocrx_word' id='word_1_637' title='bbox 486 2398 584 2426; x_wconf 89' lang='lat' dir='ltr'><strong>incitas</strong></span> <span class='ocrx_word' id='word_1_638' title='bbox 599 2398 669 2426; x_wconf 91' lang='lat' dir='ltr'><strong>Deus</strong></span> <span class='ocrx_word' id='word_1_639' title='bbox 686 2400 811 2428; x_wconf 80' lang='lat' dir='ltr'><strong>redactus</strong></span> <span class='ocrx_word' id='word_1_640' title='bbox 833 2405 885 2431; x_wconf 91' lang='lat' dir='ltr'><strong>est,</strong></span> <span class='ocrx_word' id='word_1_641' title='bbox 900 2407 949 2427; x_wconf 87' lang='lat' dir='ltr'><strong>nec</strong></span> <span class='ocrx_word' id='word_1_642' title='bbox 964 2401 1085 2429; x_wconf 77' lang='lat' dir='ltr'><strong>invenire</strong></span> 
     </span>
    </p>
   </div>
   <div class='ocr_carea' id='block_1_84' title="bbox 305 2443 1085 2480">
    <p class='ocr_par' dir='ltr' id='par_1_84' title="bbox 305 2443 1085 2480">
     <span class='ocr_line' id='line_1_84' title="bbox 305 2443 1085 2480; baseline 0.006 -11"><span class='ocrx_word' id='word_1_643' title='bbox 305 2443 393 2477; x_wconf 92' lang='lat' dir='ltr'><strong>potuit</strong></span> <span class='ocrx_word' id='word_1_644' title='bbox 408 2443 486 2472; x_wconf 83' lang='lat' dir='ltr'><strong>talem</strong></span> <span class='ocrx_word' id='word_1_645' title='bbox 502 2444 641 2477; x_wconf 85' lang='lat' dir='ltr'><strong>virtutem,</strong></span> <span class='ocrx_word' id='word_1_646' title='bbox 657 2453 717 2480; x_wconf 70' lang='lat' dir='ltr'><strong>quae</strong></span> <span class='ocrx_word' id='word_1_647' title='bbox 732 2445 770 2472; x_wconf 90' lang='lat' dir='ltr'><strong>illi</strong></span> <span class='ocrx_word' id='word_1_648' title='bbox 785 2445 818 2472; x_wconf 86' lang='lat' dir='ltr'><strong>ad</strong></span> <span class='ocrx_word' id='word_1_649' title='bbox 831 2446 920 2472; x_wconf 87' lang='lat' dir='ltr'><strong>omnia</strong></span> <span class='ocrx_word' id='word_1_650' title='bbox 935 2445 1032 2475; x_wconf 87' lang='lat' dir='ltr'><strong>idonea</strong></span> <span class='ocrx_word' id='word_1_651' title='bbox 1043 2453 1085 2474; x_wconf 87' lang='lat' dir='ltr'><strong>es-</strong></span> 
     </span>
    </p>
   </div>
   <div class='ocr_carea' id='block_1_85' title="bbox 305 2490 946 2526">
    <p class='ocr_par' dir='ltr' id='par_1_85' title="bbox 305 2490 946 2526">
     <span class='ocr_line' id='line_1_85' title="bbox 305 2490 946 2526; baseline 0.006 -11"><span class='ocrx_word' id='word_1_652' title='bbox 305 2492 356 2520; x_wconf 86' lang='lat' dir='ltr'><strong>set,</strong></span> <span class='ocrx_word' id='word_1_653' title='bbox 365 2492 396 2515; x_wconf 91' lang='lat' dir='ltr'><strong>ut</strong></span> <span class='ocrx_word' id='word_1_654' title='bbox 408 2497 463 2518; x_wconf 87' lang='lat' dir='ltr'><strong>non</strong></span> <span class='ocrx_word' id='word_1_655' title='bbox 474 2490 563 2526; x_wconf 86' lang='lat' dir='ltr'><strong>prima</strong></span> <span class='ocrx_word' id='word_1_656' title='bbox 576 2494 657 2526; x_wconf 86' lang='lat' dir='ltr'><strong>atque</strong></span> <span class='ocrx_word' id='word_1_657' title='bbox 669 2491 787 2523; x_wconf 82' lang='lat' dir='ltr'><strong>secunda</strong></span> <span class='ocrx_word' id='word_1_658' title='bbox 799 2491 946 2525; x_wconf 78' lang='lat' dir='ltr'><strong>indigeret?</strong></span> 
     </span>
    </p>
   </div>
   <div class='ocr_carea' id='block_1_86' title="bbox 342 2533 1083 2572">
    <p class='ocr_par' dir='ltr' id='par_1_86' title="bbox 342 2533 1083 2572">
     <span class='ocr_line' id='line_1_86' title="bbox 342 2533 1083 2572; baseline 0.004 -11"><span class='ocrx_word' id='word_1_659' title='bbox 342 2533 443 2570; x_wconf 89' lang='lat' dir='ltr'><strong>thuid</strong></span> <span class='ocrx_word' id='word_1_660' title='bbox 461 2543 525 2564; x_wconf 90' lang='lat' dir='ltr'><strong>vero</strong></span> <span class='ocrx_word' id='word_1_661' title='bbox 536 2537 588 2564; x_wconf 85' lang='lat' dir='ltr'><strong>alia</strong></span> <span class='ocrx_word' id='word_1_662' title='bbox 602 2537 711 2572; x_wconf 86' lang='lat' dir='ltr'><strong>quidem</strong></span> <span class='ocrx_word' id='word_1_663' title='bbox 725 2538 812 2567; x_wconf 84' lang='lat' dir='ltr'><strong>virtus</strong></span> <span class='ocrx_word' id='word_1_664' title='bbox 828 2537 943 2571; x_wconf 80' lang='lat' dir='ltr'><strong>opiﬁcis,</strong></span> <span class='ocrx_word' id='word_1_665' title='bbox 959 2537 1012 2565; x_wconf 90' lang='lat' dir='ltr'><strong>alia</strong></span> <span class='ocrx_word' id='word_1_666' title='bbox 1027 2538 1083 2564; x_wconf 92' lang='lat' dir='ltr'><strong>vim</strong></span> 
     </span>
    </p>
   </div>
   <div class='ocr_carea' id='block_1_87' title="bbox 305 2582 1084 2619">
    <p class='ocr_par' dir='ltr' id='par_1_87' title="bbox 305 2582 1084 2619">
     <span class='ocr_line' id='line_1_87' title="bbox 305 2582 1084 2619; baseline 0.004 -12"><span class='ocrx_word' id='word_1_667' title='bbox 305 2582 392 2616; x_wconf 77' lang='lat' dir='ltr'><strong>magis</strong></span> <span class='ocrx_word' id='word_1_668' title='bbox 407 2582 535 2618; x_wconf 87' lang='lat' dir='ltr'><strong>patientis</strong></span> <span class='ocrx_word' id='word_1_669' title='bbox 551 2583 653 2611; x_wconf 88' lang='lat' dir='ltr'><strong>habens</strong></span> <span class='ocrx_word' id='word_1_670' title='bbox 674 2592 706 2612; x_wconf 86' lang='lat' dir='ltr'><strong>ac</strong></span> <span class='ocrx_word' id='word_1_671' title='bbox 723 2583 889 2619; x_wconf 87' lang='lat' dir='ltr'><strong>recipientis,</strong></span> <span class='ocrx_word' id='word_1_672' title='bbox 912 2591 966 2619; x_wconf 88' lang='lat' dir='ltr'><strong>quo</strong></span> <span class='ocrx_word' id='word_1_673' title='bbox 980 2584 1084 2611; x_wconf 86' lang='lat' dir='ltr'><strong>scilicet</strong></span> 
     </span>
    </p>
   </div>
   <div class='ocr_carea' id='block_1_88' title="bbox 304 2629 1084 2665">
    <p class='ocr_par' dir='ltr' id='par_1_88' title="bbox 304 2629 1084 2665">
     <span class='ocr_line' id='line_1_88' title="bbox 304 2629 1084 2665; baseline 0 -9"><span class='ocrx_word' id='word_1_674' title='bbox 304 2637 419 2664; x_wconf 83' lang='lat' dir='ltr'><strong>pronum</strong></span> <span class='ocrx_word' id='word_1_675' title='bbox 435 2629 474 2657; x_wconf 89' lang='lat' dir='ltr'><strong>illi</strong></span> <span class='ocrx_word' id='word_1_676' title='bbox 485 2630 607 2665; x_wconf 86' lang='lat' dir='ltr'><strong>beneque</strong></span> <span class='ocrx_word' id='word_1_677' title='bbox 622 2631 657 2658; x_wconf 86' lang='lat' dir='ltr'><strong>sit</strong></span> <span class='ocrx_word' id='word_1_678' title='bbox 669 2634 699 2658; x_wconf 89' lang='lat' dir='ltr'><strong>ut</strong></span> <span class='ocrx_word' id='word_1_679' title='bbox 718 2631 864 2658; x_wconf 81' lang='lat' dir='ltr'><strong>misceatur</strong></span> <span class='ocrx_word' id='word_1_680' title='bbox 876 2637 937 2657; x_wconf 88' lang='lat' dir='ltr'><strong>cum</strong></span> <span class='ocrx_word' id='word_1_681' title='bbox 953 2629 1084 2657; x_wconf 70' lang='lat' dir='ltr'><strong>materia!</strong></span> 
     </span>
    </p>
   </div>
   <div class='ocr_carea' id='block_1_89' title="bbox 305 2674 1085 2708">
    <p class='ocr_par' dir='ltr' id='par_1_89' title="bbox 305 2674 1085 2708">
     <span class='ocr_line' id='line_1_89' title="bbox 305 2674 1085 2708; baseline 0.001 -6"><span class='ocrx_word' id='word_1_682' title='bbox 305 2674 364 2703; x_wconf 82' lang='lat' dir='ltr'><strong>Non</strong></span> <span class='ocrx_word' id='word_1_683' title='bbox 380 2676 452 2703; x_wconf 88' lang='lat' dir='ltr'><strong>enim</strong></span> <span class='ocrx_word' id='word_1_684' title='bbox 477 2675 523 2703; x_wconf 84' lang='lat' dir='ltr'><strong>hic</strong></span> <span class='ocrx_word' id='word_1_685' title='bbox 536 2683 649 2704; x_wconf 88' lang='lat' dir='ltr'><strong>causam</strong></span> <span class='ocrx_word' id='word_1_686' title='bbox 671 2676 775 2704; x_wconf 87' lang='lat' dir='ltr'><strong>ordinis</strong></span> <span class='ocrx_word' id='word_1_687' title='bbox 795 2676 860 2704; x_wconf 91' lang='lat' dir='ltr'><strong>boni</strong></span> <span class='ocrx_word' id='word_1_688' title='bbox 875 2675 966 2708; x_wconf 85' lang='lat' dir='ltr'><strong>video,</strong></span> <span class='ocrx_word' id='word_1_689' title='bbox 988 2675 1085 2703; x_wconf 88' lang='lat' dir='ltr'><strong>adver-</strong></span> 
     </span>
    </p>
   </div>
   <div class='ocr_carea' id='block_1_90' title="bbox 305 2720 1085 2755">
    <p class='ocr_par' dir='ltr' id='par_1_90' title="bbox 305 2720 1085 2755">
     <span class='ocr_line' id='line_1_90' title="bbox 305 2720 1085 2755; baseline -0.001 -7"><span class='ocrx_word' id='word_1_690' title='bbox 305 2728 406 2755; x_wconf 80' lang='lat' dir='ltr'><strong>susque</strong></span> <span class='ocrx_word' id='word_1_691' title='bbox 425 2721 514 2755; x_wconf 88' lang='lat' dir='ltr'><strong>ipsum</strong></span> <span class='ocrx_word' id='word_1_692' title='bbox 532 2728 671 2749; x_wconf 80' lang='lat' dir='ltr'><strong>excessus.</strong></span> <span class='ocrx_word' id='word_1_693' title='bbox 689 2720 718 2749; x_wconf 84' lang='lat' dir='ltr'><strong>Si</strong></span> <span class='ocrx_word' id='word_1_694' title='bbox 741 2721 841 2749; x_wconf 87' lang='lat' dir='ltr'><strong>malum</strong></span> <span class='ocrx_word' id='word_1_695' title='bbox 862 2725 931 2753; x_wconf 92' lang='lat' dir='ltr'><strong>erat,</strong></span> <span class='ocrx_word' id='word_1_696' title='bbox 951 2728 1006 2748; x_wconf 90' lang='lat' dir='ltr'><strong>non</strong></span> <span class='ocrx_word' id='word_1_697' title='bbox 1025 2723 1085 2748; x_wconf 87' lang='lat' dir='ltr'><strong>erat</strong></span> 
     </span>
    </p>
   </div>
   <div class='ocr_carea' id='block_1_91' title="bbox 303 2766 1082 2799">
    <p class='ocr_par' dir='ltr' id='par_1_91' title="bbox 303 2766 1082 2799">
     <span class='ocr_line' id='line_1_91' title="bbox 303 2766 1082 2799; baseline -0.001 -4"><span class='ocrx_word' id='word_1_698' title='bbox 303 2767 331 2795; x_wconf 82' lang='lat' dir='ltr'><strong>in</strong></span> <span class='ocrx_word' id='word_1_699' title='bbox 348 2766 428 2794; x_wconf 87' lang='lat' dir='ltr'><strong>domo</strong></span> <span class='ocrx_word' id='word_1_700' title='bbox 444 2766 502 2795; x_wconf 90' lang='lat' dir='ltr'><strong>Dei.</strong></span> <span class='ocrx_word' id='word_1_701' title='bbox 520 2766 587 2794; x_wconf 88' lang='lat' dir='ltr'><strong>Cum</strong></span> <span class='ocrx_word' id='word_1_702' title='bbox 603 2767 675 2795; x_wconf 90' lang='lat' dir='ltr'><strong>enim</strong></span> <span class='ocrx_word' id='word_1_703' title='bbox 699 2767 770 2795; x_wconf 89' lang='lat' dir='ltr'><strong>Deus</strong></span> <span class='ocrx_word' id='word_1_704' title='bbox 786 2767 957 2796; x_wconf 83' lang='lat' dir='ltr'><strong>solummodo</strong></span> <span class='ocrx_word' id='word_1_705' title='bbox 970 2767 1082 2799; x_wconf 83' lang='lat' dir='ltr'><strong>bonum,</strong></span> 
     </span>
    </p>
   </div>
   <div class='ocr_carea' id='block_1_92' title="bbox 338 2854 506 2891">
    <p class='ocr_par' dir='ltr' id='par_1_92' title="bbox 338 2854 506 2891">
     <span class='ocr_line' id='line_1_92' title="bbox 338 2854 506 2891; baseline 0.012 -10"><span class='ocrx_word' id='word_1_706' title='bbox 338 2854 377 2891; x_wconf 83' lang='lat'><strong>(6)</strong></span> <span class='ocrx_word' id='word_1_707' title='bbox 396 2856 506 2884; x_wconf 75' lang='grc' dir='ltr'>Κακοῦ.</span> 
     </span>
    </p>
   </div>
   <div class='ocr_carea' id='block_1_93' title="bbox 1171 1805 1919 1844">
    <p class='ocr_par' dir='ltr' id='par_1_93' title="bbox 1171 1805 1919 1844">
     <span class='ocr_line' id='line_1_93' title="bbox 1171 1805 1919 1844; baseline -0.004 -8"><span class='ocrx_word' id='word_1_708' title='bbox 1171 1809 1202 1836; x_wconf 79' lang='grc' dir='ltr'>Εἰ</span> <span class='ocrx_word' id='word_1_709' title='bbox 1214 1809 1242 1836; x_wconf 75' lang='grc' dir='ltr'>δὲ</span> <span class='ocrx_word' id='word_1_710' title='bbox 1253 1809 1354 1844; x_wconf 75' lang='grc' dir='ltr'>εἴρητο,</span> <span class='ocrx_word' id='word_1_711' title='bbox 1365 1807 1403 1839; x_wconf 81' lang='grc' dir='ltr'><strong>ὡς</strong></span> <span class='ocrx_word' id='word_1_712' title='bbox 1415 1808 1432 1842; x_wconf 81' lang='grc' dir='ltr'>ἡ</span> <span class='ocrx_word' id='word_1_713' title='bbox 1445 1807 1505 1834; x_wconf 88' lang='grc' dir='ltr'>θεία</span> <span class='ocrx_word' id='word_1_714' title='bbox 1519 1806 1631 1842; x_wconf 80' lang='grc' dir='ltr'>δύναμις</span> <span class='ocrx_word' id='word_1_715' title='bbox 1643 1806 1692 1842; x_wconf 78' lang='grc' dir='ltr'>τὴν</span> <span class='ocrx_word' id='word_1_716' title='bbox 1702 1805 1767 1841; x_wconf 78' lang='grc' dir='ltr'>ὓλην</span> <span class='ocrx_word' id='word_1_717' title='bbox 1780 1805 1919 1842; x_wconf 76' lang='grc' dir='ltr'>ἐκόσμησε</span> 
     </span>
    </p>
   </div>
   <div class='ocr_carea' id='block_1_94' title="bbox 1137 1850 1919 1890">
    <p class='ocr_par' dir='ltr' id='par_1_94' title="bbox 1137 1850 1919 1890">
     <span class='ocr_line' id='line_1_94' title="bbox 1137 1850 1919 1890; baseline -0.003 -9"><span class='ocrx_word' id='word_1_718' title='bbox 1137 1855 1183 1881; x_wconf 75' lang='grc' dir='ltr'>καὶ</span> <span class='ocrx_word' id='word_1_719' title='bbox 1199 1855 1304 1889; x_wconf 82' lang='grc' dir='ltr'>κοσμεῖ,</span> <span class='ocrx_word' id='word_1_720' title='bbox 1322 1852 1419 1890; x_wconf 86' lang='grc' dir='ltr'>μακρῷ</span> <span class='ocrx_word' id='word_1_721' title='bbox 1432 1851 1464 1878; x_wconf 77' lang='grc' dir='ltr'>ἂν</span> <span class='ocrx_word' id='word_1_722' title='bbox 1479 1850 1512 1887; x_wconf 82' lang='grc' dir='ltr'>ἢν</span> <span class='ocrx_word' id='word_1_723' title='bbox 1525 1851 1688 1886; x_wconf 74' lang='grc' dir='ltr'>σοφώτερον,</span> <span class='ocrx_word' id='word_1_724' title='bbox 1704 1851 1751 1877; x_wconf 78' lang='grc' dir='ltr'>καὶ</span> <span class='ocrx_word' id='word_1_725' title='bbox 1766 1851 1834 1887; x_wconf 83' lang='grc' dir='ltr'>πρὸς</span> <span class='ocrx_word' id='word_1_726' title='bbox 1846 1851 1919 1886; x_wconf 79' lang='grc' dir='ltr'>ἀξιο-</span> 
     </span>
    </p>
   </div>
   <div class='ocr_carea' id='block_1_95' title="bbox 1138 1896 1916 1933">
    <p class='ocr_par' dir='ltr' id='par_1_95' title="bbox 1138 1896 1916 1933">
     <span class='ocr_line' id='line_1_95' title="bbox 1138 1896 1916 1933; baseline -0.003 -6"><span class='ocrx_word' id='word_1_727' title='bbox 1138 1900 1245 1927; x_wconf 82' lang='grc' dir='ltr'>πιστίαν</span> <span class='ocrx_word' id='word_1_728' title='bbox 1256 1899 1309 1926; x_wconf 81' lang='grc' dir='ltr'><strong>τῶν</strong></span> <span class='ocrx_word' id='word_1_729' title='bbox 1321 1897 1470 1933; x_wconf 83' lang='grc' dir='ltr'>Μανιχαίου</span> <span class='ocrx_word' id='word_1_730' title='bbox 1483 1898 1569 1932; x_wconf 78' lang='grc' dir='ltr'>λόγων</span> <span class='ocrx_word' id='word_1_731' title='bbox 1579 1896 1795 1932; x_wconf 75' lang='grc' dir='ltr'>συμϐαλλόμενον</span> <span class='ocrx_word' id='word_1_732' title='bbox 1806 1897 1916 1932; x_wconf 70' lang='grc' dir='ltr'>μᾶλλον.</span> 
     </span>
    </p>
   </div>
   <div class='ocr_carea' id='block_1_96' title="bbox 1144 1941 1918 1980">
    <p class='ocr_par' dir='ltr' id='par_1_96' title="bbox 1144 1941 1918 1980">
     <span class='ocr_line' id='line_1_96' title="bbox 1144 1941 1918 1980; baseline -0.003 -8"><span class='ocrx_word' id='word_1_733' title='bbox 1144 1946 1223 1972; x_wconf 83' lang='grc' dir='ltr'>Ἀλλὰ</span> <span class='ocrx_word' id='word_1_734' title='bbox 1239 1945 1292 1980; x_wconf 88' lang='grc' dir='ltr'>γὰρ</span> <span class='ocrx_word' id='word_1_735' title='bbox 1313 1944 1409 1980; x_wconf 81' lang='grc' dir='ltr'>ἑτέραν</span> <span class='ocrx_word' id='word_1_736' title='bbox 1426 1943 1538 1978; x_wconf 85' lang='grc' dir='ltr'>δύναμιν</span> <span class='ocrx_word' id='word_1_737' title='bbox 1559 1941 1733 1977; x_wconf 73' lang='grc' dir='ltr'>κατέπεμψεν</span> <span class='ocrx_word' id='word_1_738' title='bbox 1753 1942 1768 1968; x_wconf 88' lang='grc' dir='ltr'><strong>ό</strong></span> <span class='ocrx_word' id='word_1_739' title='bbox 1788 1943 1863 1975; x_wconf 87' lang='grc' dir='ltr'>Θεός.</span> <span class='ocrx_word' id='word_1_740' title='bbox 1883 1944 1918 1970; x_wconf 76' lang='grc' dir='ltr'><strong>’Δ</strong></span> 
     </span>
    </p>
   </div>
   <div class='ocr_carea' id='block_1_97' title="bbox 1141 1987 1917 2026">
    <p class='ocr_par' dir='ltr' id='par_1_97' title="bbox 1141 1987 1917 2026">
     <span class='ocr_line' id='line_1_97' title="bbox 1141 1987 1917 2026; baseline -0.001 -9"><span class='ocrx_word' id='word_1_741' title='bbox 1141 1991 1189 2026; x_wconf 77' lang='grc' dir='ltr'>μὲν</span> <span class='ocrx_word' id='word_1_742' title='bbox 1204 1991 1235 2026; x_wconf 83' lang='grc' dir='ltr'>δὴ</span> <span class='ocrx_word' id='word_1_743' title='bbox 1256 1990 1361 2025; x_wconf 71' lang='grc' dir='ltr'>εἴρηται</span> <span class='ocrx_word' id='word_1_744' title='bbox 1377 1988 1440 2025; x_wconf 72' lang='grc' dir='ltr'>περὶ</span> <span class='ocrx_word' id='word_1_745' title='bbox 1456 1989 1505 2023; x_wconf 85' lang='grc' dir='ltr'>τῆς</span> <span class='ocrx_word' id='word_1_746' title='bbox 1524 1987 1657 2023; x_wconf 81' lang='grc' dir='ltr'>προτέρας</span> <span class='ocrx_word' id='word_1_747' title='bbox 1675 1987 1824 2023; x_wconf 82' lang='grc' dir='ltr'>δυνάμεως,</span> <span class='ocrx_word' id='word_1_748' title='bbox 1840 1988 1917 2016; x_wconf 77' lang='grc' dir='ltr'>κοινὰ</span> 
     </span>
    </p>
   </div>
   <div class='ocr_carea' id='block_1_98' title="bbox 1138 2033 1917 2072">
    <p class='ocr_par' dir='ltr' id='par_1_98' title="bbox 1138 2033 1917 2072">
     <span class='ocr_line' id='line_1_98' title="bbox 1138 2033 1917 2072; baseline -0.004 -9"><span class='ocrx_word' id='word_1_749' title='bbox 1138 2037 1183 2064; x_wconf 82' lang='grc' dir='ltr'>καὶ</span> <span class='ocrx_word' id='word_1_750' title='bbox 1197 2037 1261 2072; x_wconf 73' lang='grc' dir='ltr'>περὶ</span> <span class='ocrx_word' id='word_1_751' title='bbox 1275 2036 1375 2070; x_wconf 82' lang='grc' dir='ltr'>ταύτης</span> <span class='ocrx_word' id='word_1_752' title='bbox 1388 2035 1458 2061; x_wconf 71' lang='grc' dir='ltr'>ἐστι·</span> <span class='ocrx_word' id='word_1_753' title='bbox 1472 2034 1519 2060; x_wconf 77' lang='grc' dir='ltr'>καὶ</span> <span class='ocrx_word' id='word_1_754' title='bbox 1531 2034 1581 2060; x_wconf 82' lang='grc' dir='ltr'>ὅσα</span> <span class='ocrx_word' id='word_1_755' title='bbox 1594 2033 1679 2060; x_wconf 80' lang='grc' dir='ltr'>ἄτοπα</span> <span class='ocrx_word' id='word_1_756' title='bbox 1689 2033 1782 2061; x_wconf 67' lang='grc' dir='ltr'>ἕπεται</span> <span class='ocrx_word' id='word_1_757' title='bbox 1794 2034 1832 2069; x_wconf 82' lang='grc' dir='ltr'>τῷ</span> <span class='ocrx_word' id='word_1_758' title='bbox 1845 2034 1917 2069; x_wconf 85' lang='grc' dir='ltr'>λόγῳ</span> 
     </span>
    </p>
   </div>
   <div class='ocr_carea' id='block_1_99' title="bbox 1137 2079 1917 2119">
    <p class='ocr_par' dir='ltr' id='par_1_99' title="bbox 1137 2079 1917 2119">
     <span class='ocr_line' id='line_1_99' title="bbox 1137 2079 1917 2119; baseline -0.004 -9"><span class='ocrx_word' id='word_1_759' title='bbox 1137 2083 1176 2118; x_wconf 87' lang='grc' dir='ltr'>τῷ</span> <span class='ocrx_word' id='word_1_760' title='bbox 1196 2083 1260 2119; x_wconf 75' lang='grc' dir='ltr'>περὶ</span> <span class='ocrx_word' id='word_1_761' title='bbox 1279 2083 1328 2117; x_wconf 82' lang='grc' dir='ltr'>τῆς</span> <span class='ocrx_word' id='word_1_762' title='bbox 1354 2081 1466 2117; x_wconf 81' lang='grc' dir='ltr'>πρώτης</span> <span class='ocrx_word' id='word_1_763' title='bbox 1487 2079 1575 2107; x_wconf 82' lang='grc' dir='ltr'>αὐτῶν</span> <span class='ocrx_word' id='word_1_764' title='bbox 1597 2079 1747 2114; x_wconf 83' lang='grc' dir='ltr'>δυνάμεως,</span> <span class='ocrx_word' id='word_1_765' title='bbox 1771 2079 1856 2107; x_wconf 78' lang='grc' dir='ltr'>ταῦτα</span> <span class='ocrx_word' id='word_1_766' title='bbox 1871 2080 1917 2107; x_wconf 73' lang='grc' dir='ltr'>καὶ</span> 
     </span>
    </p>
   </div>
   <div class='ocr_carea' id='block_1_100' title="bbox 1136 2122 1916 2162">
    <p class='ocr_par' dir='ltr' id='par_1_100' title="bbox 1136 2122 1916 2162">
     <span class='ocr_line' id='line_1_100' title="bbox 1136 2122 1916 2162; baseline -0.004 -6"><span class='ocrx_word' id='word_1_767' title='bbox 1136 2129 1182 2156; x_wconf 84' lang='grc' dir='ltr'>νῦν</span> <span class='ocrx_word' id='word_1_768' title='bbox 1198 2130 1255 2156; x_wconf 75' lang='grc' dir='ltr'>ἐστι</span> <span class='ocrx_word' id='word_1_769' title='bbox 1269 2129 1367 2162; x_wconf 81' lang='grc' dir='ltr'>λέγειν.</span> <span class='ocrx_word' id='word_1_770' title='bbox 1382 2127 1418 2154; x_wconf 84' lang='grc' dir='ltr'>Τὸ</span> <span class='ocrx_word' id='word_1_771' title='bbox 1431 2127 1459 2153; x_wconf 78' lang='grc' dir='ltr'>δὲ</span> <span class='ocrx_word' id='word_1_772' title='bbox 1469 2126 1532 2153; x_wconf 85' lang='grc' dir='ltr'>ἀλλο</span> <span class='ocrx_word' id='word_1_773' title='bbox 1541 2126 1582 2157; x_wconf 85' lang='grc' dir='ltr'><strong>τίς</strong></span> <span class='ocrx_word' id='word_1_774' title='bbox 1593 2122 1749 2160; x_wconf 71' lang='grc' dir='ltr'>ἀνάσχοιτος</span> <span class='ocrx_word' id='word_1_775' title='bbox 1765 2125 1813 2152; x_wconf 81' lang='grc' dir='ltr'>Διά</span> <span class='ocrx_word' id='word_1_776' title='bbox 1828 2126 1853 2152; x_wconf 87' lang='grc' dir='ltr'><strong>τί</strong></span> <span class='ocrx_word' id='word_1_777' title='bbox 1861 2126 1916 2162; x_wconf 82' lang='grc' dir='ltr'><strong>γὰρ</strong></span> 
     </span>
    </p>
   </div>
   <div class='ocr_carea' id='block_1_101' title="bbox 1136 2170 1916 2211">
    <p class='ocr_par' dir='ltr' id='par_1_101' title="bbox 1136 2170 1916 2211">
     <span class='ocr_line' id='line_1_101' title="bbox 1136 2170 1916 2211; baseline -0.003 -11"><span class='ocrx_word' id='word_1_778' title='bbox 1136 2175 1167 2211; x_wconf 82' lang='grc' dir='ltr'>δὴ</span> <span class='ocrx_word' id='word_1_779' title='bbox 1182 2175 1212 2202; x_wconf 79' lang='grc' dir='ltr'>οὐ</span> <span class='ocrx_word' id='word_1_780' title='bbox 1229 2175 1317 2202; x_wconf 78' lang='grc' dir='ltr'>πάντα</span> <span class='ocrx_word' id='word_1_781' title='bbox 1333 2174 1396 2209; x_wconf 90' lang='grc' dir='ltr'>μίαν</span> <span class='ocrx_word' id='word_1_782' title='bbox 1410 2173 1470 2200; x_wconf 77' lang='grc' dir='ltr'>τινὰ</span> <span class='ocrx_word' id='word_1_783' title='bbox 1483 2171 1633 2206; x_wconf 83' lang='grc' dir='ltr'>δυναμένην</span> <span class='ocrx_word' id='word_1_784' title='bbox 1647 2170 1761 2206; x_wconf 83' lang='grc' dir='ltr'>δύναμιν</span> <span class='ocrx_word' id='word_1_785' title='bbox 1777 2172 1916 2208; x_wconf 78' lang='grc' dir='ltr'>κατέπεμ-</span> 
     </span>
    </p>
   </div>
   <div class='ocr_carea' id='block_1_102' title="bbox 1136 2216 1917 2256">
    <p class='ocr_par' dir='ltr' id='par_1_102' title="bbox 1136 2216 1917 2256">
     <span class='ocr_line' id='line_1_102' title="bbox 1136 2216 1917 2256; baseline -0.005 -8"><span class='ocrx_word' id='word_1_786' title='bbox 1136 2222 1185 2256; x_wconf 75' lang='grc' dir='ltr'><strong>ψεν</strong></span> <span class='ocrx_word' id='word_1_787' title='bbox 1209 2222 1223 2247; x_wconf 78' lang='grc' dir='ltr'><strong><em>ὁ</em></strong></span> <span class='ocrx_word' id='word_1_788' title='bbox 1245 2221 1327 2252; x_wconf 84' lang='grc' dir='ltr'>Θεός;</span> <span class='ocrx_word' id='word_1_789' title='bbox 1352 2220 1382 2246; x_wconf 85' lang='grc' dir='ltr'><strong>Εἰ</strong></span> <span class='ocrx_word' id='word_1_790' title='bbox 1407 2218 1550 2254; x_wconf 82' lang='grc' dir='ltr'>ἀνθρώπου</span> <span class='ocrx_word' id='word_1_791' title='bbox 1576 2217 1637 2249; x_wconf 76' lang='grc' dir='ltr'>νοῦς</span> <span class='ocrx_word' id='word_1_792' title='bbox 1659 2216 1744 2248; x_wconf 68' lang='grc' dir='ltr'>οὕτως</span> <span class='ocrx_word' id='word_1_793' title='bbox 1768 2216 1827 2244; x_wconf 76' lang='grc' dir='ltr'>ἐστὶ</span> <span class='ocrx_word' id='word_1_794' title='bbox 1847 2218 1917 2254; x_wconf 81' lang='grc' dir='ltr'>πρὸς</span> 
     </span>
    </p>
   </div>
   <div class='ocr_carea' id='block_1_103' title="bbox 1137 2261 1915 2299">
    <p class='ocr_par' dir='ltr' id='par_1_103' title="bbox 1137 2261 1915 2299">
     <span class='ocr_line' id='line_1_103' title="bbox 1137 2261 1915 2299; baseline -0.006 -5"><span class='ocrx_word' id='word_1_795' title='bbox 1137 2267 1224 2295; x_wconf 80' lang='grc' dir='ltr'>πάντα</span> <span class='ocrx_word' id='word_1_796' title='bbox 1237 2266 1367 2297; x_wconf 77' lang='grc' dir='ltr'>ποικίλος,</span> <span class='ocrx_word' id='word_1_797' title='bbox 1381 2265 1450 2292; x_wconf 83' lang='grc' dir='ltr'>ὥστε</span> <span class='ocrx_word' id='word_1_798' title='bbox 1460 2266 1474 2291; x_wconf 90' lang='grc' dir='ltr'><strong>ό</strong></span> <span class='ocrx_word' id='word_1_799' title='bbox 1484 2264 1564 2295; x_wconf 84' lang='grc' dir='ltr'>αὐτὸς</span> <span class='ocrx_word' id='word_1_800' title='bbox 1577 2264 1626 2299; x_wconf 76' lang='grc' dir='ltr'><strong>μὲν</strong></span> <span class='ocrx_word' id='word_1_801' title='bbox 1640 2261 1709 2289; x_wconf 79' lang='grc' dir='ltr'>εἶναι</span> <span class='ocrx_word' id='word_1_802' title='bbox 1720 2264 1915 2298; x_wconf 76' lang='grc' dir='ltr'>γεωμετρικὸς,</span> 
     </span>
    </p>
   </div>
   <div class='ocr_carea' id='block_1_104' title="bbox 1136 2306 1915 2347">
    <p class='ocr_par' dir='ltr' id='par_1_104' title="bbox 1136 2306 1915 2347">
     <span class='ocr_line' id='line_1_104' title="bbox 1136 2306 1915 2347; baseline -0.008 -8"><span class='ocrx_word' id='word_1_803' title='bbox 1136 2314 1150 2339; x_wconf 82' lang='grc' dir='ltr'>ὁ</span> <span class='ocrx_word' id='word_1_804' title='bbox 1162 2312 1243 2343; x_wconf 76' lang='grc' dir='ltr'>αὐτὸς</span> <span class='ocrx_word' id='word_1_805' title='bbox 1261 2311 1290 2338; x_wconf 79' lang='grc' dir='ltr'>δὲ</span> <span class='ocrx_word' id='word_1_806' title='bbox 1310 2310 1504 2347; x_wconf 81' lang='grc' dir='ltr'>ἀστρονομικδς</span> <span class='ocrx_word' id='word_1_807' title='bbox 1521 2309 1568 2336; x_wconf 75' lang='grc' dir='ltr'>καὶ</span> <span class='ocrx_word' id='word_1_808' title='bbox 1587 2306 1750 2339; x_wconf 76' lang='grc' dir='ltr'>τεκτονικὸς,</span> <span class='ocrx_word' id='word_1_809' title='bbox 1774 2307 1822 2334; x_wconf 84' lang='grc' dir='ltr'>καὶ</span> <span class='ocrx_word' id='word_1_810' title='bbox 1841 2307 1868 2334; x_wconf 84' lang='grc' dir='ltr'>εῐ</span> <span class='ocrx_word' id='word_1_811' title='bbox 1888 2316 1915 2334; x_wconf 76' lang='grc' dir='ltr'><strong>τι</strong></span> 
     </span>
    </p>
   </div>
   <div class='ocr_carea' id='block_1_105' title="bbox 1135 2352 1916 2391">
    <p class='ocr_par' dir='ltr' id='par_1_105' title="bbox 1135 2352 1916 2391">
     <span class='ocr_line' id='line_1_105' title="bbox 1135 2352 1916 2391; baseline -0.005 -8"><span class='ocrx_word' id='word_1_812' title='bbox 1135 2356 1252 2387; x_wconf 78' lang='grc' dir='ltr'>τοιοῦτον</span> <span class='ocrx_word' id='word_1_813' title='bbox 1261 2364 1268 2371; x_wconf 66' lang='grc' dir='ltr'><strong>ι</strong></span> <span class='ocrx_word' id='word_1_814' title='bbox 1283 2355 1341 2391; x_wconf 83' lang='grc' dir='ltr'><strong>Θεῷ</strong></span> <span class='ocrx_word' id='word_1_815' title='bbox 1353 2356 1381 2382; x_wconf 78' lang='grc' dir='ltr'>δὲ</span> <span class='ocrx_word' id='word_1_816' title='bbox 1393 2353 1446 2390; x_wconf 78' lang='grc' dir='ltr'>ἄρα</span> <span class='ocrx_word' id='word_1_817' title='bbox 1461 2353 1494 2391; x_wconf 80' lang='grc' dir='ltr'>ἦν</span> <span class='ocrx_word' id='word_1_818' title='bbox 1511 2355 1612 2390; x_wconf 79' lang='grc' dir='ltr'>ἄπορον</span> <span class='ocrx_word' id='word_1_819' title='bbox 1627 2353 1717 2388; x_wconf 77' lang='grc' dir='ltr'>εὑρεῖν</span> <span class='ocrx_word' id='word_1_820' title='bbox 1730 2352 1856 2388; x_wconf 82' lang='grc' dir='ltr'>τοιαύτην</span> <span class='ocrx_word' id='word_1_821' title='bbox 1870 2352 1916 2379; x_wconf 88' lang='grc' dir='ltr'>δύ-</span> 
     </span>
    </p>
   </div>
   <div class='ocr_carea' id='block_1_106' title="bbox 1135 2396 1916 2435">
    <p class='ocr_par' dir='ltr' id='par_1_106' title="bbox 1135 2396 1916 2435">
     <span class='ocr_line' id='line_1_106' title="bbox 1135 2396 1916 2435; baseline -0.001 -9"><span class='ocrx_word' id='word_1_822' title='bbox 1135 2409 1226 2435; x_wconf 86' lang='grc' dir='ltr'>ναμιν,</span> <span class='ocrx_word' id='word_1_823' title='bbox 1243 2400 1302 2435; x_wconf 80' lang='grc' dir='ltr'>ἥτις</span> <span class='ocrx_word' id='word_1_824' title='bbox 1313 2399 1388 2435; x_wconf 83' lang='grc' dir='ltr'><strong>αὑτῷ</strong></span> <span class='ocrx_word' id='word_1_825' title='bbox 1402 2399 1469 2434; x_wconf 85' lang='grc' dir='ltr'>πρὸς</span> <span class='ocrx_word' id='word_1_826' title='bbox 1486 2399 1574 2426; x_wconf 87' lang='grc' dir='ltr'>πάντα</span> <span class='ocrx_word' id='word_1_827' title='bbox 1583 2397 1617 2435; x_wconf 86' lang='grc' dir='ltr'>ἦν</span> <span class='ocrx_word' id='word_1_828' title='bbox 1632 2397 1720 2433; x_wconf 73' lang='grc' dir='ltr'>ἱκανὴ,</span> <span class='ocrx_word' id='word_1_829' title='bbox 1737 2397 1780 2424; x_wconf 75' lang='grc' dir='ltr'>ἵνα</span> <span class='ocrx_word' id='word_1_830' title='bbox 1792 2397 1830 2434; x_wconf 82' lang='grc' dir='ltr'><strong>μὴ</strong></span> <span class='ocrx_word' id='word_1_831' title='bbox 1843 2396 1916 2435; x_wconf 83' lang='grc' dir='ltr'>πρώ-</span> 
     </span>
    </p>
   </div>
   <div class='ocr_carea' id='block_1_107' title="bbox 1136 2445 1497 2481">
    <p class='ocr_par' dir='ltr' id='par_1_107' title="bbox 1136 2445 1497 2481">
     <span class='ocr_line' id='line_1_107' title="bbox 1136 2445 1497 2481; baseline -0.003 -9"><span class='ocrx_word' id='word_1_832' title='bbox 1136 2454 1184 2481; x_wconf 87' lang='grc' dir='ltr'><strong>της</strong></span> <span class='ocrx_word' id='word_1_833' title='bbox 1196 2445 1241 2472; x_wconf 67' lang='grc' dir='ltr'>καὶ</span> <span class='ocrx_word' id='word_1_834' title='bbox 1253 2445 1378 2480; x_wconf 83' lang='grc' dir='ltr'>δευτέρας</span> <span class='ocrx_word' id='word_1_835' title='bbox 1389 2445 1480 2480; x_wconf 83' lang='grc' dir='ltr'>δέηται</span> <span class='ocrx_word' id='word_1_836' title='bbox 1490 2453 1497 2477; x_wconf 86' lang='grc'>;</span> 
     </span>
    </p>
   </div>
   <div class='ocr_carea' id='block_1_108' title="bbox 1170 2531 1916 2571">
    <p class='ocr_par' dir='ltr' id='par_1_108' title="bbox 1170 2531 1916 2571">
     <span class='ocr_line' id='line_1_108' title="bbox 1170 2531 1916 2571; baseline -0.005 -8"><span class='ocrx_word' id='word_1_837' title='bbox 1170 2536 1219 2563; x_wconf 86' lang='grc' dir='ltr'>Διά</span> <span class='ocrx_word' id='word_1_838' title='bbox 1232 2535 1258 2563; x_wconf 86' lang='grc' dir='ltr'><strong>τί</strong></span> <span class='ocrx_word' id='word_1_839' title='bbox 1279 2535 1306 2562; x_wconf 76' lang='grc' dir='ltr'>δὲ</span> <span class='ocrx_word' id='word_1_840' title='bbox 1319 2536 1336 2570; x_wconf 84' lang='grc' dir='ltr'>ἡ</span> <span class='ocrx_word' id='word_1_841' title='bbox 1361 2534 1409 2571; x_wconf 77' lang='grc' dir='ltr'>μὲν</span> <span class='ocrx_word' id='word_1_842' title='bbox 1430 2534 1544 2570; x_wconf 85' lang='grc' dir='ltr'>δύναμίς</span> <span class='ocrx_word' id='word_1_843' title='bbox 1560 2535 1617 2561; x_wconf 74' lang='grc' dir='ltr'>ἐστι</span> <span class='ocrx_word' id='word_1_844' title='bbox 1637 2532 1827 2569; x_wconf 73' lang='grc' dir='ltr'>δημιουργικὴ,</span> <span class='ocrx_word' id='word_1_845' title='bbox 1853 2531 1916 2568; x_wconf 64' lang='grc' dir='ltr'><strong>ἡδὶ</strong></span> 
     </span>
    </p>
   </div>
   <div class='ocr_carea' id='block_1_109' title="bbox 1134 2577 1915 2619">
    <p class='ocr_par' dir='ltr' id='par_1_109' title="bbox 1134 2577 1915 2619">
     <span class='ocr_line' id='line_1_109' title="bbox 1134 2577 1915 2619; baseline -0.008 -9"><span class='ocrx_word' id='word_1_846' title='bbox 1134 2581 1271 2618; x_wconf 76' lang='grc' dir='ltr'>παθητικὴ</span> <span class='ocrx_word' id='word_1_847' title='bbox 1292 2581 1401 2619; x_wconf 84' lang='grc' dir='ltr'>μᾶλλον,</span> <span class='ocrx_word' id='word_1_848' title='bbox 1423 2579 1461 2612; x_wconf 86' lang='grc' dir='ltr'>ὡς</span> <span class='ocrx_word' id='word_1_849' title='bbox 1479 2580 1569 2612; x_wconf 82' lang='grc' dir='ltr'>καλῶς</span> <span class='ocrx_word' id='word_1_850' title='bbox 1587 2578 1671 2614; x_wconf 80' lang='grc' dir='ltr'>αὐτὴν</span> <span class='ocrx_word' id='word_1_851' title='bbox 1688 2577 1759 2613; x_wconf 74' lang='grc' dir='ltr'>ἔχειν</span> <span class='ocrx_word' id='word_1_852' title='bbox 1778 2579 1846 2617; x_wconf 79' lang='grc' dir='ltr'>πρὸς</span> <span class='ocrx_word' id='word_1_853' title='bbox 1865 2577 1915 2613; x_wconf 73' lang='grc' dir='ltr'>τὴν</span> 
     </span>
    </p>
   </div>
   <div class='ocr_carea' id='block_1_110' title="bbox 1135 2623 1916 2664">
    <p class='ocr_par' dir='ltr' id='par_1_110' title="bbox 1135 2623 1916 2664">
     <span class='ocr_line' id='line_1_110' title="bbox 1135 2623 1916 2664; baseline -0.005 -9"><span class='ocrx_word' id='word_1_854' title='bbox 1135 2628 1200 2664; x_wconf 82' lang='grc' dir='ltr'>ὓλην</span> <span class='ocrx_word' id='word_1_855' title='bbox 1222 2627 1418 2664; x_wconf 73' lang='grc' dir='ltr'>κεράννυσθαις</span> <span class='ocrx_word' id='word_1_856' title='bbox 1433 2627 1490 2662; x_wconf 80' lang='grc' dir='ltr'><strong>Οὐχ</strong></span> <span class='ocrx_word' id='word_1_857' title='bbox 1508 2626 1564 2662; x_wconf 76' lang='grc' dir='ltr'><strong>δρῶ</strong></span> <span class='ocrx_word' id='word_1_858' title='bbox 1580 2625 1635 2662; x_wconf 83' lang='grc' dir='ltr'>γὰρ</span> <span class='ocrx_word' id='word_1_859' title='bbox 1651 2624 1731 2651; x_wconf 80' lang='grc' dir='ltr'>πάλιν</span> <span class='ocrx_word' id='word_1_860' title='bbox 1752 2624 1870 2653; x_wconf 75' lang='grc' dir='ltr'>ἐνταῦθα</span> <span class='ocrx_word' id='word_1_861' title='bbox 1883 2623 1916 2651; x_wconf 82' lang='grc' dir='ltr'><strong>τδ</strong></span> 
     </span>
    </p>
   </div>
   <div class='ocr_carea' id='block_1_111' title="bbox 1134 2669 1915 2709">
    <p class='ocr_par' dir='ltr' id='par_1_111' title="bbox 1134 2669 1915 2709">
     <span class='ocr_line' id='line_1_111' title="bbox 1134 2669 1915 2709; baseline -0.004 -9"><span class='ocrx_word' id='word_1_862' title='bbox 1134 2673 1220 2701; x_wconf 72' lang='grc' dir='ltr'>αἴτιον</span> <span class='ocrx_word' id='word_1_863' title='bbox 1239 2673 1285 2709; x_wconf 81' lang='grc' dir='ltr'><strong>τῆς</strong></span> <span class='ocrx_word' id='word_1_864' title='bbox 1303 2672 1407 2705; x_wconf 73' lang='grc' dir='ltr'>τάξεως</span> <span class='ocrx_word' id='word_1_865' title='bbox 1423 2672 1470 2699; x_wconf 81' lang='grc' dir='ltr'>τοῦ</span> <span class='ocrx_word' id='word_1_866' title='bbox 1485 2672 1567 2699; x_wconf 85' lang='grc' dir='ltr'>καλοῦ</span> <span class='ocrx_word' id='word_1_867' title='bbox 1579 2670 1617 2707; x_wconf 83' lang='lat'><strong>(6)</strong></span> <span class='ocrx_word' id='word_1_868' title='bbox 1636 2670 1682 2698; x_wconf 74' lang='grc' dir='ltr'>καὶ</span> <span class='ocrx_word' id='word_1_869' title='bbox 1697 2670 1746 2705; x_wconf 84' lang='grc' dir='ltr'>τῆς</span> <span class='ocrx_word' id='word_1_870' title='bbox 1759 2669 1820 2698; x_wconf 78' lang='grc' dir='ltr'>κατ’</span> <span class='ocrx_word' id='word_1_871' title='bbox 1831 2669 1915 2697; x_wconf 76' lang='grc' dir='ltr'>αὑτοῦ</span> 
     </span>
    </p>
   </div>
   <div class='ocr_carea' id='block_1_112' title="bbox 1133 2715 1914 2757">
    <p class='ocr_par' dir='ltr' id='par_1_112' title="bbox 1133 2715 1914 2757">
     <span class='ocr_line' id='line_1_112' title="bbox 1133 2715 1914 2757; baseline -0.004 -9"><span class='ocrx_word' id='word_1_872' title='bbox 1133 2720 1280 2757; x_wconf 73' lang='grc' dir='ltr'>ὑπεροχῆς.</span> <span class='ocrx_word' id='word_1_873' title='bbox 1296 2720 1328 2747; x_wconf 81' lang='lat' dir='ltr'><strong>Et</strong></span> <span class='ocrx_word' id='word_1_874' title='bbox 1342 2719 1425 2747; x_wconf 74' lang='grc' dir='ltr'>κακὸν</span> <span class='ocrx_word' id='word_1_875' title='bbox 1436 2717 1481 2755; x_wconf 84' lang='grc' dir='ltr'>ἦν,</span> <span class='ocrx_word' id='word_1_876' title='bbox 1493 2719 1543 2746; x_wconf 81' lang='grc' dir='ltr'>οὐκ</span> <span class='ocrx_word' id='word_1_877' title='bbox 1557 2716 1591 2754; x_wconf 81' lang='grc' dir='ltr'>ἦν</span> <span class='ocrx_word' id='word_1_878' title='bbox 1604 2719 1633 2745; x_wconf 84' lang='grc' dir='ltr'>ὲν</span> <span class='ocrx_word' id='word_1_879' title='bbox 1645 2716 1684 2753; x_wconf 81' lang='grc' dir='ltr'><strong>τῷ</strong></span> <span class='ocrx_word' id='word_1_880' title='bbox 1697 2717 1744 2744; x_wconf 85' lang='grc' dir='ltr'>τοῦ</span> <span class='ocrx_word' id='word_1_881' title='bbox 1755 2715 1824 2745; x_wconf 75' lang='grc' dir='ltr'>Θεοῦ</span> <span class='ocrx_word' id='word_1_882' title='bbox 1836 2716 1914 2752; x_wconf 73' lang='grc' dir='ltr'>οἴκῳ.</span> 
     </span>
    </p>
   </div>
   <div class='ocr_carea' id='block_1_113' title="bbox 1134 2760 1915 2804">
    <p class='ocr_par' dir='ltr' id='par_1_113' title="bbox 1134 2760 1915 2804">
     <span class='ocr_line' id='line_1_113' title="bbox 1134 2760 1915 2804; baseline -0.008 -9"><span class='ocrx_word' id='word_1_883' title='bbox 1134 2767 1166 2795; x_wconf 80' lang='lat' dir='ltr'><strong>Et</strong></span> <span class='ocrx_word' id='word_1_884' title='bbox 1184 2767 1238 2804; x_wconf 86' lang='grc' dir='ltr'>γὰρ</span> <span class='ocrx_word' id='word_1_885' title='bbox 1255 2769 1336 2803; x_wconf 83' lang='grc' dir='ltr'>μόνον</span> <span class='ocrx_word' id='word_1_886' title='bbox 1349 2765 1431 2793; x_wconf 79' lang='grc' dir='ltr'>καλὸν</span> <span class='ocrx_word' id='word_1_887' title='bbox 1443 2765 1458 2791; x_wconf 85' lang='grc' dir='ltr'>ὁ</span> <span class='ocrx_word' id='word_1_888' title='bbox 1470 2764 1546 2797; x_wconf 82' lang='grc' dir='ltr'>Θεὸς,</span> <span class='ocrx_word' id='word_1_889' title='bbox 1564 2764 1611 2792; x_wconf 79' lang='grc' dir='ltr'>καὶ</span> <span class='ocrx_word' id='word_1_890' title='bbox 1623 2763 1704 2800; x_wconf 82' lang='grc' dir='ltr'>μόνον</span> <span class='ocrx_word' id='word_1_891' title='bbox 1721 2762 1805 2790; x_wconf 71' lang='grc' dir='ltr'>κακὸν</span> <span class='ocrx_word' id='word_1_892' title='bbox 1818 2762 1837 2798; x_wconf 71' lang='grc' dir='ltr'><strong>ἡ</strong></span> <span class='ocrx_word' id='word_1_893' title='bbox 1851 2760 1915 2797; x_wconf 75' lang='grc' dir='ltr'>ὕλη,</span> 
     </span>
    </p>
   </div>
  </div>
