2145 3163
390 244 444 272 quo
465 235 537 265 alius
554 236 607 264 (lia
622 236 710 265 fuerit
734 236 816 264 ratio.
835 233 1000 264 Existimant
1013 233 1085 262 enim
1103 233 1169 265 lice-
1181 238 1206 265 Α

390 283 447 315 bat,
468 289 485 310 ι
500 282 635 319 principio
648 282 734 310 solem
750 285 777 310 et
799 281 903 313 lunam,
921 279 1056 308 solertiori
1065 278 1177 321 judicio

390 334 422 357 ac
441 328 595 363 prudentia,
612 333 704 365 partes
719 328 839 357 materiae
853 328 943 355 minus
964 327 1050 358 malas
1069 326 1168 361 quibus

389 375 543 403 commistio
555 376 641 408 ﬁeret,
656 376 708 404 sibi
719 375 845 411 elegisse,
857 379 886 403 ut
899 376 927 402 in
939 383 988 403 sua
1003 374 1169 410 perfectione

388 426 420 446 ac
443 420 544 450 virtute
568 421 771 454 consisterent;
798 420 944 448 debilitatis
974 426 1063 447 autem
1085 423 1168 446 tantae

387 465 476 493 aetatis
493 467 646 499 maleﬁciis,
663 471 765 494 tantam
781 467 808 494 in
829 467 901 494 bono
917 465 1105 494 excellentiam
1124 472 1170 492 re-

387 515 529 547 portasse;
545 514 664 549 reliquas
679 522 743 542 vero
765 514 825 549 ejus
842 518 934 549 partes
947 513 1082 548 collapsas
1096 518 1168 543 085e,

387 556 460 587 haud
487 559 597 593 quidem
621 560 681 587 sine
706 560 891 595 providentia;
918 565 980 585 cum
998 558 1056 593 pari
1077 561 1168 584 tamen

387 603 569 636 providentia,
585 612 617 632 ea
635 612 694 639 qua:
706 605 732 632 in
747 605 806 640 ipsa
822 608 875 637 est,
893 604 1007 634 malitia.
1023 610 1073 638 pro
1084 605 1166 637 quota

387 647 519 682 cujusque
535 649 640 677 ratione
658 650 744 684 magis
763 649 882 676 imbutas
897 655 967 676 esse.
985 646 1065 680 Quod
1078 646 1165 674 enim-

877 163 1079 203 Atwnnm'
1094 172 1517 202 EPISCOPI‘LYCOPOUTAM

1220 233 1296 270 μιειν
1322 232 1472 266 ὶξελέξατο,
1495 233 1541 260 ινα
1566 229 1701 268 milia
1722 225 1773 268 ἰῆς
1794 230 1863 264 ιδίας
1884 232 1996 268 ἀρετῆς-

1217 277 1452 314 ὲεασθενησάντων
1480 278 1597 314 τηλίκων
1620 278 1649 305 δὲ
1676 279 1897 314 πονηρευμάτων,
1921 279 1996 306 ἐκϐι-

1219 323 1354 351 σάσασθαι
1377 324 1510 360 τοσαύτην
1532 325 1666 361 ὑπεροχὴν
1690 325 1719 351 ὲν
1733 325 1773 361 τῷ
1791 325 1893 362 ἀγαθῷ,
1914 326 1949 353 τὰ
1967 327 1996 354 δὲ

1217 370 1284 398 ἄλλα
1300 371 1369 407 μέρη
1383 371 1468 407 αὐτῆς
1485 369 1519 407 ἦν
1538 371 1664 404 πεσόντα,
1679 371 1730 398 οὐκ
1744 372 1919 408 ἀπρονοήτως
1936 373 1994 408 μὲν,

1217 417 1249 444 ού
1273 417 1325 452 μὴν
1345 417 1413 452 μετὰ
1430 418 1479 453 τῆς
1501 418 1563 454 ῐσης
1583 417 1710 454 προνοίας
1729 416 1880 445 ἀπολαῦσαι
1897 418 1996 454 μᾶλλον

1218 462 1316 493 κακίας
1329 462 1379 498 τῆς
1393 463 1421 489 ὲν
1435 463 1503 498 αὐτῇ
1519 463 1589 490 κατὰ
1603 463 1634 490 τὺ
1649 463 1731 490 ποσὸν
1743 463 1866 490 ἕκαστον.
1888 463 1995 500 Ἐπειδὴ

1219 507 1248 534 δὲ
1267 507 1342 534 οὐδὲν
1359 507 1484 544 διάφορον
1503 508 1567 544 περὶ
1587 508 1637 544 τῆς
1655 509 1795 544 δυνάμεως
1814 508 1917 544 ταύτης
1931 508 1996 545 παρ’

1220 552 1309 579 αὐτῶν
1324 551 1443 587 λέγεται,
1457 553 1514 580 ἀλλ’
1530 554 1610 589 ὅμοια
1625 553 1669 581 διὰ
1684 554 1774 590 πάσης
1787 554 1871 590 αὐτῆς
1887 553 1997 589 Θεωρεῖ-

1219 606 1273 630 ται,
1284 598 1414 630 ἀπίθανος
1432 600 1446 626 ὁ
1459 599 1554 634 λόγος’
1575 601 1635 627 Ὀτι
1652 601 1680 628 ὲν
1696 601 1745 636 μὲν
1760 602 1793 636 τῇ
1814 599 1953 636 συμμίξει,
1967 600 1998 627 τὸ

1220 645 1269 680 μὲν
1282 644 1386 680 ἔμεινεν
1399 646 1534 681 ἀκέραιον,
1548 647 1578 673 τὸ
1590 646 1618 674 δὲ
1630 647 1758 684 μετέσχεν
1770 646 1869 678 κακίας
1881 645 1953 678 τινός

386 699 451 720 vero
463 694 496 721 de
513 696 562 722 hac
577 696 676 724 virtute
698 696 767 723 nihil
789 695 824 722 ab
836 695 878 723 eis
892 694 1030 722 diversum
1052 693 1164 724 dicitur.
1178 692 1226 721 sed
1240 699 1269 720 se
1282 696 1339 720 tota
1367 694 1465 722 similis
1490 694 1667 730 ejusdemque
1686 693 1801 721 rationis
1826 692 1996 727 intelligitur,

386 739 575 776 improbabilis
585 742 710 770 doetrina
724 750 755 769 ac
768 741 903 770 sententia
917 744 974 768 est:
991 739 1063 775 quod
1094 745 1190 774 nempe
1211 737 1241 765 in
1264 739 1453 768 commistione
1474 739 1548 768 aliud
1565 741 1701 769 sincerum
1720 747 1872 776 purumque
1895 747 2001 768 reman—

385 786 463 818 serit,
481 786 555 815 aliud
572 787 678 815 malitia
694 788 812 823 quadam
827 786 997 823 impartitum
1013 785 1058 812 sit.

451 853 521 882 CAP.
538 854 622 882 XXII.
639 854 722 882 Lumz
738 856 824 883 lumen
839 864 855 885 α
869 855 930 883 sale.
950 837 1122 888 Receptarum
1136 853 1162 880 in
1185 861 1218 880 ea
1231 852 1381 880 animarum
1394 853 1727 885 inconuenieutia._Gra:cis
1742 853 1794 897 duo
1814 853 1927 881 diluvia.

421 920 505 948 Aiunt
519 928 595 953 vero,
613 921 697 949 solem
714 926 740 950 et
754 923 857 956 lunam,
870 931 932 950 cum
945 922 1063 950 divinam
1078 921 1167 948 virtu—
1181 923 1205 954 Β
1251 921 1268 947 Δ

1153 933 1167 941 -
1181 923 1205 954 Β
1251 921 1366 955 Λέγουσι
1381 921 1420 954 δὲ,
1432 922 1473 949 δτι
1487 922 1534 948 καὶ
1549 921 1625 956 ἥλιος
1638 922 1685 948 καὶ
1700 921 1798 957 σελήνη
1808 921 1856 956 τὴν
1870 920 1944 948 Θείαν
1954 921 2000 948 δύ-

384 969 440 993 tem
463 972 479 992 a
506 966 620 993 materia
648 967 777 1001 paulatim
805 967 998 999 secrevissent,
1021 965 1055 993 ad
1082 964 1167 991 Deum

385 1009 582 1039 transmisisse.
606 1011 690 1038 Porro
715 1012 738 1040 si
761 1013 804 1040 vel
827 1019 924 1047 parum
947 1015 1168 1039 astronomorum

386 1055 460 1085 fores
477 1056 626 1090 trivissent,
639 1057 668 1084 in
683 1057 846 1085 bzec'deliria
866 1055 940 1083 haud
964 1055 1124 1083 incidissent
1138 1057 1168 1082 ut

385 1109 425 1129 sic
447 1102 594 1136 sentirent;
619 1110 670 1130 nec
692 1102 883 1133 nescivissent,
906 1102 998 1130 lunam
1024 1108 1083 1136 quae
1099 1108 1167 1136 quo-

384 1148 508 1176 rumdam
523 1149 669 1181 sententia,
692 1149 819 1183 suo‘ipsa
835 1149 938 1176 lumine
951 1151 1055 1181 careat,
1070 1155 1086 1175 a
1109 1148 1167 1176 sole

384 1193 551 1228 illuminari;
575 1195 690 1229 ejusque
716 1194 778 1222 inde
802 1203 862 1222 esse
887 1194 1072 1230 ﬁgurationes,
1093 1194 1166 1230 quod

384 1240 425 1266 sic
438 1239 479 1267 vel
505 1239 545 1267 sic
565 1240 647 1268 distet
671 1248 685 1267 a
707 1241 774 1269 sole.
794 1240 925 1276 Tuncque
942 1242 1021 1277 plena
1039 1241 1164 1273 edicitur,

383 1292 446 1315 cum
460 1293 475 1312 a
489 1285 546 1313 sole
558 1285 640 1314 distat
654 1291 763 1314 centum
779 1288 917 1322 octoginta
934 1287 1074 1322 gradibus.
1087 1286 1165 1314 Tunc

383 1339 448 1359 vero
471 1332 499 1358 in
515 1331 588 1359 coitu
609 1336 661 1365 est,
680 1340 743 1360 cum
766 1333 794 1360 in
812 1333 908 1362 eodem
923 1341 985 1361 cum
999 1333 1056 1361 sole
1079 1332 1165 1367 gradu

385 1376 481 1404 fertur.
500 1376 612 1412 Deinde,
632 1379 769 1414 quomodo
786 1387 840 1406 nou
862 1380 972 1412 mirum,
988 1387 1041 1414 qua
1056 1377 1164 1405 tandem

383 1423 429 1450 ﬁat
442 1428 558 1455 ratione,
574 1429 632 1451 tum
656 1424 747 1451 multae
767 1425 822 1452 sint
838 1425 936 1451 animae
952 1429 979 1452 et
997 1432 1011 1451 a
1031 1423 1166 1452 diversis?

383 1468 490 1496 Etenim
513 1472 576 1496 sunt
592 1469 686 1495 mundi
712 1469 799 1504 ipsius
821 1472 847 1496 et
865 1469 1034 1500 animalium,
1051 1473 1078 1495 et
1101 1468 1165 1497 stin-

382 1514 456 1548 pium
473 1517 499 1540 et
514 1513 694 1548 nympharum
715 1517 741 1540 et
761 1514 914 1541 daemonum
929 1522 936 1540 :
954 1519 986 1539 ac
998 1511 1024 1539 in
1040 1512 1082 1539 his
1096 1511 1166 1540 facie

382 1557 598 1592 distinguuntur,
617 1558 779 1591 volucrium,
805 1557 976 1584 terrestrium
994 1556 1162 1589 animalium,

381 1607 407 1630 et
420 1610 515 1631 eorum
527 1610 588 1638 quae
604 1603 741 1638 amphibia
753 1607 817 1631 sunt
831 1612 838 1630 :
855 1603 882 1629 in
900 1603 964 1630 luna
975 1605 1065 1630 autem
1080 1610 1164 1630 unum

382 1648 519 1682 quodnam
540 1649 629 1676 simile
645 1657 744 1684 corpus
765 1656 873 1684 semper
889 1648 969 1676 nobis
985 1647 1163 1682 conspicitur.

381 1693 453 1726 Quid
469 1701 533 1721 vero
546 1697 572 1721 et
591 1694 647 1721 bzec
662 1696 786 1730 corporis
801 1694 988 1722 continuitas?
1003 1694 1041 1721 Ac
1055 1694 1163 1729 quidem

381 1746 444 1765 cum
473 1738 537 1766 luna
566 1739 715 1774 semiplena
738 1744 790 1773 est,
819 1744 931 1776 apparet
956 1740 1163 1773 semicirculus;

381 1791 500 1823 cumque
520 1785 665 1820 plusquam
688 1786 787 1818 media,
812 1786 883 1814 idem
906 1794 1014 1814 rursus.
1039 1786 1163 1818 Quonam

381 1829 465 1865 igitur
480 1830 560 1858 modo
577 1830 605 1858 in
621 1831 713 1859 lunam
727 1836 916 1864 assumuntur,
935 1840 966 1859 ac
979 1839 1033 1867 quo
1044 1840 1100 1860 usae
1115 1840 1162 1859 ve-

381 1875 490 1903 hiculo?
508 1876 536 1903 Si
559 1878 632 1905 enim
657 1878 716 1905 leve
737 1883 779 1906 cst
800 1878 873 1907 velut
888 1878 970 1914 ignis,
996 1886 1051 1905 non
1073 1879 1162 1906 solum

380 1929 429 1957 par
442 1922 475 1949 ad
493 1923 585 1950 lunam
606 1923 730 1955 evadere.
747 1925 795 1952 sed
818 1926 944 1959 superius
964 1924 1096 1960 quidquid
1120 1929 1163 1952 est

381 1968 575 1997 transcendere
591 1979 597 1996 :
614 1970 656 1996 sin
672 1974 762 1998 autem
777 1978 868 2006 grave,
884 1978 934 1999 nec
949 1979 963 1998 a
976 1971 1110 2007 principio
1129 1971 1162 1998 ad

380 2013 472 2041 lunam
491 2014 554 2042 licet
572 2015 715 2051 attingere.

415 2059 545 2094 Quaenam
560 2069 625 2089 vero
638 2062 707 2090 ratio
728 2067 780 2094 est.
799 2066 829 2089 ut
848 2063 921 2098 quod
935 2063 1052 2098 primum
1075 2063 1108 2090 ad
1123 2064 1163 2091 lu-

380 2113 443 2133 nam
465 2107 584 2139 advenit,
598 2115 653 2135 non
677 2109 769 2136 statim
792 2109 826 2135 ad
847 2109 931 2136 solem
946 2109 1160 2142 transmittatur,

380 2150 428 2178 sed
442 2157 581 2188 exspectet
603 2161 664 2180 cum
682 2155 761 2188 plena
785 2158 836 2188 est,
852 2155 916 2181 dum
932 2156 1043 2190 reliquae
1064 2156 1161 2184 anima:

381 2197 546 2225 adveniant?
559 2197 626 2225 Cum
648 2199 731 2234 igitur
747 2200 809 2226 luna
827 2208 887 2235 qua:
903 2201 983 2235 plena
1006 2205 1088 2234 esset,
1113 2202 1160 2229 de-

1177 1587 1200 1616 α

381 2243 489 2276 crescit,
513 2244 599 2272 virtus
615 2253 648 2272 eo
663 2250 785 2280 tempore
801 2246 847 2273 ubi
862 2251 971 2280 manet;
996 2247 1083 2275 donec
1099 2256 1159 2283 quae
1172 2263 1198 2293 υ

379 2294 493 2316 vacuata
510 2290 598 2316 fuerat
618 2291 754 2324 prioribus
774 2291 928 2323 animabus,
944 2293 1015 2319 haud
1032 2301 1112 2320 secus
1128 2301 1160 2321 ac

379 2335 445 2362 urbs
468 2334 600 2369 desolata,
622 2336 703 2363 aliam
725 2344 834 2364 rursum
856 2338 990 2365 coloniam
1009 2339 1071 2366 luna
1092 2339 1160 2367 reci-

379 2379 458 2419 piat:
478 2380 543 2408 Erat
559 2381 631 2408 enim
647 2382 728 2408 etiam
753 2382 899 2410 thesaurus
922 2383 1033 2418 quidam
1049 2385 1077 2411 in
1093 2392 1160 2420 qua-

379 2426 441 2453 dam
455 2429 535 2454 terra:
550 2431 626 2462 parte
643 2427 839 2463 segregandus,
862 2430 905 2457 vel
925 2430 1050 2463 nubium,
1065 2432 1106 2458 vel
1123 2432 1160 2458 al-

378 2471 463 2499 terius
478 2472 619 2507 cujusdam
632 2473 702 2509 loci;
715 2474 760 2501 ubi
776 2475 873 2502 animae
887 2482 1067 2512 congregatae,
1080 2484 1161 2513 para-

378 2518 414 2545 tae
429 2522 521 2546 essent
533 2523 562 2546 ut
576 2519 611 2548 ad
625 2521 719 2549 lunam
733 2523 955 2559 commigrarent.

416 2607 515 2637 Verum:
532 2610 585 2639 alia
605 2619 702 2642 rursus
716 2615 831 2650 emergit
842 2616 967 2650 quaestio.
984 2615 1055 2649 Quid
1076 2615 1159 2650 igitur

377 2663 470 2684 causa
484 2658 526 2684 est
537 2663 587 2685 cur
602 2665 656 2686 non
671 2659 762 2688 statim
776 2662 932 2696 repleatur?
942 2668 989 2690 aut
1001 2670 1051 2690 cur
1060 2671 1159 2691 rursus

378 2702 438 2731 dies
451 2702 608 2738 quindecim
622 2707 780 2739 exspectat?
792 2706 847 2735 Nec
863 2708 937 2736 istud
956 2709 1089 2737 minorem
1107 2709 1158 2736 ha-

376 2748 423 2777 bet
440 2749 657 2782 admirationem,
677 2757 758 2784 quam
773 2759 805 2779 ea
820 2761 881 2788 quas
900 2754 975 2782 dicta
989 2759 1069 2789 sunt;
1085 2754 1158 2790 quod

379 2802 517 2829 nunquam
534 2795 568 2823 ab
588 2795 662 2823 omni
678 2799 751 2823 retro
769 2796 910 2825 hominum
934 2800 1064 2827 memoria
1080 2805 1158 2828 extra

377 2839 638 2875 quintumdecimum
655 2841 727 2869 diem
752 2841 816 2869 luna
841 2843 919 2877 plena
947 2844 1008 2872 fuit.
1030 2845 1102 2878 Quin
1121 2852 1158 2872 ne

377 2885 475 2918 diluvii
495 2885 604 2921 quidem
619 2891 739 2923 tempore
754 2887 805 2916 sub
825 2887 999 2924 Deucalione,
1016 2890 1157 2924 magisque

1218 972 1309 999 ναμιν,
1323 965 1392 993 κατὰ
1406 965 1502 1001 μικρὸν
1514 966 1699 1001 διακρίναντες
1711 966 1763 992 ἀπὸ
1777 966 1827 1001 τῆς
1841 965 1916 1002 ὕλης,
1929 966 1999 1001 πρὸς

1216 1010 1261 1037 τὸν
1271 1010 1336 1037 Θεὸν
1350 1011 1543 1047 παρέπεμψαν.
1553 1009 1586 1038 Εἴ
1594 1011 1615 1037 δ’
1625 1009 1695 1046 ἦσαν
1708 1010 1836 1038 καὶκατὰ
1849 1011 1947 1047 μικρὸν
1957 1012 2001 1043 είς

1217 1056 1392 1092 ἀστρονόμων
1407 1057 1492 1093 Θύρας
1516 1058 1711 1093 φοιτήσαντες,
1729 1057 1779 1084 ούκ
1796 1056 1829 1083 ἃν
1848 1057 1934 1084 ταῦτα
1950 1065 2001 1084 πε-

1216 1102 1369 1130 πόνθεσαν·
1392 1103 1453 1130 οὒτε
1479 1103 1615 1140 ἠγνόησαν
1638 1104 1682 1136 ἂν,
1701 1104 1742 1130 ὅτι
1766 1104 1782 1139 ή
1806 1103 1904 1139 σελήνη
1927 1103 2001 1130 κατὰ

1215 1156 1290 1180 τινας
1302 1148 1416 1185 ἄμοιρος
1434 1147 1502 1177 οὖσα
1519 1150 1584 1176 ίδίου
1600 1150 1698 1185 φωτὸς,
1718 1150 1770 1177 ὑπὸ
1787 1149 1834 1177 τοῦ
1855 1150 1930 1186 ἡλίου
1949 1159 2002 1177 κα-

1213 1194 1393 1230 ταλάμπεται·
1407 1196 1454 1223 καὶ
1464 1196 1505 1223 ὅτι
1518 1197 1543 1222 οί
1558 1197 1742 1232 σχηματισμοὶ
1756 1196 1842 1232 αὐτῆς
1855 1198 1907 1223 εἱσι
1922 1196 2002 1232 παρὰ

1215 1240 1265 1273 τὰς
1282 1241 1329 1268 τοῦ
1343 1241 1417 1277 ἡλίου
1435 1242 1606 1275 διαστάσεις·
1629 1242 1796 1278 πανσέληνος
1815 1251 1845 1269 τε
1865 1243 2000 1278 γίγνεται,

1214 1286 1253 1313 ὅτ’
1267 1286 1300 1313 ἂν
1316 1286 1404 1324 ἀπέχῃ
1421 1287 1470 1314 τοῦ
1490 1288 1564 1324 ἡλίου
1584 1288 1634 1320 τὰς
1653 1289 1749 1316 ἑκατὸν
1767 1288 1816 1316 καὶ
1836 1289 2001 1325 ὀγδοήκοντα

1217 1332 1326 1367 μοίραςσ
1349 1333 1457 1365 σύνοδος
1476 1333 1515 1365 δὲ,
1537 1334 1575 1360 ὅτ’
1587 1333 1621 1360 ἂν
1640 1334 1686 1360 ἐπὶ
1706 1334 1756 1369 τῆς
1776 1334 1861 1369 αὐτῆς
1879 1333 1918 1369 τῷ
1930 1334 2002 1370 ήλίῳ

1215 1377 1331 1412 φέρηται
1345 1378 1450 1414 μοίρας.
1464 1379 1579 1405 Ἔπειτα
1592 1379 1620 1406 δὲ
1632 1379 1689 1410 πῶς
1702 1380 1732 1405 οὺ
1748 1379 1912 1414 θαυμαστὸν,
1924 1380 2002 1412 ὅπως

1214 1422 1282 1449 ποτὲ
1298 1422 1392 1450 πολλαὶ
1408 1422 1485 1450 οὖσαι
1504 1425 1532 1450 αι
1546 1424 1631 1459 ψυχαὶ
1641 1424 1688 1450 καὶ
1707 1424 1762 1451 ἀπὸ
1776 1424 1910 1461 διαφόρων
1921 1434 1929 1459 ;
1942 1426 2001 1454 Καὶ

1215 1468 1270 1504 γᾴρ
1285 1469 1331 1496 τοῦ
1348 1469 1449 1505 κόσμου
1464 1470 1546 1497 αὑτοῦ
1559 1471 1606 1497 καὶ
1618 1470 1693 1502 ζώων
1703 1471 1750 1498 καὶ
1761 1471 1853 1506 φυτῶν
1868 1471 1915 1498 καὶ
1930 1480 2000 1507 νυμ-

1215 1515 1272 1551 φῶν
1285 1516 1332 1544 καὶ
1343 1516 1475 1553 δαιμόνων
1496 1516 1572 1543 είσίν·
1589 1518 1634 1544 καὶ
1645 1518 1674 1543 ἐν
1688 1516 1791 1548 τούτοις
1806 1517 1923 1552 πτηνῶν.
1933 1526 2000 1554 χερ-

1217 1562 1310 1594 σαίων,
1332 1563 1468 1598 ἀμφιϐίων
1484 1562 1664 1598 διακρίνονται
1683 1563 1716 1598 τῇ
1739 1562 1814 1597 ὄψει’
1831 1562 1899 1590 ἀλλὰ
1918 1563 1948 1590 ἓν
1969 1572 2000 1590 τι

1218 1608 1298 1645 σῶμα
1310 1609 1401 1644 ὅμοιον
1417 1610 1460 1636 ἀεὶ
1472 1609 1515 1636 διὰ
1529 1609 1629 1641 παντὸς
1641 1609 1763 1644 φαίνεται
1781 1609 1846 1645 ἡμῖν
1861 1609 1890 1636 ὲν
1904 1611 1937 1646 τῇ
1953 1617 2001 1636 σε-

1215 1655 1293 1693 λήνη.
1309 1655 1342 1681 Τί
1357 1654 1385 1682 δὲ
1399 1656 1447 1682 καὶ
1460 1655 1490 1682 τὸ
1508 1655 1617 1691 συνεχὲς
1627 1653 1674 1682 τοῦ
1693 1655 1818 1691 σώματος
1833 1654 1927 1688 τοῦτο;
1940 1655 2001 1682 Καὶ

1214 1700 1259 1727 ὅτε
1278 1700 1327 1736 μὲν
1343 1699 1484 1737 διχότομος
1501 1701 1575 1730 ἐστιν
1594 1701 1610 1736 ή
1628 1700 1737 1737 σεληνη,
1754 1701 1914 1736 φαινόμενον
1928 1702 2000 1737 ἡμι-

1215 1745 1338 1772 κύκλιον·
1361 1746 1406 1773 ὃτε
1425 1747 1454 1773 δὲ
1476 1747 1659 1783 ἀμφίκυρτος,
1676 1747 1796 1774 τοιοῦτον
1815 1747 1907 1774 πάλιν.
1934 1747 2002 1780 Πῶς

1214 1791 1447 1827 ἁναλαμὸάνονται
1470 1793 1516 1819 ἐπὶ
1532 1794 1581 1829 τὴν
1597 1793 1710 1830 σελήνην
1730 1793 1746 1830 ἦ
1767 1792 1837 1830 ποίῳ
1856 1792 2001 1831 χρώμεναι

1215 1839 1349 1874 σχήματι;
1360 1839 1391 1866 Et
1402 1839 1450 1874 μὲν
1459 1839 1514 1876 γὰρ
1528 1840 1627 1875 κοῦφόν
1640 1841 1713 1867 ἐστιν
1725 1837 1780 1867 οἷον
1790 1839 1856 1876 πῦρ.
1871 1840 1920 1867 οὐκ
1930 1841 1997 1877 ἄχρι

1212 1883 1264 1918 τῆς
1285 1884 1398 1920 σελήνης
1422 1885 1501 1920 μόνον
1519 1885 1591 1918 είκδς
1611 1886 1737 1921 γενέσθαι
1758 1885 1801 1918 ἂν,
1817 1885 1875 1912 ἄλλ’
1892 1886 1998 1914 ἄνωθεν

1211 1928 1365 1961 διαπαντός·
1379 1930 1403 1956 εί
1418 1929 1446 1957 δὲ
1460 1930 1540 1967 βαρὺ,
1554 1931 1608 1958 οὐδ’
1622 1931 1710 1968 ἀρχὴν
1725 1931 1792 1966 πρὸς
1804 1931 1917 1968 σελήνην
1932 1932 1998 1967 ἀφι-

1213 1974 1309 2002 κέσθαι
1319 1973 1374 2003 οἷόν
1386 1984 1426 2003 τε.
1648 1970 1652 1975 ’

1246 2067 1314 2094 Τίνα
1333 2067 1362 2094 δὲ
1382 2067 1459 2103 λόγον
1482 2068 1548 2104 ἔχει,
1565 2069 1596 2095 τὸ
1618 2069 1722 2105 πρῶτον
1739 2069 1903 2105 ἀφικόμενον
1925 2071 1996 2107 πρὸς

1213 2113 1339 2150 σελήνηνι
1354 2115 1391 2150 μὴ
1413 2113 1493 2146 εὐθὺς
1513 2114 1581 2150 πρὸς
1601 2115 1676 2150 ἥλιον
1696 2115 1915 2151 ἀναπέμπεσθαι.
1933 2116 1993 2143 ἀλλ’

1211 2158 1368 2194 ἐκδέχεσθαι
1389 2159 1439 2196 τὴν
1464 2160 1628 2196 πανσέληνον
1652 2160 1699 2193 τὰς
1719 2160 1773 2187 τῶν
1792 2161 1881 2189 ἄλλων
1898 2161 1994 2197 ψυχῶν

1211 2205 1372 2240 ὲπιδημίας;
1395 2206 1460 2232 Ὅτε
1483 2205 1572 2233 τοίνυν
1587 2206 1642 2234 ἀπὸ
1654 2206 1706 2242 τῆς
1728 2207 1893 2243 πανσελήνου
1912 2207 1928 2242 ἡ
1948 2215 1993 2234 σε-

1211 2251 1278 2287 λήνη
1300 2251 1422 2287 μειοῦται
1445 2251 1681 2288 ἀποχωριξομένη,
1700 2253 1814 2289 δύναμις
1829 2253 1875 2280 τὸν
1897 2253 1992 2289 χρόνον

1210 2297 1304 2324 τοῦτον
1324 2298 1375 2324 tvo-3
1396 2298 1482 2333 μένει,
1501 2298 1553 2330 ἕως
1572 2299 1605 2326 ἂν
1623 2298 1771 2326 κενωθεῖσα
1793 2301 1809 2335 ή
1825 2300 1922 2335 σελήνη
1938 2300 1993 2327 τῶν

1210 2343 1352 2379 προτέρων
1372 2343 1475 2379 ψυχῶν,
1492 2343 1617 2380 καθάπερ
1636 2345 1713 2376 πόλις
1734 2345 1845 2381 ἔρημος,
1863 2346 1992 2381 δευτέραν

1211 2389 1291 2416 πάλιν
1307 2389 1415 2424 δέξηται
1429 2390 1572 2423 ἀποικίαν;
1601 2391 1699 2426 Ἐχρῆν
1713 2390 1767 2426 γὰρ
1781 2390 1933 2425 ἀφωρίσθαι
1945 2393 1992 2419 καὶ

1210 2434 1344 2470 θησαυρόν
1360 2444 1419 2462 τινα
1436 2436 1464 2461 ἔν
1474 2444 1526 2462 τινι
1539 2436 1616 2471 μέρει
1629 2436 1678 2471 τῆς
1689 2436 1750 2470 γῆς,
1767 2435 1783 2471 ἦ
1798 2436 1851 2462 τῶν
1862 2437 1990 2471 νεφελῶν,

1209 2480 1225 2515 ἢ
1240 2479 1332 2514 ἑτέρου
1348 2479 1430 2506 τόπου
1444 2479 1525 2512 τινδς,
1544 2479 1606 2506 ἔνθα
1617 2480 1644 2506 αί
1656 2479 1739 2514 ψυχαὶ
1753 2481 1990 2516 συναγειρόμεναι.

1209 2525 1315 2560 ἕτοιμαι
1330 2525 1468 2560 γίγνονται
1485 2524 1553 2560 πρὸς
1565 2525 1615 2559 τὴν
1634 2524 1779 2560 ἐπιδημίαν
1792 2525 1841 2560 τὴν
1860 2526 1927 2561 πρὸς
1947 2535 1991 2552 σε-

1208 2569 1301 2606 λήνην.

1250 2616 1330 2643 Ἀλλὰ
1344 2617 1423 2644 πάλιν
1437 2616 1538 2652 ἀπορία
1557 2615 1646 2651 ἑτέρα.
1669 2615 1717 2642 Διὰ
1732 2617 1758 2643 τί
1773 2617 1862 2644 τοίνυν
1877 2617 1928 2644 οὐκ
1943 2611 1990 2643 eo;

1209 2662 1257 2694 θῡς
1278 2661 1445 2697 πληροῦται;
1466 2661 1483 2697 ἦ
1504 2661 1548 2688 διὰ
1566 2661 1593 2687 τί
1617 2661 1697 2688 πάλιν
1718 2662 1768 2694 τὰς
1795 2662 1988 2690 πεντεκαίδεκα

1207 2708 1315 2744 ἡμέρας
1336 2708 1490 2743 περιμένεις
1511 2707 1568 2734 Οὐκ
1585 2707 1692 2735 ἔλαττον
1715 2708 1742 2735 δὲ
1758 2709 1812 2735 τῶν
1836 2707 1988 2744 εἰρημένων

1208 2753 1361 2789 θαυμαστὸν
1371 2754 1418 2780 καὶ
1431 2752 1520 2784 τοῦτο,
1534 2752 1564 2779 τὸ
1577 2753 1720 2789 μηδέποτε,
1735 2754 1780 2789 ἀφ’
1795 2752 1824 2781 οὗ
1837 2754 1988 2789 μέμνηνται

1207 2800 1233 2827 oi.
1246 2799 1394 2834 ἄνθρωποι,
1408 2798 1458 2835 τὴν
1472 2799 1585 2835 σελήνην
1601 2800 1679 2832 me;
1702 2799 1897 2827 πεντεκαίδεκα
1918 2797 1987 2832 ἢμι-

1208 2845 1263 2880 ρῶν
1277 2844 1481 2880 πεπληρῶσθαι.
1503 2845 1582 2872 Ἀλλὰ
1593 2846 1630 2882 μὴ
1642 2846 1664 2872 δ’
1677 2847 1722 2872 ἐπὶ
1735 2845 1781 2871 τοῦ
1796 2842 1988 2878 κατακλυσμοῦ

1207 2890 1254 2918 τοῦ
1271 2891 1318 2918 ἐπὶ
1332 2889 1434 2918 Δευκαλ
1447 2899 1514 2923 ωνος
1523 2899 1530 2906 ·
1546 2890 1594 2918 καὶ
1606 2891 1646 2918 ἔτι
1662 2890 1760 2918 μᾶλλον
1776 2889 1822 2917 ἐπὶ
1832 2887 1988 2921 Φορωνέως·
