2145 3163
224 168 271 194 Ml

224 227 266 254 ἥτε
281 226 378 257 πάντα,
393 225 431 257 ὡς
445 226 541 257 εἰπεῖν,
555 224 589 251 τὰ
598 224 644 251 ἐπὶ
653 224 706 259 γῆς
721 223 864 260 διεφθάρη,
879 225 924 251 καὶ
937 223 1002 250 πολ·
1015 229 1038 255 Α

225 272 271 308 λὴν
285 271 334 307 τὴν
345 271 457 307 δύναμιν
471 270 570 306 συνέᾶη
585 269 770 305 διακεκρίσθαι
784 270 833 304 τῆς
849 269 922 305 ὕλης.
940 270 1001 296 Χω-

225 317 266 353 ρὶς
286 316 315 343 δὲ
333 316 436 343 τούτων
456 316 503 342 καὶ
523 314 608 350 φορὰς
628 314 728 348 γενεῶν
748 314 796 340 καί⁵
817 314 931 348 ἀφορίας
954 314 1001 340 καὶ

225 362 327 398 φθορὰν
346 363 447 398 ὁμοίως
464 362 573 388 σκοπεῖν
593 360 746 395 προσῆκεν·
763 356 800 386 ὧν
815 358 944 390 ὡσαύτως
964 358 1002 394 μὴ

225 409 371 445 γινομένων
383 408 454 435 κατὰ
467 408 552 441 τάξιν,
569 407 621 443 χρὴ
637 407 702 442 μηδὲ
715 406 764 442 τὴν
779 406 854 438 τάξιν
868 406 922 433 τῶν
937 415 1003 433 παν-

225 455 350 490 σελήνων,
365 454 432 490 μηδὲ
446 453 499 481 τῶν
514 452 650 489 μειώσεων
663 451 734 478 οὕτω
747 451 896 486 τηρεῖσθαι.

659 161 869 193 TRACTATUS
887 161 935 189 DE
949 159 1107 189 PLACITIS
1124 159 1400 190 HANICHEORUII.

1774 154 1829 185 με

1054 221 1144 249 adhuc
1167 222 1220 250 sub
1240 222 1392 253 Plini-onem
1415 217 1524 257 quando
1536 224 1569 246 ea
1585 224 1646 252 qua:
1657 218 1734 244 erant
1750 222 1831 250 super

1052 271 1165 300 terram,
1180 271 1211 295 ut
1232 268 1273 295 sic
1294 268 1395 296 dicam.
1416 265 1508 293 omnia
1529 263 1703 293 interierunt,
1723 261 1831 296 vimque

1053 320 1178 348 magnam
1197 313 1308 342 virtutis
1331 311 1445 347 contigit
1458 317 1474 337 a
1496 308 1609 340 mteria
1628 306 1775 341 segregari.
1790 305 1832 332 Ad

1050 357 1109 386 haec
1129 365 1194 385 vero
1207 357 1288 385 etiam
1303 357 1507 392 generationurn
1520 355 1667 390 proventus
1683 358 1832 386 earumque

1052 402 1174 430 delectus
1197 409 1229 429 ac
1247 401 1400 433 frustratio,
1425 399 1603 434 similiterque
1625 397 1830 431 corruptionum

1052 447 1214 475 attendenda
1228 452 1322 480 erant;
1337 454 1398 482 quae
1409 453 1473 473 cum
1486 444 1582 473 eodem
1600 442 1681 472 modo
1694 446 1722 470 et
1735 441 1832 468 ordine

1051 500 1107 521 non
1122 493 1258 525 eveniant,
1277 500 1327 520 nec
1345 491 1558 528 pleniluniomm
1578 488 1658 520 ordo.
1676 494 1727 516 nec
1736 486 1831 514 decre-

1052 539 1156 567 scentis
1168 539 1238 566 lunae
1248 542 1371 570 tempora
1385 537 1426 564 sic
1441 535 1613 565 observanda
1625 536 1714 562 erant.

223 606 289 634 CAP.
308 603 401 634 XXIII.
420 604 512 641 Imago
527 605 649 644 Haterii:
661 606 688 633 in
706 606 770 644 sole.
786 605 820 632 ad
830 614 909 644 quam
917 607 994 635 homo
1005 616 1015 635 :
1029 616 1103 644 Ilqu
1120 617 1151 636 ac
1165 608 1297 636 delirium.
1313 607 1443 635 Deliriam
1458 607 1530 644 item.
1544 605 1676 633 hominem
1687 612 1704 631 ιι
1719 603 1832 630 munia

500 650 555 669 esse
565 641 709 668 conditum.
727 641 824 674 Homo,
843 641 881 668 vel
895 641 1080 677 conipositum’,
1096 645 1135 672 uel
1148 645 1247 676 animo.
1265 643 1304 671 vel
1318 651 1388 670 ment
1402 647 1426 669 et
1438 642 1552 668 animus.

258 701 295 728 Οὐ
311 700 499 736 παρέργωςδὲ
520 700 580 727 οὐδὲ
599 701 686 737 τούτῳ
708 702 883 736 προσεκτέον.
907 703 967 729 Ὀτι
980 703 1004 728 εἰ

226 747 275 782 μὲν
289 747 401 783 ἄπειρός
423 748 495 774 ἐστιν
512 748 529 782 ὴ
551 747 748 783 ὲναποκειμένη
768 749 801 784 τῇ
822 747 872 784 ὕλῃ
891 747 1004 784 δύναμις

224 792 291 824 θεία,
309 793 376 828 πρὸς
389 793 420 819 τὸ
433 792 573 828 μειοῦσθαι
593 793 678 828 αὐτὴν
687 793 764 820 οὐδὲν
777 793 897 825 δύναται,
915 793 933 820 ἃ
945 793 1004 820 δια-

223 838 459 873 πραγματεύονται
468 839 542 873 ἥλιος
553 838 600 866 καὶ
611 839 719 874 σελήνη.
730 839 767 865 Τὸ
780 839 834 875 γὰρ
845 839 1003 874 λειπόμενον

223 883 303 910 πάλιν
323 883 436 919 ἄπειρον
458 884 511 910 ἀπὸ
535 884 741 919 πεπερασμένου
772 884 819 911 τοῦ
843 884 1001 920 ληφθέντος.

1090 702 1130 730 Ac
1142 710 1193 730 nec
1208 701 1281 730 istud
1296 700 1466 729 defunctorie
1478 689 1585 734 ievique
1598 704 1682 734 opera
1694 697 1832 724 attenden-

1056 746 1131 774 dum.
1145 746 1247 783 Nempe
1265 746 1288 777 si
1305 746 1409 773 inﬁnita
1428 750 1470 773 est
1486 743 1577 771 divina
1593 742 1682 770 virtus
1697 748 1759 777 quae
1776 748 1833 768 ma-

1055 793 1131 820 teria
1151 793 1236 820 indita
1258 795 1310 825 est,
1327 793 1361 819 ad
1375 798 1435 819 eam
1457 788 1632 819 minuendam
1649 787 1718 814 nihil
1733 788 1833 818 valent,

1054 842 1264 874 quantacunque
1284 838 1325 865 sol
1348 841 1376 865 et
1397 837 1460 864 lu‘na
1483 835 1641 865 moliantur.
1663 832 1741 869 Quod
1759 832 1833 859 enim

1054 884 1188 918 reliquum
1201 886 1253 916 est,
1274 884 1308 910 ab
1322 874 1369 910 ilio
1384 882 1460 909 linito
1475 880 1549 917 quod
1568 884 1705 915 sumptum
1720 881 1774 911 est,
1791 877 1833 905 iu-

223 928 255 955 Ei
269 928 297 955 δέ
312 916 612 965 ἑστιν-πεπερασμένηξ
632 916 714 966 ἐχρῆν
737 930 861 966 αἴσθησιν
870 916 1002 964 ⁷γενέσθαι
1018 916 1039 945 Β
1055 929 1070 957 θ

984 938 1002 957 ιι
1018 916 1039 945 Β
1055 916 1159 958 ﬁnitum
1172 934 1223 957 est.
1235 929 1312 964 Quod
1330 928 1353 956 si
1366 932 1407 956 est
1424 928 1511 960 ﬁnita,
1528 934 1612 954 sensu
1628 924 1831 961 percipiendum

223 975 252 1001 ἐν
265 974 383 1009 τοσούτῳ
396 975 484 1010 χρόνῳ
503 975 585 1001 πόσον
600 976 665 1002 ποτὲ
679 976 729 1010 τῆς
744 975 884 1010 δυνάμεως
900 975 1002 1010 ταύτης

223 1020 255 1047 ιχ
268 1020 314 1046 τοῦ
328 1021 431 1056 κόσμου
446 1021 576 1056 ὲμειὼθη.
597 1021 677 1047 Ἀλλὰ
691 1021 780 1047 πάντα
793 1021 894 1056 ὁμοίως
915 1021 1000 1056 μένει.

223 1066 302 1097 Τίνας
320 1066 350 1092 δὲ
375 1066 476 1101 θυμοὺς
500 1067 548 1102 οὐχ
573 1067 744 1101 ὑπερϐέϐηκε
764 1066 804 1102 τῷ
819 1067 943 1102 ἀπιθάνῳ
955 1066 1003 1094 καὶ

222 1111 316 1142 ταῦτα,
332 1111 376 1137 ὅτε
398 1111 469 1137 κατὰ
487 1111 535 1146 τὴν
555 1111 683 1146 ὀφθεῖσαν
699 1112 727 1137 ὲν
748 1111 815 1146 ἡλίῳ
838 1111 928 1138 εἰκόνα
950 1111 1002 1146 τῆς

223 1157 287 1193 ὕλης
301 1157 346 1184 τὸν
360 1157 500 1192 ἄνθρωπον
519 1157 711 1192 δημιούργημα
730 1155 799 1183 εἷναι
813 1157 932 1190 λέγωσι;
947 1157 1002 1185 Καὶ

222 1203 281 1248 7&9,
290 1202 393 1233 εἰκόνες
407 1201 502 1228 εἴδωλα
522 1202 574 1228 εἰσὶ
587 1201 832 1237 τῶνσὰρχετύπων.
851 1202 882 1228 Εἰ
895 1202 918 1228 δ’
934 1202 1002 1237 ἡλίῳ

222 1249 269 1284 τὴν
285 1248 376 1276 εἰκόνα
387 1248 586 1279 καταλείπουσι,
617 1247 668 1275 ποῦ
683 1248 713 1274 τὸ
735 1248 917 1283 παράδειγμα,
934 1247 1003 1283 πρὸς

222 1295 289 1330 ὅπερ
307 1295 324 1330 η
340 1293 420 1321 εἰκὼν
436 1294 527 1325 αὐτοῖς
543 1293 765 1326 ἁναπέπλασται;
783 1294 820 1320 Οὐ
835 1294 889 1330 γὰρ
906 1293 939 1329 δὴ
953 1293 1002 1320 αύ-

223 1340 268 1366 τόν
281 1348 314 1374 γε
337 1340 383 1366 τδν
398 1339 538 1375 ἄνθρωπον
554 1340 668 1375 φήσουσι
691 1339 735 1366 τὸν
754 1339 839 1371 ὖντως
860 1338 1002 1375 ἄνθρωπον

223 1383 305 1412 εἶναι’
322 1385 383 1412 οὐδὲ
400 1385 450 1420 τὴν
466 1385 578 1420 δύναμιν
592 1385 640 1421 τὴν
655 1385 740 1412 θείαν.
758 1385 864 1422 Ταύτην
883 1387 931 1421 μὲν
947 1385 1003 1421 γὰρ

223 1430 291 1466 πρὸς
314 1431 364 1466 τὴν
387 1429 452 1466 ὓλην
477 1430 650 1466 μιγνύουσιν·
675 1433 703 1458 ὲν
718 1432 785 1467 ἡλίῳ
800 1431 829 1458 δὲ
847 1431 895 1468 τὴν
911 1431 1002 1459 εἰκόνα

222 1477 358 1513 ιωρᾶσθαι
374 1476 507 1511 λέγουσιν,
520 1476 549 1508 ὃς
561 1477 669 1511 ἐγένετο
689 1477 749 1504 κατ’
765 1477 862 1508 αὐτοὺς
880 1477 935 1504 ἀπὸ
952 1476 1003 1513 τῆς

222 1522 291 1558 πρὸς
308 1522 360 1558 τὴν
380 1521 446 1557 ὓλην
470 1521 582 1557 ὕστερον
601 1521 772 1557 διακρίσεως.
797 1522 865 1548 Ἀλλ’
880 1521 940 1549 οὐδὲ
953 1521 1002 1558 τὴν

221 1567 419 1604 δημιουργικὴν
440 1567 543 1595 αἰτίαν·
561 1567 662 1602 ταύτην
677 1567 730 1602 γὰρ
746 1567 792 1594 ἐπὶ
810 1567 931 1603 σωτηρίᾳ
952 1567 1002 1603 τῆς

223 1614 295 1644 θείας
308 1612 447 1648 δυνάμεως
459 1612 688 1651 καταπεπέμφθαι
700 1613 775 1647 φασί’
787 1613 834 1639 καὶ
848 1612 915 1648 πρὸς
926 1611 1002 1647 ἡλίου

223 1659 282 1685 κατ’
300 1658 398 1689 αὐτοὺς
413 1657 522 1689 πάντως
538 1666 569 1692 γε
583 1656 686 1692 ταύτην
699 1657 822 1684 τακτέον·
845 1656 1001 1692 ἐπειδήπερ,

224 1703 375 1740 ἀφιγμένης
385 1703 478 1738 αὐτῆς,
488 1703 533 1729 τὸν
544 1703 618 1738 ἥλιον
628 1703 675 1729 καὶ
686 1702 735 1738 τὴν
748 1702 861 1738 σελήνην
875 1702 925 1738 τῆς
937 1701 1003 1737 ὕλης

224 1747 420 1784 ἀποκεκρίσθαι
437 1747 618 1784 συμϐέϐηκεν.

264 1882 307 1908 Ἐν
318 1881 387 1917 ἡλίῳ
402 1882 430 1908 δὲ
444 1882 493 1917 τὴν
504 1881 593 1909 εἰκόνα
611 1881 748 1918 ἑωρᾶσθαι
766 1881 882 1916 λέγουσι·
890 1882 1004 1918 πεποίηο

223 1937 270 1955 κεν
297 1928 327 1955 δὲ
337 1929 354 1964 ἡ
373 1928 434 1964 ὓλη,
450 1928 526 1962 φασὶ,
536 1928 581 1955 τὸν
593 1928 743 1963 ἄνθρωπον.
759 1927 818 1954 Τίνι
836 1927 899 1954 ποτὲ
912 1928 1004 1964 τρόπῳ

223 1974 240 2009 ἢ
255 1973 332 2006 πῶς;
347 1973 415 2000 οὐδὲ
430 1973 484 2009 γὰρ
500 1973 651 2001 πλάσασθαι
663 1982 694 2008 γε
709 1973 787 2000 τοῦτο
801 1973 921 2001 δυνατόν.
932 1974 1004 2010 Πρὸς

223 2018 277 2054 γὰρ
293 2017 331 2053 τῷ
348 2017 454 2044 εἴδωλον
467 2017 577 2044 εἰδώλου
593 2017 639 2043 τὸν
660 2016 802 2051 ἄνθρωπον
817 2017 950 2052 ὑπάρχειν
963 2016 1006 2043 οὖ-

223 2072 276 2095 τως
293 2071 324 2098 γε
337 2063 398 2090 κατ’
411 2063 520 2096 αὐτοὺς,
535 2063 582 2089 καὶ
599 2062 733 2098 μηδεμίαν
759 2062 830 2097 ἔχειν
845 2062 1003 2094 ὑπόστασιν,

224 2109 264 2136 ἑτι
278 2109 339 2136 οὐδὲ
354 2109 393 2140 εἰς
405 2108 507 2135 ἔννοιάν
524 2110 595 2134 ἐστιν
617 2108 694 2143 ἣκειν
707 2108 853 2143 δυνάμενα,
874 2108 931 2139 πῶς
956 2108 1006 2145 τῆς

225 2154 290 2189 ὕλης
318 2153 397 2189 ἔργον
423 2154 496 2180 ἐστὶν
512 2155 526 2180 ὁ
547 2153 696 2188 ἄνθρωπος.
723 2153 760 2179 Τὸ
785 2153 838 2188 γὰρ
853 2152 1006 2187 λογίζεσθαι

224 2201 270 2227 καὶ
283 2199 425 2226 αἰσθέσθαι
439 2199 497 2226 οὐδὲ
510 2199 558 2235 τῆς
586 2200 645 2225 κατ’
660 2199 758 2230 αὐτοὺς
772 2199 837 2233 ὕλης
861 2199 943 2226 ἐστίν.
957 2198 1005 2231 Τίς

1054 979 1138 1006 esset,
1151 982 1198 1011 per
1217 978 1293 1002 tanta
1317 973 1469 1006 intervalla,
1493 975 1624 1006 quantum
1641 970 1750 999 tandem
1774 971 1834 1004 ejus

1054 1021 1174 1053 virtutis,
1187 1030 1203 1048 e
1214 1020 1315 1048 mundo
1327 1019 1460 1047 minutum
1477 1021 1560 1047 esset.
1576 1017 1610 1044 At
1626 1018 1717 1044 omnia
1734 1015 1833 1044 simili-

1054 1071 1097 1095 ter
1108 1070 1294 1102 perseverant.
1315 1065 1389 1101 Quos
1404 1072 1469 1092 vero
1484 1064 1590 1093 animos
1606 1069 1758 1098 sensusque
1775 1061 1834 1088 haec

1054 1120 1165 1148 quoque
1179 1120 1235 1141 non
1250 1119 1392 1143 exussere
1416 1104 1447 1138 ut
1471 1110 1549 1138 ﬁdem
1574 1108 1691 1144 aliquam
1709 1114 1833 1138 merean-

1054 1163 1108 1191 tur,
1126 1165 1189 1186 cum
1211 1161 1334 1185 creatum
1357 1156 1450 1184 dicant
1473 1156 1611 1183 hominem
1634 1158 1714 1190 atque
1733 1153 1833 1180 formae

1054 1210 1111 1232 tum
1126 1204 1161 1232 ad
1178 1204 1299 1231 materia
1318 1203 1464 1238 imaginem
1478 1203 1507 1237 in
1532 1202 1591 1230 sole
1604 1201 1708 1230 visam?
1727 1199 1834 1235 Quippe

1054 1251 1184 1286 imagines
1207 1249 1354 1278 simulacra
1375 1251 1440 1276 sunt
1456 1247 1591 1282 nudaeque
1615 1244 1833 1281 repraesentatio-

1054 1303 1104 1324 nes
1127 1295 1280 1331 principum
1302 1294 1464 1323 formarum.
1487 1292 1567 1326 Quod
1590 1292 1613 1319 si
1640 1291 1785 1321 imoainem
1805 1297 1833 1316 in

1055 1341 1112 1369 sole
1124 1340 1276 1373 includunt.
1295 1340 1406 1368 ubinam
1428 1338 1566 1376 exemplar
1581 1337 1614 1365 ad
1628 1337 1700 1372 quod
1715 1336 1757 1367 eis
1778 1336 1834 1364 elli-

1054 1391 1099 1416 cta
1118 1391 1160 1416 est
1171 1387 1275 1422 imago!
1290 1386 1368 1415 Haud
1382 1394 1448 1414 sane
1474 1385 1546 1415 enim
1567 1384 1710 1413 hominm
1731 1383 1833 1418 ipsum,

1055 1440 1117 1461 vere
1129 1432 1277 1465 hominem,
1293 1431 1392 1459 dicturi
1408 1435 1487 1465 sunt;
1507 1437 1595 1466 neque
1610 1430 1731 1457 divinam
1747 1429 1829 1456 virtu-

1055 1483 1207 1507 temznam
1236 1477 1307 1505 hanc
1332 1475 1440 1512 quidem
1468 1483 1530 1503 cum
1558 1475 1674 1503 materia
1701 1474 1834 1506 miscent;

1054 1521 1198 1558 imaginem
1214 1528 1280 1549 vero
1301 1521 1331 1549 in
1347 1521 1405 1549 sole
1428 1519 1514 1548 visam
1535 1519 1652 1553 docent;
1670 1519 1727 1554 qui.
1744 1522 1776 1546 ut
1796 1517 1835 1545 illi

1053 1567 1210 1603 opinantur,
1229 1570 1324 1601 postea
1343 1564 1469 1594 conditus
1480 1567 1565 1592 estex
1582 1564 1735 1593 secretione
1751 1570 1835 1592 mate-

1052 1613 1108 1640 πίε.
1123 1611 1178 1640 Sed
1191 1619 1281 1647 neque
1293 1618 1403 1638 causam
1419 1617 1510 1638 rerum
1521 1609 1644 1645 opificem
1658 1609 1746 1636 :banc
1762 1610 1835 1637 enim

1051 1658 1165 1686 missam
1179 1657 1265 1686 fuisse
1277 1657 1354 1685 aiunt
1368 1655 1403 1684 ad
1415 1656 1531 1685 salutem
1543 1656 1642 1684 divinae
1655 1656 1748 1682 virtuti
1764 1662 1835 1690 prm-

1053 1703 1178 1732 standam
1195 1712 1202 1730 :
1219 1703 1330 1744 omnino
1351 1710 1406 1738 quo
1423 1703 1531 1730 illorum
1553 1701 1687 1730 sententia
1709 1701 1766 1728 haec
1783 1701 1834 1728 soli

1054 1748 1216 1777 ascribenda
1241 1748 1294 1782 sit;
1318 1748 1421 1776 idcirco
1441 1749 1581 1780 nimirum.
1605 1747 1677 1782 quod
1699 1747 1759 1781 ejus
1784 1746 1835 1773 ad-

1052 1798 1134 1823 ventu
1157 1801 1190 1822 ac
1212 1794 1356 1829 praesentia
1377 1793 1501 1830 contigit,
1522 1794 1660 1829 segregari
1685 1799 1701 1819 a
1720 1792 1835 1820 materia

1052 1839 1138 1868 solem
1156 1843 1182 1866 et
1198 1839 1299 1873 lunam.

1087 1882 1173 1911 Porro
1188 1884 1216 1911 in
1230 1884 1287 1911 sole
1298 1883 1392 1911 dicunt
1407 1884 1494 1911 visam
1509 1891 1571 1911 esse
1593 1883 1756 1918 imaginem;
1773 1890 1835 1911 ma-

1053 1928 1150 1956 teriam
1172 1935 1236 1959 vero
1254 1928 1349 1956 dicunt
1365 1927 1520 1956 condidisse
1543 1928 1690 1956 hominem.
1710 1928 1834 1961 Quonam

1054 1973 1165 2002 tandem
1179 1974 1271 2007 modo.
1285 1981 1372 2010 quave
1385 1974 1509 2003 ratione?
1518 1973 1612 2009 Neque
1623 1975 1695 2001 enim
1705 1974 1756 2001 hoc
1772 1974 1833 2002 sani

1053 2020 1151 2055 capitis
1172 2027 1233 2048 esse
1246 2021 1334 2056 possit
1357 2025 1550 2049 commentum.
1565 2019 1748 2055 Praeterquam
1761 2019 1835 2055 quod

1053 2066 1136 2098 enim,
1155 2065 1228 2101 quod
1251 2067 1287 2094 ita
1303 2067 1431 2097 sentiant,
1446 2066 1527 2094 homo
1549 2065 1631 2094 inane
1656 2065 1834 2094 simulacrum

1054 2111 1143 2140 inanis
1158 2111 1296 2139 simulacri
1320 2111 1429 2139 futurus
1442 2110 1492 2144 ‘sit,
1514 2117 1545 2138 ac
1559 2111 1607 2146 qui
1629 2110 1730 2138 nullam
1742 2117 1832 2137 veram

1055 2156 1152 2184 haheat
1172 2157 1371 2189 exsistentiam,
1384 2156 1473 2184 adhuc
1487 2163 1538 2184 nec
1554 2156 1581 2182 in
1603 2161 1720 2183 mentem
1740 2156 1833 2183 venire

1056 2206 1154 2238 potest,
1169 2209 1286 2238 quonam
1304 2202 1384 2230 modo
1399 2203 1481 2230 homo
1491 2202 1610 2230 materia:
1624 2209 1694 2236 opus
1708 2201 1831 2228 exsistat.

223 2245 251 2272 δὲ
265 2245 326 2272 κατ’
339 2245 436 2276 αὐτοὺς
452 2246 466 2271 ό
480 2244 620 2280 ἄνθρωπος
632 2253 639 2277 ;
650 2243 722 2280 'Apd
737 2253 768 2278 γε
791 2244 821 2271 τὸ
844 2245 876 2271 ὲκ
892 2245 940 2280 τῆς
951 2244 1003 2279 ψυ-
1019 2255 1042 2285 D
1055 2247 1070 2274 Ε

984 2254 1003 2270 ι-
1019 2255 1042 2285 D
1055 2247 1159 2276 Etenim
1175 2249 1280 2276 ratione
1295 2255 1431 2281 sensuque
1447 2248 1497 2280 uti,
1510 2255 1565 2275 non
1579 2247 1638 2281 ejus
1653 2246 1772 2274 materie
1780 2249 1831 2278 est,

223 2290 273 2326 χῆς
286 2290 334 2316 καὶ
348 2289 472 2326 σώματος
487 2290 594 2326 μίγμα;
608 2291 625 2326 ἦ
638 2291 669 2317 τὸ
679 2291 782 2326 ἕτερον,
801 2290 818 2324 ἢ
838 2291 869 2317 τὸ
883 2290 945 2325 ὅλης
957 2290 1004 2325 ψυ-

221 2334 273 2372 χῆς
283 2335 422 2371 ἀνωτέρω,
437 2336 498 2367 νοῦς
508 2344 515 2369 ς
535 2336 604 2363 Ἀλλ’
612 2335 667 2362 εἴτε
678 2335 739 2367 νοῦς
751 2336 819 2366 ἐστι,
832 2335 894 2367 πῶς.
903 2336 933 2362 τὸ
943 2336 1004 2363 κάλ-

222 2373 278 2411 λιον
291 2379 389 2414 γένοιτ’
406 2379 438 2407 ἂν
453 2380 499 2407 τοῦ
516 2380 634 2416 χείρονος
650 2380 728 2416 ἔργον
738 2388 745 2412 ;
757 2379 812 2406 είτε
826 2380 907 2415 ψυχὴ·
926 2379 1003 2416 (ταύ-

222 2434 271 2460 την
284 2424 314 2451 δὲ
327 2423 376 2459 τὴν
393 2424 466 2452 θείαν
476 2425 588 2461 δύναμιν
604 2424 671 2451 εἶναι
694 2426 801 2459 λέγουσι
814 2425 824 2460 )
841 2425 908 2456 πῶς,
926 2425 1003 2459 ἀφαι-

224 2469 350 2505 ρούμενοι
377 2468 422 2495 τὸν
438 2469 504 2496 Θεὸν
524 2471 573 2506 τὴν
589 2470 663 2497 θείαν
679 2470 805 2505 δύναμιν,
827 2470 928 2506 ταύτην
950 2471 1003 2498 ὑπὸ

221 2514 270 2550 τὴν
293 2514 345 2548 τῆς
369 2513 434 2549 ὕλης
459 2515 639 2550 δημιουργίαν
662 2516 891 2547 κατατάττουσινς
915 2517 945 2542 ΕΞ
974 2516 1002 2542 δὲ

222 2560 253 2588 τὸ
273 2560 353 2595 σῶμα
381 2560 459 2595 μόνον
483 2562 702 2592 καταλείπουσιν,
723 2561 1003 2596 ἀναμιμνησκέτωσαν

223 2606 312 2638 πάλιν,
327 2604 457 2632 ὃτιτοῦτο
470 2606 529 2633 καθ’
544 2607 623 2634 ἑαυτὸ
639 2608 668 2633 ὃν
684 2608 820 2641 ἀκίνητον,
837 2607 885 2642 τῆς
897 2607 924 2634 δὲ
937 2607 1003 2643 ὕλης

222 2653 270 2689 τὴν
290 2651 383 2679 οὐσίαν
407 2651 511 2684 κίνησιν
530 2650 598 2679 εἶναι
615 2654 706 2687 φασίν.
726 2653 805 2680 Ἀλλά
833 2654 885 2689 μὴν
898 2653 958 2681 οὔτε
971 2663 1002 2689 γε

222 2699 296 2727 οΰδὲν
309 2697 371 2725 καθ’
384 2697 463 2723 ἑαυτὸ
479 2697 526 2723 ἐπὶ
549 2698 597 2733 τὴν
613 2699 677 2734 ὓλην
689 2699 800 2733 ἄγεσθαι
815 2699 922 2726 οἴονται.
937 2700 1003 2727 Οὐδὲ

221 2743 251 2770 τὸ
261 2745 293 2771 ὲκ
303 2742 404 2770 τούτων
427 2742 559 2775 συνεστὼς
580 2744 688 2778 εὔλογον
712 2745 812 2781 ταύτης
832 2745 911 2780 ἔργον
933 2743 1003 2774 εἶναι

223 2787 432 2825 ὑπολαμβάνειν.
460 2787 515 2815 Καὶ
530 2788 582 2824 μὴν
602 2790 632 2815 τὸ
657 2791 800 2826 γενόμενον
826 2792 879 2818 ὑπό
893 2793 1005 2823 του.ὂτι

224 2835 330 2867 πάντως
346 2836 435 2871 χεῖρον
445 2833 549 2861 ἐκείνου
561 2854 568 2865 .
587 2835 823 2872 ἀναμφισϐήτητον
837 2837 905 2865 εἶναι
919 2838 1001 2866 δοκεῖ.

223 2880 300 2913 Οὖτιν)
314 2881 369 2923 γὰρ
384 2882 399 2908 6
412 2881 511 2915 κόσμος
524 2880 571 2908 τοῦ
583 2882 753 2916 Δημιουργοῡ
766 2885 863 2916 χεῖρον·
879 2884 926 2911 καὶ
950 2884 1003 2911 τῶν

1053 2301 1133 2329 quam
1154 2293 1206 2329 ipsi
1225 2297 1356 2322 statuunt.
1371 2293 1456 2326 Quem
1473 2300 1539 2320 vero
1551 2292 1686 2320 hominem
1700 2293 1832 2323 sentiunt,

1052 2339 1178 2374 quisnam
1192 2339 1251 2369 est?
1265 2338 1335 2366 Num
1349 2338 1422 2375 quod
1435 2346 1467 2366 ex
1485 2338 1576 2366 anima
1590 2345 1622 2365 ac
1643 2344 1756 2372 corpore
1777 2338 1830 2364 mi-

1052 2388 1124 2412 stum
1138 2384 1243 2412 estian
1258 2380 1440 2416 alierum,'vel
1451 2382 1523 2418 quod
1535 2386 1590 2410 tota
1605 2382 1693 2408 anima
1702 2380 1826 2415 superius

1053 2433 1106 2460 est,
1126 2435 1204 2456 mens
1222 2428 1327 2456 scilicet
1346 2432 1427 2462 atque
1449 2427 1575 2454 animus?
1596 2425 1659 2457 Sed.
1675 2426 1731 2452 sive
1754 2432 1831 2452 mens

1052 2478 1232 2508 est,quonam
1253 2473 1332 2501 modo
1348 2472 1421 2507 quod
1446 2471 1594 2507 perfectius
1615 2474 1657 2498 est
1674 2474 1755 2505 atque
1776 2478 1830 2498 me-

1053 2519 1117 2551 lius,
1135 2518 1278 2547 deterioris
1302 2525 1371 2552 opus
1387 2515 1539 2545 exstiterit?
1558 2517 1616 2544 sive
1637 2517 1727 2543 anima
1750 2516 1831 2551 (hanc

1052 2573 1118 2594 vero
1130 2564 1250 2592 divinam
1272 2564 1399 2591 virtutem
1420 2563 1525 2596 dicunt)
1551 2562 1687 2597 quomodo
1713 2562 1830 2589 ablatam

1054 2610 1109 2639 Deo
1132 2610 1251 2638 divinam
1273 2609 1344 2637 hanc
1363 2607 1502 2641 virtutem,
1525 2608 1645 2635 materiae
1664 2607 1773 2642 opiﬁcio
1798 2613 1830 2634 ac

1053 2654 1182 2684 creationi
1207 2661 1266 2682 eam
1289 2652 1456 2687 subjiciunt?
1478 2652 1555 2686 Quod
1574 2653 1597 2679 si
1619 2653 1706 2680 solum
1729 2658 1828 2685 corpus

1052 2703 1217 2736 relinquunt.
1237 2699 1407 2727 meminerint
1419 2706 1515 2727 rursus
1529 2699 1616 2734 ipsum
1633 2705 1680 2733 per
1694 2704 1723 2724 se
1739 2696 1828 2732 ipsum

1053 2747 1185 2777 immobile
1208 2753 1277 2779 esse,
1300 2749 1474 2781 materiaeque
1496 2745 1642 2772 essentiam
1665 2746 1767 2770 motum
1785 2741 1829 2770 di-

1053 2800 1125 2821 cere.
1140 2793 1173 2819 At
1187 2798 1274 2826 neque
1288 2798 1346 2818 rem
1360 2790 1443 2818 ullam
1454 2792 1538 2826 ipsam
1554 2796 1601 2823 per
1611 2795 1641 2815 se
1650 2794 1736 2822 exque
1750 2786 1828 2822 genio

1054 2839 1087 2866 ad
1098 2836 1236 2865 materiam
1249 2837 1320 2864 trahi
1336 2837 1499 2865 existimant.
1514 2835 1569 2862 Nec
1581 2834 1653 2869 quod
1663 2842 1696 2861 ex
1711 2834 1754 2861 his
1767 2841 1829 2860 con-

1053 2884 1144 2912 ﬂatum
1171 2887 1221 2914 est.
1246 2887 1275 2911 ut
1302 2884 1360 2919 ejus
1384 2890 1452 2914 opus
1479 2885 1646 2911 existimetur
1666 2880 1827 2907 conveniens
