2145 3163
183 122 234 151 ιιε

618 124 826 156 TRAC'I'ATUS
842 127 886 156 DE
904 129 1060 158 PLACITIS
1076 128 1353 159 IANICHEORUM.

1727 129 1781 159 ω

181 180 254 214 ιαϊος
264 179 456 215 διαπράττεται
467 180 540 216 λόγῳ
553 181 617 218 περὶ
636 183 729 210 τούτου
739 182 879 212 διδάσκων·
896 186 956 213 ὀτι
969 190 993 218 Α
1008 187 1028 215 fa

935 194 956 213 τι
969 190 993 218 Α
1008 187 1113 215 facere:
1129 187 1203 222 quod
1217 187 1276 221 ipse
1287 185 1450 214 Manichacus
1459 185 1530 214 libro
1540 185 1574 213 de
1586 193 1619 213 ea
1632 193 1663 214 re
1678 187 1782 220 scripto

180 224 271 260 ὴθεία
280 224 392 260 δύναμις
413 227 453 258 εις
472 226 538 262 ὓλην
561 228 773 263 κατακέκληται,
802 231 849 256 καὶ
873 230 955 257 πάλιν

179 271 324 305 ἀποχωρεῖ.
342 271 446 306 Τρόπον
462 272 538 299 αὐτοὶ
549 273 758 301 ἀναπλάττουσι.
776 275 813 302 Τὸ
830 276 879 313 μὲν
898 275 952 312 γὰρ

179 315 247 341 κατὰ
255 315 299 341 τὸν
309 315 532 351 ἐκκλησιαστικὸν
545 318 622 352 λόγον
634 320 720 348 sitter
731 321 770 351 εἰς
784 319 858 347 λύσιν
869 321 953 356 ἁμαρ-

179 360 241 387 τιῶν
252 361 346 388 ἑαυτὸν
361 362 561 396 ἐπιδεδωκέναι,
575 364 632 399 ἔχει
643 365 732 391 πίστιν
739 365 800 392 τινὰ
810 366 874 402 πρὸς
886 366 951 392 πολ-

177 407 238 438 λοὺς
251 407 304 433 κάκ
321 407 374 433 τῶν
391 408 514 444 ἱστοριῶν
539 409 593 436 τῶν
619 410 678 436 καθ’
697 411 838 446 Ἕλληνας,
864 412 902 438 ἆτ’
917 411 951 439 ἄν

176 461 252 487 φασι,
267 454 350 487 Τινὰς
364 454 438 489 ὑπὲρ
453 457 598 490 σωτηρίας
613 457 728 483 πόλεων
746 456 871 489 ἑαυτοὺς
887 457 952 484 ἐπι-

175 498 343 527 δεδωκέναι.
361 501 418 527 Καὶ
430 501 604 537 παράδειγμα
627 501 675 528 τοῦ
700 501 780 536 λόγου
803 501 860 537 ἔχει
874 503 950 538 καὶὴ

180 544 312 572 Ἰουδαίων
325 547 436 582 ἱστορία,
447 547 492 574 τὸν
509 547 556 574 τοῦ
576 547 700 583 ’Λσραὰμ
712 549 794 575 παῖδα
806 549 845 580 είς
858 548 952 575 Θυσίαν

174 589 213 624 τῷ
223 590 282 626 Θεῷ
298 592 551 627 παρασκευάζουσα.
568 593 605 619 Th
620 593 648 620 δὲ
665 594 703 625 ιίς
718 593 878 628 πράγματος
891 593 953 621 ἐπί-

175 634 255 669 δειξιν
276 637 314 673 τῷ
342 638 481 674 παθήματι
507 639 621 672 ὑπάγειν
643 639 688 666 τὸν
713 639 829 675 Χριστὸν
854 639 954 675 πολλῆς

173 681 247 708 ἔστιν
262 682 390 718 ἀμαθίας,
413 685 452 716 είς
467 684 638 712 διδασκαλίαν
660 685 707 716 καὶ
727 685 828 720 γνῶσιν
842 683 896 711 τῶν
907 683 952 710 δν-

173 733 226 753 των
239 726 285 753 τοῦ
299 728 385 762 Λόγου
401 728 476 760 ὄντος
494 729 626 766 ὑπάρχου.

1006 230 1125 257 instituit
1145 230 1264 264 docere;
1288 230 1361 266 quod
1381 229 1510 257 nimirum
1533 229 1624 257 divina
1644 229 1731 257 virtus
1752 229 1782 257 in

1005 277 1145 304 materiam
1166 277 1277 311 delapsa
1295 277 1342 309 sit,
1363 283 1396 304 ac
1411 284 1507 303 rursus
1530 275 1648 303 recedat.
1672 274 1782 302 Modum

1005 322 1044 348 illi
1060 321 1313 349 comminiscuntur.
1325 320 1398 349 Sane
1411 319 1518 356 quidem
1538 325 1568 348 ut
1583 320 1691 348 dicatur
1702 319 1782 354 juxta

1006 366 1134 394 Ecclesiae
1155 366 1307 394 doctrinam
1324 371 1410 394 semet
1428 367 1518 402 ipsum
1537 365 1680 393 tradidisse
1690 364 1723 392 ad
1738 364 1782 392 di-

1006 410 1104 438 luenda
1127 415 1248 446 peccata.
1265 410 1344 438 fidem
1359 411 1504 446 quamdam
1522 410 1601 447 vulgo
1619 410 1732 440 obtinet.
1746 416 1781 436 ex

1005 455 1073 490 ipsis
1087 463 1193 491 quoque
1204 454 1358 482 Graecorum
1373 455 1504 486 historiis.
1519 462 1581 482 cum
1596 454 1681 486 aiunt.
1702 452 1782 480 Non-

1004 500 1090 528 nullos
1106 509 1133 528 se
1147 501 1216 534 ipso:
1236 499 1366 527 dedidisse
1382 504 1411 526 at
1426 500 1543 527 civitates
1558 499 1699 526 incolumes
1711 506 1781 533 pra-

1003 551 1113 574 starent.
1133 546 1253 581 Ejusque
1274 546 1405 574 doctrina
1423 546 1576 580 exemplum
1595 545 1675 573 habet
1694 548 1721 571 et
1733 543 1782 571 Ju-

1003 590 1122 618 daeorum
1134 590 1246 618 historia
1254 591 1274 623 ¹,
1286 597 1346 625 qua:
1359 590 1472 617 Abrahae
1483 589 1566 617 ﬁlium
1577 590 1604 617 in
1617 589 1781 617 sacriﬁcium

1004 635 1059 663 Deo
1066 639 1198 671 praeparet
1210 639 1345 671 aptetque.
1355 634 1403 662 Rei
1416 639 1505 662 autem
1517 634 1685 662 ostentanda
1694 633 1782 670 gratia

1001 684 1030 708 et
1041 681 1074 708 ad
1089 681 1226 715 specimen
1242 679 1379 708 Christum
1391 679 1510 715 passioni
1521 679 1666 714 subjicere.
1678 685 1782 715 magna:

1004 725 1120 754 inscitia
1134 729 1186 759 est,
1200 733 1261 753 eum
1280 725 1399 753 Verbum
1419 725 1452 752 ad
1467 732 1557 752 rerum
1576 725 1727 752 doctrinam
1748 732 1782 752 ac

1003 771 1146 799 scientiam
1162 778 1262 806 pmses
1277 778 1308 798 ac
1322 771 1426 806 legatus
1439 770 1485 798 sit.

171 823 238 853 Car.
254 825 338 854 XXV.
357 825 565 858 Manichaeorum
581 827 739 856 abstinentia
753 837 769 855 a
783 826 936 857 viventibus.
952 824 1076 861 ridicula;
1090 824 1168 857 Quod
1181 824 1322 852 abhorrent
1335 833 1352 852 a
1365 825 1474 860 nuptiis,
1486 824 1626 852 dementia.
1638 823 1781 861 Giganta.

692 861 964 898 mythologiaﬂintis
981 859 1122 894 allegorica
1137 860 1276 894 expositio.

212 916 410 954 ’Δπέχονταιδὲ
422 918 560 954 ἐμψύχων.
583 919 614 946 El
631 920 680 955 μὶν
694 919 748 955 γὰρ
772 919 865 954 ἑτέρου
879 918 952 949 τινὸς
968 919 989 948 Β
1037 916 1059 942 Α

934 927 952 949 ,ς
968 919 989 948 Β
1037 915 1181 943 Abstinent
1205 920 1295 942 autem
1321 915 1356 942 ab
1383 915 1520 942 animatis.
1541 914 1569 942 Si
1590 915 1699 950 quidem
1721 915 1781 950 ejus

169 963 262 999 χάριν,
279 965 311 992 οὐ
333 965 552 1000 περιεργαστέον*
578 965 603 991 ει
627 965 656 991 δὲ
678 965 744 991 διότι
767 965 784 1000 ή
807 964 950 999 δύναμιςή

171 1008 230 1036 θεία
242 1009 345 1036 τούτων
367 1009 471 1044 ἀπέστη
487 1009 586 1045 μᾶλλον
599 1009 616 1044 ἢ
630 1009 775 1045 ἐνυπάρχει
789 1008 889 1042 πλεῖον,
905 1016 951 1042 γε-

169 1052 320 1089 λοὶσναύτη
332 1054 421 1081 αὐτῶν
434 1055 451 1090 ἡ
474 1054 632 1090 προαίρεσις
651 1053 732 1089 αὕτη.
760 1055 823 1081 Εῐτε
850 1054 904 1093 γὰρ
915 1054 949 1081 τὰ

168 1099 240 1133 φυτὰ
255 1099 335 1125 ἔνυλα
350 1099 458 1134 μᾶλλον,
475 1100 514 1131 εἰς
524 1100 626 1136 τροφὴν
648 1101 694 1127 καὶ
717 1101 820 1127 δίαιταν
833 1101 949 1136 χρῆσθαι

168 1144 208 1180 τῷ
222 1145 322 1180 χείρονι
334 1145 393 1177 πῶς
404 1144 512 1180 εὔλογον
523 1154 530 1179 ;
542 1146 597 1175 εἴτε
610 1146 690 1174 πλέον
712 1147 742 1174 ὲν
752 1147 856 1179 τούτοις
867 1149 884 1183 ἡ
905 1147 950 1174 δύ-

167 1197 249 1225 ναμις
260 1191 277 1226 ἡ
296 1190 365 1223 θεία,
377 1191 435 1218 ἐστὶ
451 1192 518 1228 πρὸς
530 1192 580 1228 τὴν
589 1193 691 1229 τροφὴν
708 1193 742 1219 τὰ
759 1193 871 1220 τοιαῦτα
883 1194 950 1229 χρή-

169 1243 248 1270 σιμα,
263 1235 312 1262 τοῦ
325 1235 472 1271 θρεπτικοῦ
493 1237 539 1264 καὶ
551 1238 697 1275 αὐξητιχοῦ
717 1239 816 1275 μέρους
834 1239 884 1275 τῆς
896 1239 949 1274 ψυ-

167 1280 219 1316 χῆς
231 1280 309 1313 ὄντος
320 1282 558 1318 σωματικωτέρου,

203 1415 240 1443 Τδ
251 1416 280 1443 δὲ
293 1415 442 1451 ἀπέχεσθαι
457 1416 546 1452 γάμου
565 1417 612 1444 καὶ
634 1417 807 1453 ἀφροδισίων,
816 1416 950 1449 causam

167 1461 217 1497 μὴ.
230 1461 300 1489 κατὰ
313 1462 361 1498 τὴν
374 1461 422 1489 τοῦ
433 1461 527 1497 γένους
535 1462 669 1498 διαδοχὴν,
678 1463 724 1490 ἐπὶ
734 1463 814 1490 πλέον
823 1463 949 1501 ἑνοικήσῃ

167 1507 410 1543 ¹ιῇίίλῃὴδύναιιιας
439 1509 457 1543 ὴ
481 1507 550 1540 θεία,
566 1508 697 1543 θαυμάζω
726 1508 784 1540 πῶς
804 1510 852 1537 καὶ
872 1510 949 1536 αὐτοὶ

165 1552 280 1584 ἑαυτοὺς
296 1553 483 1588 ἀποδέχονται.
495 1553 528 1580 El
545 1553 598 1589 γὰρ
613 1554 652 1588 μὴ
663 1553 801 1589 ἐξαρκεῖὴ
816 1553 863 1580 τοῦ
880 1553 946 1580 Θεοῦ

1001 960 1174 989 abstinentia
1196 961 1248 987 alia
1268 961 1339 987 ratio
1358 961 1404 992 sit.
1420 961 1493 988 haud
1514 961 1650 988 curiosius
1669 962 1782 989 investi-

1001 1006 1130 1042 gandum.
1145 1005 1194 1033 Sin
1207 1009 1298 1033 autem
1312 1013 1344 1033 ea
1361 1006 1478 1038 ratione,
1494 1005 1567 1041 quod
1585 1006 1678 1033 divina
1693 1007 1782 1034 virtus

1000 1053 1055 1080 illis
1068 1052 1155 1088 magis
1175 1051 1262 1084 abest,
1283 1056 1330 1078 aut
1345 1051 1462 1086 amplius
1478 1051 1564 1084 inest;
1580 1050 1714 1078 ridiculus
1735 1050 1782 1078 hic

1000 1098 1109 1125 illorum
1124 1098 1233 1126 animus
1245 1105 1277 1124 ac
1290 1105 1388 1125 sensus
1402 1101 1453 1124 est.
1471 1096 1536 1124 Sive
1553 1096 1625 1123 enim
1641 1096 1741 1131 stirpes
1754 1101 1782 1124 et

1000 1143 1100 1178 planta
1112 1143 1200 1178 magis
1211 1143 1366 1171 materiales
1380 1145 1454 1173 sunt,
1467 1141 1603 1177 quomodo
1615 1141 1781 1170 conveniens

999 1196 1088 1224 exque
1100 1188 1216 1220 ratione,
1239 1191 1271 1217 ut
1288 1195 1322 1215 eo
1341 1186 1414 1223 quod
1430 1187 1551 1215 deterius
1567 1191 1619 1219 est.
1639 1187 1668 1214 in
1689 1187 1782 1214 cibum

999 1234 1156 1269 victumque
1171 1234 1298 1262 utamur?
1307 1234 1365 1262 sive
1377 1233 1465 1268 major
1476 1233 1503 1261 in
1514 1233 1555 1262 eis
1565 1238 1609 1262 est
1623 1233 1714 1261 divina
1726 1233 1783 1260 vir-

999 1282 1055 1310 tus,
1076 1283 1141 1306 sunt
1159 1279 1314 1308 istiusmodi
1338 1280 1366 1307 in
1384 1279 1476 1308 cibum
1498 1279 1584 1311 utilia.
1603 1286 1665 1307 eum
1686 1278 1783 1306 animo

1000 1323 1117 1353 facultas
1130 1325 1268 1354 nutriendi
1282 1330 1363 1361 atque
1375 1328 1549 1361 augmentum
1565 1323 1682 1351 faciendi
1695 1323 1782 1358 magis

999 1378 1130 1406 corporea
1146 1378 1178 1398 ac
1200 1371 1319 1399 crassior
1334 1370 1380 1398 sit.

1035 1414 1114 1448 Quod
1133 1419 1224 1444 autem
1244 1423 1260 1442 a
1283 1415 1387 1450 nuptiis
1409 1422 1493 1450 reque
1509 1421 1624 1442 venerea
1647 1420 1678 1441 se
1696 1412 1782 1441 absti-

999 1465 1092 1495 neant,
1107 1465 1261 1490 metuentes
1281 1469 1316 1489 ne
1334 1469 1383 1497 per
1397 1461 1506 1497 generis
1520 1460 1722 1489 successionem
1736 1460 1781 1488 di-

998 1507 1064 1534 vina
1079 1507 1167 1535 virtus
1180 1508 1209 1534 in
1223 1507 1337 1535 materia
1351 1507 1438 1542 magis
1451 1506 1595 1539 inhabitet,
1617 1506 1704 1534 miror
1713 1513 1782 1541 quo-

999 1552 1082 1581 modo
1099 1552 1142 1580 vel
1160 1553 1213 1589 ipsi
1228 1561 1258 1581 se
1279 1553 1365 1588 ipsos.
1388 1551 1461 1588 quod
1479 1553 1516 1579 ita
1535 1553 1667 1584 sentiunt,
1683 1551 1782 1578 admit.

166 1597 290 1633 πρόνοια,
304 1597 375 1624 ὦστι
385 1598 431 1624 καὶ
443 1597 486 1624 διὰ
498 1598 642 1632 γενέσεων,
657 1599 703 1625 καὶ
724 1598 768 1627 διὰ
781 1598 834 1625 τῶν
847 1599 889 1625 ἀεὶ
901 1600 947 1625 καὶ
960 1589 982 1618 C
998 1602 1013 1625 υ

933 1600 947 1625 ,ι
960 1589 982 1618 (ἶ
998 1602 1068 1626 tant.
1083 1598 1114 1626 Si
1132 1599 1204 1626 enim
1227 1605 1278 1626 nec
1300 1598 1349 1626 Dei
1364 1598 1535 1633 providentia
1556 1597 1664 1629 suiﬁcit,
1679 1601 1709 1624 ut
1723 1602 1780 1624 tum

163 1640 295 1672 ὡσαύτως
316 1641 431 1675 ἑχόντων
458 1641 725 1677 ἀποικονομήσασθαι
753 1642 802 1677 τῆς
818 1641 883 1677 ὕλης
899 1642 948 1676 τὴν

166 1686 242 1714 θείαν
254 1686 378 1722 δύναμιν,
399 1687 440 1718 τίς
467 1687 484 1722 ἡ
507 1686 552 1714 τοῦ
573 1687 722 1722 Μανιχαίου
750 1687 854 1713 ἐπίνοια
878 1687 948 1721 ὑπὲρ

165 1732 262 1759 τούτου
274 1732 526 1768 διαμηχανήσασθαι
539 1732 648 1759 δύναται
659 1740 666 1764 ;
679 1733 717 1761 Οὐ
739 1733 793 1767 γὰρ
809 1732 895 1768 δήπου
906 1742 948 1767 γι-

165 1778 285 1814 γανταίῳ
309 1778 430 1814 λήμματι
456 1778 494 1810 ὡς
518 1778 624 1814 ἀληθῶς
635 1787 701 1814 φησι
725 1778 764 1815 τῷ
777 1778 835 1814 Θεῷ
851 1778 948 1814 βοηθὸς

164 1823 234 1860 πρὸς
251 1824 330 1850 τοῦτο
355 1823 504 1858 γεγονέναι,
525 1824 578 1855 ἵνα,
606 1823 655 1855 τὰς
682 1825 802 1858 γενέσεις
817 1825 945 1861 ἀναιρῶν,

164 1871 297 1906 σύντομον
313 1870 413 1907 ποιήσῃ
441 1870 490 1906 τὴν
514 1871 563 1907 τῆς
578 1870 652 1902 θείας
666 1870 807 1908 δυνάμεως
832 1871 886 1898 ἀπὸ
896 1871 946 1907 τῆς

163 1915 231 1950 ὕλης
242 1915 428 1950 ἁναχὼρησινς

201 1960 235 1987 ’Δ
248 1960 278 1987 δὲ
292 1961 398 1995 λέγεται
412 1961 464 1987 titul)
477 1961 532 1988 τῶν
558 1963 691 1997 ποιήσεων
711 1962 774 1997 περὶ
787 1961 842 1988 τῶν
853 1963 947 1997 γιγάν-

164 2015 227 2038 των,
239 2006 367 2041 ἄντικρυς
381 2006 464 2041 μῦθός
476 2008 559 2037 ἐστιν.
583 2008 614 2034 0i
639 2007 688 2042 μὲν
702 2008 756 2043 γὰρ
769 2008 833 2043 περὶ
846 2009 946 2036 τούτων

163 2052 348 2084 διατάττοντες
361 2052 389 2078 ὲν
404 2052 576 2087 ἀλληγορίαις
584 2054 619 2080 τὰ
630 2053 741 2080 τοιαῦτα
753 2055 944 2090 προφέρονται,

163 2097 302 2133 τὺσεμνδν
327 2097 374 2124 τοῦ
391 2097 468 2131 λόγου
490 2098 710 2133 ἀποκρύπτοντες
725 2101 758 2134 τῇ
782 2099 828 2126 τοῦ
860 2100 944 2135 μύθου

165 2143 231 2178 ίδέᾳ·
246 2140 301 2170 οἷον
316 2143 380 2169 ὅταν
403 2142 489 2178 ὴτῶν
511 2142 644 2169 Ἰουδαίων
670 2143 773 2179 ἱστορία
796 2146 843 2179 φῇ.
873 2146 945 2179 Τοὺς

161 2187 310 2222 ἀγγέλους
340 2188 404 2221 ταῖς
429 2187 591 2222 θυγατράσι
621 2188 679 2215 τῶν
714 2189 876 2223 ἀνθρώπων
900 2192 945 2224 είς

161 2233 344 2267 ἀφροδισίων
369 2233 607 2267 συνεληλυθέναι
632 2234 726 2268 μίξιν
743 2236 793 2268 τὰς
815 2236 869 2272 γὰρ
882 2237 943 2272 θρε-

162 2279 262 2310 mai:
272 2279 399 2315 δυνάμεις
409 2280 459 2315 τῆς
473 2279 560 2315 ψυχῆς
571 2279 625 2306 ἀπὸ
637 2279 691 2306 τῶν
707 2281 762 2308 ἄνω
777 2282 823 2308 ἐπὶ
835 2282 869 2309 τὰ
878 2282 940 2317 τῇδε

162 2324 181 2361 ἡ
194 2324 303 2359 τοιαύτη
319 2326 442 2361 προφορὰ
466 2325 514 2352 τοῦ
530 2325 609 2359 λόγου
631 2326 767 2360 σημαίνει,
783 2327 814 2353 οι
830 2328 941 2363 ποιηταὶ

157 2371 202 2403 δὲ,
218 2370 253 2396 ἐκ
274 2369 330 2404 τῆς
343 2371 494 2403 ἐνόπλους
509 2370 655 2404 ἀνασχεῖν
668 2370 791 2404 λέγοντες
808 2369 942 2402 τούτους,

157 2415 209 2442 εἶτ’
225 2414 315 2447 εὐθὺς
331 2415 406 2448 πρὸς
418 2415 505 2448 θεοὺς
518 2415 687 2450 ἐπάραντας
699 2413 897 2448 ἀπολωλέναι,
913 2414 945 2442 τὸ

157 2461 224 2496 ταχὺ
240 2459 287 2486 καὶ
303 2460 435 2496 ἐπίκηρον
443 2460 499 2487 τῶν
512 2461 645 2496 σωμάτων
660 2460 861 2496 ὑποδηλοῦντες,
873 2460 944 2488 οὕτω

157 2507 208 2543 τὴν
229 2505 338 2541 ποίησιν
362 2506 402 2537 είς
429 2506 607 2542 ψυχαγωγίαν
631 2506 670 2542 τῷ
693 2506 812 2542 θαύματι
828 2514 944 2533 κατακο-

158 2551 282 2588 σμοῦσιν.
293 2551 326 2577 οι
339 2550 378 2585 δὲ,
391 2551 466 2578 οὐδὲν
480 2552 581 2584 ειδότες
596 2552 707 2585 τούτων,
726 2553 788 2579 ἔνθα
801 2552 824 2578 δ’
837 2552 871 2579 ἂν
887 2561 942 2579 πα-

160 2595 325 2635 ραλογισμοῦ
339 2604 410 2628 τινος
424 2597 575 2634 εὐπορῆσαι
587 2598 729 2630 δύνωνται,
739 2597 835 2624 ὁπόθεν
846 2597 944 2633 δήποτε

157 2645 248 2672 ἐκεῖνο
266 2643 379 2680 ιρμαίον
403 2643 507 2671 ἑαυτῶν
525 2644 674 2675 ποιοῦνται,
688 2644 757 2680 ὅπερ
771 2643 944 2679 διαπραγμα-

156 2690 298 2727 ⁸δευόμενοι
309 2688 340 2715 τὺ
353 2687 454 2725 amet;
467 2689 544 2726 πασῃ
557 2689 638 2726 τέχνῃ
650 2689 890 2724 καταγωνίζονται.

219 2806 226 2822 ¹
244 2805 308 2834 σοι.
328 2810 398 2837 nu.
414 2802 441 2832 Ι.
495 2805 507 2823 ι
520 2804 585 2833 Gen.
600 2813 636 2837 vl.
651 2806 679 2833 2.

998 1650 1046 1678 per
1061 1644 1260 1678 generationes,
1283 1646 1341 1670 tum
1357 1650 1406 1677 per
1418 1650 1452 1670 ea
1471 1649 1531 1678 quae
1551 1649 1656 1676 semper
1668 1641 1780 1669 eodem-

998 1696 1051 1724 que
1065 1688 1146 1716 modo
1167 1696 1198 1716 se
1213 1688 1324 1721 habent,
1348 1688 1468 1715 divinam
1489 1687 1616 1715 virtutem
1632 1694 1647 1714 a
1666 1687 1780 1714 materia

996 1734 1116 1766 eximat;
1129 1733 1194 1768 quid
1212 1733 1352 1761 Manichaei
1368 1733 1479 1760 solertia
1490 1737 1518 1760 et
1532 1732 1668 1760 subtilitas
1681 1739 1742 1759 eam
1751 1733 1780 1760 in

996 1788 1054 1808 rem
1077 1779 1228 1808 machinari
1254 1779 1361 1814 potest?
1380 1779 1451 1806 Num
1477 1779 1616 1807 enimvero
1656 1777 1779 1812 gigantei)

996 1835 1108 1854 munere
1125 1835 1189 1856 vere
1206 1825 1262 1855 Deo
1282 1826 1309 1853 in
1324 1826 1377 1853 hoc
1392 1826 1458 1853 dicit
1473 1825 1580 1860 adjutor
1594 1825 1736 1858 exsistere,
1748 1828 1779 1852 ut

996 1873 1113 1901 sublatis
1125 1872 1348 1909 generationibus
1360 1872 1482 1900 divinam
1494 1872 1624 1899 virtutem
1638 1878 1655 1898 a
1664 1871 1778 1899 materia

995 1917 1070 1946 brevi
1083 1923 1191 1954 prazstet
1207 1919 1350 1947 recedere!

1034 1963 1100 1996 Quae
1120 1971 1185 1991 vero
1207 1968 1295 1999 poeta:
1314 1964 1348 1992 de
1369 1962 1524 1999 gigantibus
1544 1961 1666 1993 tradunt,
1687 1959 1777 1995 palam

995 2009 1088 2037 fabula
1108 2013 1161 2036 est.
1183 2008 1234 2041 Qui
1254 2009 1327 2036 enim
1347 2008 1382 2035 de
1403 2008 1444 2035 his
1464 2009 1599 2037 statuunt.
1616 2005 1670 2031 alio
1695 2011 1777 2039 quam

995 2055 1078 2083 verba
1092 2057 1200 2085 sonent.
1217 2061 1315 2085 sensu,
1331 2054 1396 2080 talia
1406 2052 1558 2088 proferunt,
1575 2050 1672 2079 fabula:
1687 2048 1778 2083 specie

995 2100 1130 2129 sermonis
1155 2100 1269 2135 gratiam
1289 2103 1475 2134 contegentes,
1496 2103 1527 2126 ut
1546 2105 1607 2126 cum
1628 2097 1711 2125 refert
1728 2093 1778 2123 Ju-

995 2147 1115 2175 dazorum
1129 2146 1263 2173 historia'
1277 2155 1283 2172 :
1302 2145 1408 2172 Venisse
1424 2144 1529 2180 angelos
1545 2148 1573 2170 ut
1591 2152 1648 2171 cum
1669 2142 1776 2178 ﬁliabus

994 2192 1127 2219 hominum
1141 2190 1386 2223 commiscerent";
1404 2198 1500 2226 nempe
1513 2189 1587 2226 quod
1597 2191 1633 2217 ita
1652 2189 1776 2224 loquitur

996 2238 1048 2266 hoc
1067 2237 1236 2272 signiﬁcans,
1255 2237 1328 2265 vires
1351 2238 1449 2264 animal.
1471 2244 1531 2272 qua
1554 2236 1705 2264 inserviunt
1724 2243 1777 2262 nu-

994 2283 1109 2315 tritioni,
1130 2291 1145 2309 a
1168 2283 1295 2318 supernis
1315 2283 1349 2310 ad
1375 2286 1482 2310 terrena
1507 2282 1667 2310 descivisse.
1687 2280 1776 2308 Poeta

994 2331 1084 2356 autem
1101 2328 1148 2363 qui
1170 2328 1273 2360 dicant,
1298 2328 1362 2360 Eas.
1379 2336 1438 2355 cum
1456 2327 1553 2354 armati
1566 2335 1580 2354 ε
1597 2331 1667 2354 terra
1691 2332 1774 2353 emar-

994 2375 1102 2406 siuent,
1126 2378 1199 2401 mota
1226 2374 1318 2401 statim
1344 2375 1371 2401 in
1396 2373 1457 2401 deos
1485 2372 1621 2400 rebellione
1646 2371 1775 2406 periisse;

993 2423 1024 2447 ut
1034 2419 1165 2446 caducam
1181 2420 1332 2456 celerisque
1347 2420 1476 2448 interitus
1493 2425 1639 2454 corporum
1655 2416 1774 2444 indolem

990 2465 1173 2497 insinuarent.
1189 2465 1217 2492 in
1237 2466 1309 2493 hunc
1324 2465 1434 2493 modum
1449 2463 1663 2493 recreandon
1679 2470 1713 2491 ex
1733 2461 1773 2490 rei

990 2509 1124 2537 miraculo
1147 2510 1299 2538 animorum
1323 2519 1407 2539 causa
1440 2510 1536 2546 poesin
1569 2512 1714 2537 exornant.
1738 2507 1773 2534 Hi

989 2562 1064 2584 vero.
1077 2562 1139 2582 cum
1154 2555 1222 2583 nihil
1236 2556 1333 2584 horum
1349 2556 1512 2591 intelligant,
1532 2554 1578 2582 ubi
1592 2553 1676 2581 ullius
1691 2560 1772 2589 para-

988 2599 1098 2636 logisrni
1124 2607 1218 2629 ansam
1241 2602 1363 2629 nancisci
1378 2601 1496 2632 licuerit,
1513 2599 1695 2633 undecunque
1710 2601 1772 2626 tan-

990 2645 1051 2674 dem
1077 2646 1130 2674 sibi
1153 2647 1292 2675 inventum
1317 2647 1394 2675 avide
1415 2646 1561 2682 arripilmt,
1582 2649 1609 2673 et
1634 2644 1670 2671 ad
1695 2651 1772 2672 ever-

989 2691 1100 2719 tendam
1114 2699 1225 2728 quoquo
1241 2695 1322 2728 pacto
1334 2691 1476 2720 veritatem
1489 2690 1565 2718 omni
1587 2693 1645 2717 arte
1655 2694 1771 2716 consar-

989 2741 1065 2772 gunt.
