2145 3163
380 155 432 185 ιιι

786 155 984 185 ALEXAND!“
1003 154 1252 187 LYGOPOLITANI
1265 155 1310 184 οε
1328 155 1461 185 ΡιΔειτ.
1472 154 1612 189 ωιωις

1942 157 1995 189 848

701 222 766 252 Cn.
779 223 874 255 XXVI.
891 224 965 260 Ignis
978 224 1161 252 [cotidianus
1177 228 1295 252 vesulus.
1312 222 1387 259 Ignis
1403 223 1459 256 ille.
1471 223 1530 258 ipsa
1547 224 1668 252 materia.
1810 255 1812 257 _

414 282 487 321 ignis
508 290 599 314 autem
623 284 687 318 ille.
716 284 814 313 utendi
837 284 948 320 quidem
971 284 998 312 vi
1019 285 1160 321 praeditus,
1175 287 1200 317 Α
1247 283 1285 310 Τδ
1300 283 1319 310 δί

1193 292 1200 317 ι
1247 283 1285 310 Τδ
1300 283 1329 310 δὲ
1348 283 1404 320 πῦρ
1417 282 1507 314 αὐτοῖς
1520 282 1551 309 τὸ
1571 281 1717 309 καυστικδν
1741 283 1801 318 μὲν,
1825 283 1991 319 ἁφεγγδςδὶ,

380 330 449 359 nihil
468 333 560 359 tamen
574 331 645 359 lucis
666 330 782 362 habens,
804 331 850 367 qui
869 330 905 359 sit
922 335 999 359 extra
1017 330 1162 364 mundum,

379 383 498 411 quonam
508 376 548 404 eis
559 376 620 403 loco
630 377 774 405 consistit!
784 370 852 403 Nam
866 377 889 404 si
898 376 1007 412 quidem
1018 377 1046 404 in
1061 378 1163 405 mundo

378 425 432 453 est,
454 429 504 449 cur
527 423 646 450 mundus
667 422 800 452 hactenus
824 423 970 450 incolumis
989 423 1164 458 perseverat?

379 466 447 494 Nam
468 467 491 495 si
514 467 661 502 aliquando
686 468 787 504 ipsum.
812 468 837 496 ei
857 469 1076 504 propinquaudo,
1102 476 1165 496 cor-

379 517 496 548 rumpet,
512 521 585 540 nunc
599 521 707 550 quoque
731 513 783 549 ipsi
809 514 976 549 conjunctus
991 518 1045 542 est.
1067 514 1096 541 Si
1114 522 1176 541 au-.

379 562 433 585 tem
446 566 569 587 seorsum
583 563 636 592 est,
652 560 725 588 velut
742 561 770 587 in
784 561 897 596 propria
914 560 980 588 sede
993 568 1025 588 ac
1040 560 1101 588 loco
1119 569 1164 589 su-

378 602 481 634 blimis,
496 603 561 638 quid
576 610 670 638 postea
684 609 715 632 ut
729 604 756 632 in
772 605 904 632 mundum
919 603 1062 635 delabatur
1077 604 1103 632 ei
1116 611 1164 632 ac-

378 647 471 675 cidet?
498 649 553 676 Aut
580 657 634 684 quo
658 650 740 678 modo
761 658 777 678 e
799 651 860 678 loco
884 657 935 678 suo
956 650 1083 682 excedet.
1108 658 1164 685 qua

379 695 553 729 necessitate,
576 696 691 731 cujusve
712 704 847 726 excussus
870 696 1016 725 violentia?
1032 696 1161 730 Quaenam

378 748 445 768 vero
459 741 541 769 etiam
555 740 626 777 ignis
642 743 795 774 substantia
812 742 900 778 possit
914 742 1027 778 intelligi
1039 743 1099 771 sine
1110 751 1161 779 pa-

377 785 461 814 bulo!
485 786 540 814 Aut
558 788 696 823 quomodo
719 788 861 816 humidum
885 788 924 816 illi
948 789 1076 824 pabulum
1099 790 1162 818 est?

377 831 431 859 nisi
448 832 521 868 quod
540 841 600 867 quae
614 833 649 862 de
663 833 710 860 illo
726 841 760 863 ex
782 838 885 861 natura
903 835 989 870 magis
1008 835 1161 864 rationibus

376 875 519 908 dicuntur.
539 884 593 904 non
608 882 650 905 est
665 877 747 912 hujus
762 881 894 908 tractatus
914 879 1076 915 disquirere.
1092 881 1161 908 illud

376 925 467 949 autem
486 929 520 949 ex
541 922 584 951 his
598 931 659 958 qua;
674 924 746 951 dicta
761 928 834 956 sunt,
853 932 968 960 prorsus
984 926 1161 955 manifestum

376 969 428 993 est.
443 965 517 1001 Ignis
535 967 606 997 enim
628 973 705 995 extra
718 969 849 997 mundum
863 971 1030 1003 consistens,
1047 972 1161 1000 omnino

376 1015 418 1039 est
430 1019 511 1047 quam
525 1012 577 1048 ipsi
593 1018 691 1042 vocant
707 1016 847 1045 materiam
860 1026 867 1043 :
883 1017 1104 1052 quandoquidem
1118 1017 1161 1045 sol

375 1062 402 1086 et
418 1058 495 1093 luna,
511 1060 572 1095 puri
589 1068 720 1098 purorum
740 1061 833 1089 divina
850 1062 953 1090 virtute
971 1063 1006 1091 ab
1022 1063 1075 1090 hoc
1098 1063 1161 1098 igne

374 1105 492 1141 sejuncti
511 1111 585 1139 sunt,
609 1108 683 1135 nulla
702 1114 814 1136 suarum
833 1107 952 1142 partium
974 1108 1001 1135 in
1022 1108 1075 1137 hoc
1097 1110 1160 1145 igne

374 1152 480 1181 relicta.
496 1151 562 1181 Erat
577 1153 622 1181 liic
633 1153 704 1188 ignis
721 1153 780 1189 ipsa
794 1160 843 1188 per
857 1160 887 1181 se
897 1154 1021 1187 materia,
1037 1154 1072 1182 ab
1084 1155 1159 1184 omni

311 1225 314 1228 .
373 1204 437 1226 cum
462 1198 555 1227 divina
577 1198 679 1226 virtute
702 1206 815 1234 prorsus
842 1203 964 1228 semotus
982 1201 1158 1228 commercio.

370 1243 556 1279 Quamobrem
578 1245 625 1273 ubi
648 1244 765 1273 mundus
787 1245 861 1272 omni
884 1245 974 1274 divina
997 1247 1099 1274 virtute
1118 1248 1158 1275 illi

374 1289 537 1318 adversante
555 1290 742 1324 evacuabitur,
766 1290 900 1326 ejusmodi
917 1299 1015 1320 rursus
1029 1293 1100 1327 ignis
1115 1301 1159 1321 re-

374 1334 526 1370 linquetur;
543 1342 662 1370 quonam
683 1335 767 1371 igitur
788 1336 870 1364 modo
896 1336 966 1372 ignis
984 1340 1031 1363 aut
1053 1336 1156 1372 aliquid

374 1385 540 1416 corrumpet,
565 1385 611 1409 aut
631 1382 666 1413 ab
687 1389 720 1410 eo
735 1382 950 1418 corrumpetur?
965 1382 1007 1409 Ab
1031 1389 1064 1410 eo
1083 1381 1157 1411 enim

373 1426 447 1460 quod
461 1426 549 1454 simile
567 1431 619 1459 est,
643 1435 698 1455 non
711 1427 791 1455 video
809 1435 864 1462 qua
888 1428 993 1454 ratione
1009 1427 1045 1454 sit
1067 1427 1156 1454 futura

373 1473 523 1508 corruptio.
541 1472 619 1507 Quod
643 1473 717 1501 cnim
735 1473 780 1501 ﬁet
805 1473 935 1504 materia,
961 1473 1054 1500 divina
1076 1473 1110 1499 ab
1124 1480 1157 1500 ea

373 1519 474 1547 virtute
487 1519 623 1554 seiuncta,
644 1519 696 1548 hoc
709 1522 768 1547 erat
789 1519 950 1554 priusquam
962 1518 1053 1547 divina
1069 1520 1156 1548 virtus

372 1571 434 1593 cum
449 1572 482 1592 ea
503 1565 735 1592 commisceretur.
755 1563 784 1592 Si
798 1565 907 1600 quidem
932 1564 1014 1600 igitur
1030 1564 1154 1598 materia,

371 1609 465 1638 divina
479 1610 611 1638 destituta
625 1610 727 1638 virtute
741 1611 862 1646 peritura
878 1614 930 1644 est,
946 1610 1042 1646 quidni
1062 1611 1153 1646 periit,
1169 1629 1189 1658 ο

371 1657 519 1689 antequam
535 1655 619 1682 etiam
636 1655 756 1683 divinam
775 1656 904 1684 virtutem
922 1656 1042 1685 ullumve
1055 1665 1156 1685 munus

371 1701 520 1729 ereationis
535 1706 765 1738 consequeretur;
778 1706 809 1730 ut
827 1703 957 1739 deinceps
977 1704 1093 1732 materia
1107 1712 1156 1739 pe-

371 1751 441 1780 reat.
458 1751 486 1776 et
507 1747 536 1776 in
558 1748 694 1776 inﬁnitum
715 1749 742 1777 id
764 1748 862 1777 faciat!
884 1749 918 1777 Et
938 1750 1005 1786 quid
1024 1750 1157 1785 prodest?

371 1792 451 1828 Quod
465 1793 539 1822 enim
555 1802 588 1822 ex
606 1795 694 1830 prima
708 1795 848 1823 voluntate
867 1794 970 1823 factum
981 1803 1037 1824 non
1053 1799 1106 1829 est,
1122 1804 1156 1824 ex

370 1839 498 1875 sequenti
513 1840 652 1876 quomodo
668 1840 733 1868 ﬁet?
749 1843 797 1868 aut
812 1848 936 1876 quaenam
949 1840 1006 1869 Deo
1026 1842 1107 1875 ratio,
1124 1845 1156 1869 ut

370 1887 481 1922 negotia
506 1886 624 1918 differat.
644 1894 704 1922 quae
723 1894 758 1915 ne
778 1887 807 1914 in
829 1887 890 1915 viro
912 1887 1021 1923 quidem
1043 1895 1072 1916 se
1088 1888 1156 1916 bene

371 1931 474 1960 habere
494 1932 581 1960 videri
595 1937 716 1968 queant;
734 1932 789 1960 illis
805 1933 878 1961 enim
896 1934 969 1969 quod
986 1934 1156 1970 impossibile

373 1979 410 2008 sit
425 1979 578 2008 deliberare
592 1980 713 2016 proclive
738 1979 847 2007 dicatur
860 1985 1024 2016 competere.
1041 1980 1091 2016 qui
1113 1980 1154 2008 fa-

371 2025 459 2058 ciunt.
476 2029 507 2053 ut
527 2033 578 2054 nec
591 2029 659 2053 tunc
673 2025 756 2052 velint
777 2032 840 2052 cum
854 2026 985 2061 possibile
998 2030 1050 2055 est.
1069 2026 1155 2054 Caete-

371 2078 445 2104 rum.
459 2071 511 2098 nisi
521 2071 586 2107 quid
595 2071 679 2104 aliud,
690 2071 774 2098 Deum
783 2078 866 2106 supra
876 2071 1023 2100 essentiam
1037 2075 1065 2099 et
1074 2078 1155 2107 quem

371 2116 476 2149 dicunt,
487 2117 561 2145 velut
575 2125 674 2145 novam
687 2117 832 2153 quamdam
843 2118 984 2145 materiam
1001 2117 1153 2145 inducunt:

1212 328 1243 355 τὺ
1255 327 1334 360 ἐκτὸς
1342 327 1389 354 τοῦ
1409 327 1521 363 κόσμου,
1544 326 1595 353 ποῦ
1623 327 1745 362 {opu-rat;
1761 328 1794 353 Et
1807 327 1858 363 μὲν
1874 328 1930 364 γὰρ
1947 329 1992 355 απ)

1213 374 1259 400 τὸν
1268 375 1380 409 κόσμον,
1393 373 1420 400 τί
1437 373 1469 400 τὸ
1487 373 1571 401 αίτιον
1590 372 1638 400 τοῦ
1651 373 1743 409 ἀπαθῆ
1760 371 1828 401 εῖναι
1849 374 1929 410 μέχρι
1945 374 1992 402 τοῦ

1213 420 1344 456 παρόντος
1357 419 1403 446 τὸν
1415 419 1534 454 κόσμον;
1557 420 1589 447 Et
1613 419 1667 456 γὰρ
1679 419 1818 455 διαφθερεῖ
1833 428 1895 446 ποτε
1913 420 1991 447 αὑτὸν

1213 465 1375 503 πλησιᾴσαν,
1390 466 1438 492 καὶ
1452 465 1499 492 νῦν
1513 465 1581 500 πρὸς
1596 465 1676 492 αὑτὸν
1690 465 1835 499 συνῆπται.
1853 464 1884 492 El.
1895 464 1924 491 δὲ
1937 473 1981 500 χω

1214 511 1257 547 ρίς
1276 512 1359 543 ἐστιν,
1374 509 1474 543 οἶονώς
1485 511 1513 537 ὲν
1527 511 1584 545 ἰδίῳ
1602 511 1677 546 τόπῳ
1701 511 1845 547 μετέωρον,
1859 511 1885 548 τί
1908 511 1992 539 παθὸν

1214 557 1326 594 ὕστερον
1341 558 1502 585 ὲπιπέσεται
1520 558 1559 592 τῷ
1580 558 1692 593 κόσμῳ;
1716 558 1751 584 Ἦ
1776 558 1833 589 πῶς
1853 557 1900 584 τοῦ
1927 558 1992 585 ἰδίου

1212 603 1295 631 τόπου
1311 604 1471 639 ὲκστήσεται
1486 603 1537 630 ὑπό
1547 612 1619 636 τινος
1630 604 1751 639 ἀνάγκης
1762 603 1810 630 καὶ
1825 603 1901 638 βίας;
1926 603 1993 631 Τίνα

1211 648 1241 675 δὲ
1253 649 1299 676 καὶ
1309 648 1375 684 ὕλης
1390 650 1473 685 χωρὶς
1485 650 1585 676 ὲννοεῖν
1599 648 1647 675 τοῦ
1664 649 1750 684 πυρὸς
1768 648 1930 681 undarum;
1955 648 1993 675 Ἦ
2023 640 2030 650 ⁵

1213 694 1271 726 πῶς
1284 694 1315 721 τὸ
1334 693 1416 730 ὑγρὸν
1427 693 1514 729 τούτῳ
1527 694 1600 720 ἐστὶν
1615 695 1701 730 τροφῇ
1711 701 1719 726 ;
1761 693 1810 719 ὅσα
1821 692 1929 726 λέγεται
1943 700 1992 726 φυ-

1212 739 1370 776 σικώτερον,
1386 740 1416 766 οὐ
1428 739 1475 766 τοῦ
1489 739 1619 775 παρόντος
1638 739 1717 774 λόγου
1737 738 1820 765 ἐστίν.
1841 738 1943 767 Ἐκεῖνο
1964 737 1993 764 δὲ

1212 786 1320 818 πάντως
1333 795 1384 813 που
1411 786 1526 822 φανερὸν
1555 786 1587 812 ὲκ
1615 786 1671 813 τῶν
1695 784 1856 822 εἰρημένων.
1882 783 1919 810 Τὸ
1938 783 1993 819 γὰρ

1211 832 1267 868 πῦρ
1279 832 1327 859 τοῦ
1341 833 1442 868 κόσμου
1453 833 1530 864 ἐκτὸς
1543 833 1662 868 ἀκριϐῶς
1680 833 1754 859 ἐστιν
1768 833 1785 867 ὴ
1799 831 1930 866 λεγομένη
1945 831 1993 858 ὑπ’

1211 880 1301 907 αὐτῶν
1314 879 1373 915 ὒλη·
1391 879 1537 915 ἐπειδήπερ
1550 879 1564 906 ὁ
1576 879 1650 914 ἥλιος
1673 879 1719 906 καὶ
1734 880 1751 914 ἡ
1769 878 1866 914 σελήνη
1878 875 1993 912 καθαροὶ

1211 926 1338 962 καθαρῶν
1353 925 1428 957 όντες
1442 925 1485 952 διὰ
1509 926 1558 960 τῆς
1578 925 1653 957 θείας
1676 925 1816 960 δυνάμεως
1826 922 1993 958 ἀπεζεύχθψ

1175 963 1198 990 Β
1211 979 1261 998 σαν
1275 971 1322 998 τοῦ
1339 971 1424 1007 πυρὸς
1439 971 1544 1002 τούτου,
1558 970 1632 997 οὐδὲν
1645 969 1747 996 ἑαυτῶν
1760 971 1788 996 ἐν
1804 969 1843 1005 τῷ
1853 969 1918 1005 πυρὶ
1929 968 1993 995 τού-

1210 1025 1249 1052 τῳ
1263 1017 1454 1052 ὕπολείψαντες
1465 1017 1556 1052 μέρος,
1573 1016 1657 1043 Τοῦτο
1667 1014 1700 1051 ἦν
1712 1017 1728 1051 ἡ
1745 1015 1795 1050 ὒλη
1809 1015 1869 1042 καθ’
1882 1014 1992 1049 ἑαυτὴν,

1210 1064 1240 1091 τὸ
1252 1062 1372 1100 ἀκριϐῶς
1386 1063 1500 1098 ἄμικτον
1515 1062 1582 1098 πρὸς
1597 1062 1644 1098 τὴν
1667 1062 1741 1088 Θείαν
1753 1061 1878 1097 δύναμιν.
1899 1061 1991 1092 Ὥστε,

1209 1111 1243 1137 ἂν
1251 1108 1354 1145 κενωθῇ
1369 1109 1470 1144 κόσμος
1490 1108 1540 1143 τῆς
1567 1109 1628 1135 κατ’
1641 1107 1723 1134 αὐτοῦ
1741 1107 1880 1143 δυνάμεως
1905 1106 1991 1139 θείας,

1210 1156 1290 1183 πάλιν
1325 1156 1447 1183 τοιοῦτον
1470 1155 1696 1191 ὑπολειφθήσεται
1726 1154 1793 1189 πῦρ,
1818 1153 1878 1185 πῶς
1900 1151 1992 1180 οὖντὸ

1209 1204 1264 1238 πῦρ
1279 1201 1445 1237 ἢδιαφθερεῖ
1459 1210 1496 1233 τι,
1519 1201 1535 1236 ἢ
1561 1201 1606 1227 ὑπ’
1623 1191 1702 1227 ἄλλου
1719 1199 1904 1235 φθαρήσεται;
1919 1198 1991 1234 Πρὸς

1208 1247 1262 1282 γὰρ
1277 1247 1324 1273 τοῦ
1337 1247 1429 1282 ὁμοίου
1446 1247 1494 1282 οὐχ
1509 1247 1564 1282 ὁρῶ
1578 1246 1636 1278 πῶς
1653 1247 1794 1281 γενήσεται
1812 1245 1830 1280 ῂ
1846 1243 1943 1280 φθορά.
1957 1243 1991 1270 Ὂ

1208 1293 1262 1328 γὰρ
1272 1293 1414 1328 γενήσεται
1430 1293 1447 1327 ἡ
1458 1292 1518 1327 ὕλη,
1546 1294 1595 1327 τῆς
1619 1291 1693 1323 θείας
1716 1292 1856 1326 δυνάμεως
1870 1290 1989 1323 ἀποζευ-

1207 1338 1312 1373 χθεῖσα,
1327 1337 1398 1364 τοῦτ’
1408 1336 1442 1372 ἦν
1455 1338 1518 1373 πρὶν
1535 1338 1582 1364 καὶ
1596 1338 1726 1372 μεμίχθαι
1748 1338 1817 1373 πρὸς
1831 1337 1914 1372 αὑτὴν
1939 1337 1990 1373 τὴν

1208 1383 1283 1410 θείαν
1297 1383 1421 1419 δύναμιν.
1436 1383 1468 1410 Εἰ
1491 1383 1581 1410 τοίνυν
1595 1383 1734 1409 ἀπολεῖται
1756 1382 1928 1418 ἐρημωθεῖσα
1938 1382 1990 1417 τῆς

1207 1429 1281 1462 θείας
1294 1430 1442 1465 δυνάμεως,
1453 1429 1496 1456 διὰ
1507 1430 1533 1456 τί
1545 1429 1581 1465 μὴ
1593 1429 1640 1456 καὶ
1650 1428 1773 1455 ἀπώλετο
1780 1428 1848 1463 πρὶν
1856 1428 1901 1454 καὶ
1914 1427 1990 1455 Θείαν

1205 1475 1319 1511 δύναμιν
1333 1475 1458 1510 γενέσθαι
1469 1475 1485 1511 ἦ
1498 1475 1579 1510 ἄλλην
1594 1473 1782 1510 δημιουργίαν,
1801 1474 1843 1500 ἵνα
1853 1472 1989 1508 ἀπόληται

1206 1522 1224 1557 ἡ
1239 1521 1300 1556 ὕλη,
1312 1521 1358 1548 καὶ
1373 1520 1452 1548 τοῦτο
1462 1521 1562 1556 ποιήσῃ
1583 1520 1679 1556 μέχρις
1693 1518 1825 1554 ἁπείρου;
1840 1517 1895 1544 Καὶ
1917 1517 1944 1544 τί
1958 1518 1991 1544 τὸ

1205 1565 1313 1601 nos)“;
1330 1567 1362 1593 Ὀ
1375 1566 1429 1601 γὰρ
1446 1565 1483 1602 μὴ
1494 1565 1601 1600 ἐγένετο
1616 1565 1648 1592 ὲκ
1661 1564 1707 1591 τοῦ
1730 1563 1836 1600 πρώτου
1852 1562 1990 1598 βουλήμαν

1206 1621 1260 1645 τος,
1271 1613 1329 1646 πῶς
1345 1614 1377 1640 ἐκ
1392 1612 1439 1639 τοῦ
1454 1613 1579 1648 δευτέρου
1596 1612 1756 1647 γενήσεται;
1783 1611 1800 1646 ἢ
1820 1610 1861 1642 τίς
1887 1611 1901 1636 ὀ
1912 1610 1991 1644 λόγος

1206 1659 1276 1695 Θεῷ,
1291 1659 1428 1686 ἀναθεῖναι
1441 1659 1600 1695 πράγματα,
1618 1658 1635 1685 ἃ
1650 1658 1704 1685 οὐδ’
1722 1659 1765 1684 ἐπ’
1784 1657 1925 1692 ἀνθρώπου
1940 1665 1995 1684 κα-

1206 1706 1258 1738 λῶς
1271 1706 1343 1742 ἔχειν
1358 1707 1498 1737 ὑπονοεῖνς
1513 1706 1550 1732 Τὸ
1573 1705 1627 1740 γὰρ
1652 1704 1780 1731 ἀδύνατον
1807 1704 1934 1739 πρόσεστι
1949 1703 1993 1738 τῷ

1207 1751 1380 1787 βουλεύεσθαι
1398 1752 1445 1777 ἐπὶ
1469 1750 1522 1777 τῶν
1553 1750 1701 1777 ποιοὺντων
1727 1749 1795 1784 πρὸς
1818 1749 1856 1784 τῷ
1881 1748 1994 1784 μηδὲτδ

1207 1797 1357 1833 βούλεσθαι,
1373 1797 1425 1824 κᾶν
1438 1797 1549 1823 δυνατὸν
1564 1795 1592 1833 ᾖ,
1609 1796 1761 1831 προχείρως
1773 1795 1871 1829 χρῆναι
1887 1794 1991 1828 λέγειν.

1205 1843 1280 1879 Πλὴν
1295 1844 1320 1869 εί
1337 1843 1375 1878 μή
1389 1851 1416 1870 τι
1428 1842 1530 1878 ἕτερον,
1543 1842 1609 1868 Θεὸν
1626 1842 1673 1868 καὶ
1688 1841 1733 1867 τὸν
1753 1839 1880 1866 ἐπέκεινα
1894 1839 1993 1870 οὐσίας

1205 1888 1338 1923 λέγουσιν,
1351 1888 1446 1924 ὥσπερ
1468 1888 1562 1923 καινήν
1584 1895 1646 1913 τινα
1666 1886 1819 1920 είσάγουσιν
1842 1884 1918 1920 ὓληνο
1941 1885 1992 1911 καὶ

1205 1936 1265 1970 οὐχὶ
1281 1934 1330 1971 τὴν
1342 1934 1539 1970 ὑπερημμένην
1553 1933 1629 1969 παρὰ
1654 1934 1709 1965 τοῖς
1722 1932 1783 1959 νοῦν
1795 1932 1911 1968 ἔχουσιν-
1924 1931 1958 1967 ἣν
1970 1931 1990 1966 ἢ

1207 1981 1244 2017 μὴ
1258 1981 1429 2008 παντάπασιν
1441 1979 1523 2007 οὖσαν
1542 1981 1555 2007 ό
1570 1980 1647 2014 λόγος
1661 1979 1792 2015 εὑρίσγει,
1805 1979 1822 2014 ἢ
1834 1978 1866 2005 τὸ
1879 1978 1991 2005 πάντων

1204 2027 1315 2062 εσχατον
1323 2028 1369 2054 καὶ
1381 2027 1458 2063 μόγις
1468 2027 1507 2059 είς
1521 2026 1624 2053 ἔννοιαν
1634 2025 1804 2061 ἀνθρωπίνην
1817 2023 1990 2059 ἀφικνεῖσθαι

1203 2073 1360 2109 δυνάμενον,
1394 2072 1473 2100 Ἀλλὰ
1488 2072 1541 2108 γὰρ
1566 2072 1596 2098 τὸ
1611 2071 1667 2108 πῦρ
1689 2071 1719 2098 τὸ
1741 2070 1871 2106 ἀφεγγὲς,
1888 2068 1942 2106 ἆρά
1955 2077 1990 2103 γε

1205 2118 1285 2145 πλέον
1298 2118 1372 2145 ἐστὶν
1382 2118 1432 2154 τῆς
1449 2118 1598 2154 μελλούσης
1613 2116 1841 2153 ἐρημωθήσεσοαι
1857 2115 1922 2150 ὕλης
1933 2115 1991 2141 ἀπὸ

371 2170 422 2191 nec
436 2170 497 2190 eam
512 2162 633 2198 quidem,
648 2170 730 2197 quam
740 2163 791 2190 viri
807 2164 954 2200 prudentes
970 2163 1083 2191 omnino
1092 2169 1156 2190 con-
1203 2163 1253 2199 τῆς
1262 2163 1319 2191 θεία

1203 2163 1253 2199 τῆς
1262 2163 1337 2197 θείας
1346 2162 1496 2200 δυνάμεως,
1511 2164 1528 2200 ἢ
1539 2164 1664 2195 ἐλαττον;
1682 2163 1751 2190 Ἀλλ’
1766 2163 1790 2188 εί
1807 2162 1856 2197 μὲν
1868 2161 1989 2193 ἔλαττον,

369 2208 493 2245 junctam
514 2209 688 2242 existimant,
713 2212 760 2236 aut
780 2217 842 2244 qua:
861 2210 982 2238 omnium
1003 2213 1155 2238 extremum
1205 2204 1319 2242 πῶςκαΑ

1205 2204 1264 2242 πῶς
1274 2211 1483 2245 κακαγωνιεῖται
1496 2210 1527 2237 τὸ
1539 2210 1633 2242 πλέον;
1648 2210 1671 2236 εί
1691 2209 1720 2235 δὲ
1732 2208 1822 2239 πλέον.
1840 2207 1990 2241 ἐπανάγειν

370 2258 423 2287 est,
439 2254 538 2289 vixque
554 2255 581 2281 in
593 2258 710 2282 mentem
725 2258 755 2282 ut
771 2263 830 2283 eam
846 2255 928 2284 homo
946 2255 1091 2291 intelligat,
1105 2262 1154 2282 νεά
1206 2255 1255 2291 μὲν
1268 2256 1318 2283 air:

1206 2255 1255 2291 μὲν
1268 2255 1334 2283 me
1344 2255 1503 2291 δυνήσεται,
1530 2254 1580 2290 τῆς
1605 2255 1689 2290 αὐτῆς
1707 2253 1737 2280 ὂν
1760 2251 1876 2287 φύσεως·
1888 2251 1917 2278 οὐ
1935 2251 1990 2287 μὴν

371 2300 430 2328 nire
440 2300 536 2336 possit.
550 2299 696 2328 Enimvero
711 2300 781 2337 ignis
795 2301 841 2329 ille
863 2300 1035 2334 tenebrosus,
1053 2301 1152 2336 plusne
1166 2303 1189 2331 D
1201 2301 1319 2339 διαφθείρ

1201 2301 1350 2339 διαφθείρει
1362 2310 1394 2336 γε
1405 2302 1480 2329 αὑτό·
1492 2301 1586 2337 ὥσπερ
1597 2300 1656 2329 οὐδὲ
1672 2301 1686 2327 ό
1697 2298 1793 2331 Νεῖλος
1809 2298 1871 2330 τοὺς
1882 2298 1927 2325 ἀπ’
1939 2297 1990 2324 αὑ-

371 2346 441 2374 valet
458 2353 539 2380 quam
557 2345 681 2378 materia,
703 2354 763 2382 qua:
775 2347 867 2375 divina
887 2346 1035 2375 desolanda
1049 2346 1151 2374 virtute
1202 2347 1249 2375 τοῦ
1263 2349 1319 2376 ἀπο

1202 2347 1249 2375 Ιτοῦ
1263 2348 1497 2384 ἀποτεμνομένους
1510 2348 1636 2379 κόλπους.

370 2395 422 2425 est,
438 2399 473 2420 an
488 2392 599 2421 minus?
613 2392 653 2420 Ac
664 2393 688 2421 si
704 2393 814 2429 quidem
839 2393 943 2427 minus,
970 2394 1109 2429 quomodo
1129 2394 1293 2429 expugnabit
1313 2395 1386 2430 quod
1406 2398 1448 2422 est
1468 2394 1576 2429 majus?
1600 2393 1648 2420 Sin
1667 2396 1758 2420 autem
1788 2393 1865 2426 plus,
1895 2389 1928 2416 ad
1957 2395 1990 2415 se

370 2439 479 2475 quidem
498 2440 630 2469 reducere
644 2442 752 2477 poterit,
766 2449 829 2470 cum
841 2441 877 2470 sit
891 2440 1014 2477 ejusdem
1034 2446 1140 2469 natura;
1155 2449 1161 2466 τ
1179 2441 1252 2470 haud
1276 2446 1366 2471 tamen
1381 2444 1586 2478 corrumpet,ut
1605 2447 1692 2476 neque
1706 2439 1794 2472 Nilus,
1813 2437 1860 2474 qui
1879 2436 1914 2464 ab
1939 2435 1989 2463 illo

370 2485 567 2516 abscinduntur
579 2488 666 2519 sinus.
