2145 3163
352 182 406 210 ιδδ

859 176 888 208 Β.
903 175 1005 207 PETRI
1021 176 1255 207 ALEXANDRINI
1271 173 1427 207 EPISCOH

353 241 460 265 omnem
474 236 619 265 sacerdotii
635 240 728 264 curam
744 235 842 264 diebus
857 242 890 264 ac
913 235 1042 264 noctibus
1055 234 1127 272 vigi-
1142 234 1278 269 A'ilioxit,
1290 239 1483 272 emperuntque
1497 235 1590 264 ﬁdeles
1603 235 1638 263 ad
1654 239 1803 272 martyrum
1814 238 1959 266 memorias

353 282 442 310 lanter
452 282 614 310 desudabat.

389 327 442 355 Sed
456 327 519 363 quia
532 334 641 362 semper
651 327 711 354 zelo
719 326 880 362 .percutitur
893 326 997 359 virtus,
1012 326 1129 354 feriunt-

351 380 404 408 que
414 379 539 401 summos
550 372 658 407 fulgura
671 375 792 404 montes,
808 371 966 399 aemulorum
979 370 1044 398 hinc
1066 371 1129 399 inde

350 412 515 445 mﬁltifarios
533 416 689 453 patiebatur
702 414 854 444 conﬂictus.
865 415 936 451 Quid
945 415 1044 451 plura?
1059 422 1128 450 pene

349 462 555 497 omnitempore
567 462 631 490 vita
655 468 710 488 suae
725 461 752 489 in
766 461 955 496 persecutione
969 460 1052 495 degit.
1076 460 1128 489 0r-

349 506 452 535 dinavit
470 507 573 535 interea
587 506 783 542 quinquaginta
799 510 826 533 et
840 505 960 541 quinque
973 506 1126 541 episcopos.

349 552 473 581 leletius
498 552 633 587 denique,
660 552 772 580 nomine
786 556 814 579 et
830 555 921 579 mente
940 551 1105 586 nigerrimus
1117 571 1126 584 ,

348 598 421 634 apud
436 597 656 634 Lycopolitanam
667 597 761 625 urbem
775 597 969 625 schismaticus
984 596 1072 624 factus
1085 601 1129 625 est

348 642 464 679 pruni;
478 642 562 670 multa
577 642 685 678 quidem
700 646 795 670 contra
807 649 941 669 canonum
954 648 1038 678 agens
1047 649 1128 677 regu-

347 687 413 722 lam,
431 695 621 723 superansque
633 688 910 716 etiam'cruentorum
925 687 1041 715 militum
1062 687 1128 716 feri-

347 736 442 766 tatem,
449 733 497 768 qui
507 733 536 761 in
544 733 650 761 Domini
663 734 793 769 passione
798 734 878 761 veriti
885 738 950 761 sunt
957 733 1126 762 Dominicam

346 777 472 808 scindere
482 778 619 813 tunicam;
642 780 710 807 adeo
731 779 830 807 laxatis
845 779 957 808 insania
968 780 1127 815 raptabatur

346 823 471 857 habenis,
479 828 509 852 ut
517 825 679 853 catholicam
691 825 820 854 scindens
832 825 983 854 Ecclesiam
991 845 999 858 ,
1014 833 1070 854 non
1080 833 1127 853 so-

345 869 402 898 lum
413 876 462 906 per
474 871 599 899 civitates
610 869 730 906 Λεπρεῖ,
745 871 793 899 sed
807 871 888 899 etiam
902 879 950 906 per
961 870 1043 900 villas
1052 872 1124 906 ejus,

346 923 412 944 suos
423 921 555 952 sequaces
565 916 704 945 ordinaret
718 917 862 953 episcopos
871 936 880 952 ,
891 921 919 946 et
937 918 1003 946 nihil
1017 919 1043 946 ei
1054 925 1127 946 cura

345 961 381 989 de
394 961 477 989 Petro
487 964 556 994 erat,
567 962 621 990 imo
635 969 686 990 nec
699 963 733 990 de
742 962 853 993 Christo
862 964 910 1000 qui
920 967 980 992 erat
992 964 1020 992 in
1033 963 1124 991 Petro.

347 1009 417 1039 Huic
429 1009 557 1045 profatus
570 1009 652 1038 Arius
668 1009 757 1038 adhuc
772 1010 859 1038 laicus
870 1009 1039 1041 adhzerebat,
1060 1016 1127 1036 nee-

347 1054 413 1083 dum
429 1055 549 1083 clericali
563 1059 677 1084 tonsura
690 1059 800 1083 notatus
810 1076 818 1088 ,
833 1060 945 1090 eratque
958 1054 997 1082 illi
1011 1054 1127 1089 ejusque

346 1100 440 1129 domui
452 1101 596 1130 admodum
609 1102 728 1134 charus;
743 1109 794 1129 nec
808 1100 962 1128 immerito:
975 1108 1056 1128 omne
1067 1100 1126 1128 ani-

347 1147 413 1180 mal,
430 1151 460 1175 ut
474 1147 513 1174 ait
527 1146 680 1182 Scriptura,
693 1146 783 1180 simile
797 1145 849 1186 sibi
860 1145 958 1182 diligit.
973 1145 1022 1174 His
1034 1149 1125 1174 autem

345 1193 463 1229 cognitis
474 1212 483 1225 ,
502 1192 545 1220 vir
559 1191 666 1219 Domini
679 1198 795 1220 mmrore
813 1191 956 1220 confectus
975 1191 1046 1225 hanc
1061 1199 1124 1227 per-

345 1239 514 1267 secutionem
539 1238 628 1265 aiebat
652 1237 773 1274 pejorem
792 1245 854 1266 esse
879 1238 980 1273 priore.
1004 1237 1039 1265 Et
1061 1237 1124 1266 licet

345 1284 507 1321 quibusdam
523 1284 636 1312 latebris
650 1285 817 1316 abseonsus,
835 1287 926 1311 tamen
948 1290 999 1318 pro
1018 1283 1123 1312 viribus

345 1331 545 1359 exhortatorios
560 1330 660 1366 ubique
671 1329 792 1365 dirigens
806 1329 907 1364 apices,
920 1328 1124 1364 praedicansque

345 1374 474 1405 Ecclesiae
491 1376 622 1404 unitatem
633 1394 641 1408 ,
654 1374 798 1410 vegetabat
811 1382 859 1401 eos
871 1374 1001 1402 adversus
1012 1375 1124 1410 imperi.

344 1421 413 1452 tiam
428 1425 456 1451 et
466 1421 599 1450 nefariam
615 1420 715 1448 Meletii
729 1420 921 1447 temeritatem.
931 1419 1008 1447 Unde
1021 1419 1122 1448 factum

346 1472 388 1496 est
403 1471 433 1495 ut
443 1475 498 1496 non
515 1467 595 1502 pauci
609 1466 669 1501 ejus
684 1466 851 1494 salutaribus
865 1465 976 1494 monitis
994 1466 1121 1500 animati,

346 1519 364 1541 ι
379 1511 523 1540 leletiana
538 1512 710 1540 discederent
724 1511 870 1546 impietate.

380 1559 434 1587 Per
443 1559 513 1587 idem
525 1558 583 1586 fere
595 1562 703 1594 tempus
715 1558 806 1590 Arius,
815 1558 922 1593 viperea
933 1561 1053 1603 armatus
1065 1565 1123 1603 ver-
1135 1575 1156 1603 ο

347 1606 429 1639 sutia,
454 1605 533 1641 quasi
554 1605 682 1633 deserens
705 1603 862 1632 Heietianos
876 1603 999 1638 confugit
1022 1602 1054 1629 ad
1072 1600 1123 1631 Pe-

345 1657 437 1684 trum.
461 1651 510 1687 qui
531 1655 642 1687 rogatus
666 1651 701 1678 ab
724 1650 860 1685 episcopis
886 1647 1040 1677 sublimavit
1060 1657 1123 1677 eum

345 1697 463 1725 diaconil
478 1698 589 1730 honore,
604 1697 728 1724 nesciens
741 1696 840 1731 quippe
853 1699 956 1723 tantam
967 1697 1026 1730 ejus
1039 1697 1123 1732 hypo-

344 1742 439 1770 crisin.
456 1740 520 1769 Erat
530 1744 621 1768 autem
633 1744 720 1768 tnstar
733 1740 836 1768 colubri
849 1740 977 1776 pestifero
994 1740 1123 1769 sull‘eetus

344 1792 459 1813 veneno.
484 1784 577 1821 Neque
604 1792 676 1813 enim
693 1784 846 1819 hujusmodi
873 1792 969 1812 manus
985 1785 1122 1820 impositio

344 1830 408 1858 huic
419 1834 514 1858 sancto
527 1830 555 1858 in
572 1830 675 1857 crimen
686 1830 808 1865 deputari
818 1830 915 1865 potuit,
932 1830 1003 1857 sicut
1014 1838 1064 1858 nec
1079 1829 1123 1857 Si-

344 1875 433 1902 monis
458 1874 562 1911 magica
591 1882 636 1902 ars
660 1875 787 1902 simulata
813 1874 959 1902 ascribitur
987 1874 1120 1911 Philippo.

283 1933 288 1938 -
344 1919 550 1948 Heletianorum
567 1920 669 1947 interea
690 1920 847 1948 detestabile
860 1920 937 1948 nefas
960 1928 1041 1955 supra
1064 1928 1122 1948 mo-

343 1967 410 1994 dum
423 1966 575 1999 crescebat,
600 1972 756 2001 pavensque
779 1965 952 1993 beatissimus
976 1965 1072 1993 Petrus
1088 1974 1122 1994 ne

345 2011 470 2039 heretica
485 2011 570 2046 pestis
585 2014 672 2038 totum
697 2011 749 2038 sibi
765 2011 896 2038 creditum
911 2011 1049 2039 invaderet
1060 2019 1122 2046 gre-

342 2064 415 2092 gem,
429 2056 562 2092 simulque
577 2057 666 2084 sciens
679 2056 752 2092 quod
778 2057 850 2083 nulla
867 2057 982 2084 societas
1002 2062 1043 2085 est
1067 2058 1119 2084 luci

343 2109 406 2129 cum
422 2101 550 2132 tenebris,
566 2101 694 2136 nullaque
706 2101 851 2129 concordia
864 2102 972 2129 Christo
985 2107 1012 2130 et
1024 2102 1118 2135 Belial,

344 2145 502 2173 leletianos
515 2145 550 2172 ab
563 2144 682 2174 Ecclesia
706 2154 754 2181 per
778 2147 882 2174 litteras
901 2148 1060 2182 segregavit.
1087 2147 1119 2175 Et

343 2190 408 2226 quia
424 2190 493 2217 mala
505 2190 630 2218 voluntas
648 2190 693 2217 diu
720 2191 852 2218 occultari
874 2199 928 2219 non
951 2193 1030 2225 valet,
1046 2193 1119 2220 illico

343 2235 555 2263 nefandissimus
568 2236 658 2268 Arius,
673 2240 813 2271 propterea
827 2237 898 2272 quod
914 2245 978 2265 suos
1001 2237 1118 2265 fautores

343 2279 378 2307 ab
402 2278 528 2307 Ecclesia
553 2279 682 2315 dignitate
705 2286 827 2308 cerneret
853 2281 972 2313 divisos,
1005 2283 1119 2310 tristitiae.

344 2325 511 2359 mancipatus
543 2325 675 2360 gemebat.
703 2325 781 2358 Quod
805 2327 1007 2354 sanctissimum
1031 2328 1118 2355 virum

343 2367 455 2396 minime
472 2369 562 2396 latuit.
585 2369 724 2399 Denudata
748 2379 863 2407 namque
885 2372 944 2407 ejus
969 2373 1116 2408 hypocrisi,

344 2415 468 2450 protinus
494 2415 649 2449 evangelico
670 2419 749 2443 utens
771 2417 860 2448 ferro.
886 2417 916 2445 Si
942 2419 1032 2445 oculus
1057 2423 1117 2445 tuus

343 2458 434 2486 dexter
459 2458 624 2485 scandalth
640 2463 674 2490 le,
696 2467 756 2486 erue
773 2468 831 2486 eum
854 2466 878 2487 et
895 2462 991 2496 profice
1015 2462 1060 2490 abs
1083 2467 1116 2496 te,

342 2505 438 2534 Arium
462 2504 498 2532 ab
528 2503 656 2533 Ecclesiae
686 2512 829 2540 compage,
857 2510 949 2540 utpote
981 2508 1118 2542 putridum

342 2551 494 2580 membrum
512 2551 692 2583 detruncans,
714 2550 787 2579 foras
805 2551 908 2586 expulit
931 2555 958 2579 et
971 2559 986 2579 a
1000 2552 1117 2580 fidelium

342 2597 532 2624 communione
546 2600 681 2624 extorrem
691 2602 752 2623 esse
762 2595 908 2623 mandavit.

378 2640 428 2669 [iis
439 2642 476 2669 ita
502 2643 595 2678 gestis,
613 2641 703 2671 subito
719 2641 862 2669 admodum
888 2642 976 2669 ablata
991 2650 1117 2677 persecu-

341 2687 426 2715 tionis
438 2688 565 2723 procella,
579 2695 647 2723 pax,
676 2687 739 2715 licet
762 2687 868 2722 exigua.
895 2687 1009 2716 refulsit.
1040 2686 1117 2714 Tunc

342 2731 559 2764 eiuantiasimus
570 2732 675 2761 Domini
697 2731 816 2761 pontifex
842 2732 942 2767 populo
957 2730 1116 2758 manifestus

378 2807 602 2845 {ai‘ilectissime
635 2814 728 2839 noster
742 2809 832 2845 iponit
848 2808 932 2845 Petri
963 2809 1115 2845 passionem

344 2842 641 2878 subliaximtnomon
668 2845 719 2873 sub
740 2842 926 2873 Diocletiano.
952 2842 1024 2878 quod
1051 2843 1116 2871 facit

343 2876 452 2906 Gracus
478 2879 522 2907 ille
549 2879 714 2912 biogranhus
739 2887 755 2908 a
784 2877 945 2907 Combefisio
962 2876 1114 2907 'vulnatus.

1179 281 1339 309 catervatim
1366 288 1488 314 currere.
1503 286 1531 309 et
1549 279 1584 309 ad
1610 280 1713 309 Christi
1728 281 1834 310 laudern
1856 287 1957 311 cretum

1178 334 1358 364 congregare;
1369 335 1439 362 quos
1457 326 1557 354 divinae
1569 327 1637 362 legis
1654 328 1770 356 antistes
1783 328 1876 357 divino
1896 336 1958 356 ora-

1178 371 1240 400 culo
1257 371 1421 404 vivificabat,
1436 371 1557 406 erigebat
1572 375 1653 406 atque
1667 371 1826 404 roborabat,
1855 381 1959 401 cresce-

1176 416 1278 445 batcue
1300 416 1401 452 iugiter
1414 416 1443 444 in
1459 415 1581 445 Ecclesia
1608 416 1754 444 multitudo
1778 418 1956 448 credentium.

1178 461 1232 490 Sed
1248 462 1304 490 haec
1327 469 1382 490 non
1407 461 1492 497 aequis
1506 462 1593 490 oculis
1609 462 1654 490 ille
1669 463 1797 498 antiquus
1820 463 1957 498 aspiciens

1176 508 1302 536 humana
1313 507 1411 535 salutis
1422 507 1510 535 hostis
1521 507 1593 534 haud
1605 507 1632 535 in
1644 508 1752 543 longum
1766 508 1879 544 quievit.
1887 508 1956 537 Nam

1177 554 1269 583 subito
1290 554 1455 590 paganitatis
1479 553 1562 582 turbo
1581 561 1615 582 ex
1635 554 1750 583 adverso
1777 555 1912 589 intonuit,
1928 559 1958 584 et

1176 604 1253 626 more
1268 598 1418 626 hibernalis
1428 598 1523 627 imbris
1536 598 1664 627 Ecclesiae
1674 598 1847 628 serenitatem
1857 607 1957 636 percn-

1177 644 1218 676 lit,
1231 651 1346 680 eamque
1359 644 1453 679 procul
1466 644 1580 680 fugavit.
1595 644 1649 673 Sed
1665 646 1717 673 hoe
1743 649 1773 674 ut
1785 646 1956 676 manifestius

1176 688 1289 724 intelligi
1303 689 1398 724 possit,
1408 691 1563 719 necessario
1577 691 1775 726 adimpiissimi
1793 695 1822 719 et
1842 690 1896 719 Deo
1910 699 1971 720 re-.

1176 732 1255 760 bellis
1268 732 1429 761 Diocletiani
1439 734 1621 768 atrocitatem,
1627 735 1784 770 pariterque
1796 733 1954 763 Iaxitniani

1176 777 1278 806 Galerii
1292 778 1456 807 reﬂectimus
1470 780 1625 813 articulum,
1646 780 1695 816 qui
1709 788 1742 809 eo
1756 784 1878 816 tempore
1890 787 1953 809 cum

1177 823 1232 852 lilio
1247 831 1298 852 suo
1312 824 1458 853 Maximino
1482 825 1625 861 tyrannico
1636 826 1779 855 dominatu
1802 826 1954 856 Orientales

1176 869 1291 896 vexabat
1298 868 1431 904 regiones.

1141 901 1162 929 Β
1211 913 1299 949 Hujus
1312 901 1430 950 namque
1452 916 1620 951 temporibus
1633 906 1778 944 intentum
1793 915 1953 946 Christiana

1176 960 1373 995 persecutionis
1383 961 1515 989 aestuabat
1530 961 1696 994 incendium,
1708 965 1740 988 ut
1753 968 1808 990 non
1821 961 1909 990 solum
1924 962 1953 989 in

1175 1013 1232 1033 uno
1245 1006 1339 1034 mundi
1349 1006 1467 1041 climate,
1479 1007 1527 1035 sed
1537 1008 1618 1036 etiam
1631 1014 1680 1042 per
1691 1007 1848 1035 universum
1858 1007 1952 1035 orbem

1176 1056 1249 1079 terra
1262 1053 1384 1087 marique
1398 1052 1545 1088 impietatis
1569 1053 1688 1088 procella
1711 1056 1826 1081 tonaret.
1841 1052 1953 1080 Discur-

1175 1098 1297 1125 rentibus
1320 1099 1412 1134 itaque
1442 1099 1505 1126 hinc
1531 1098 1596 1127 inde
1623 1099 1809 1134 imperialibus
1839 1099 1953 1135 syllabis

1175 1147 1256 1180 atque
1270 1144 1467 1173 crudelissimis
1491 1145 1620 1178 decretis,
1635 1144 1805 1174 Christicolae
1818 1152 1891 1173 nunc
1904 1151 1953 1180 pa-

1173 1189 1227 1216 lam
1240 1197 1312 1217 nunc
1323 1189 1500 1218 clandestinis
1511 1183 1706 1226 iugulabantur
1719 1190 1843 1226 insidiis;
1860 1191 1952 1218 nullus

1173 1235 1245 1262 enim
1272 1235 1333 1264 dies
1352 1236 1484 1272 nullaque
1505 1244 1560 1265 nox
1586 1237 1622 1265 ab
1647 1237 1779 1266 effusione
1803 1237 1951 1265 Christiani

1173 1281 1280 1310 cruoris
1293 1283 1426 1310 transibat
1440 1283 1578 1311 immunis.
1594 1283 1649 1312 Nec
1659 1289 1739 1319 typus
1753 1279 1950 1312 interfectionis

1173 1325 1301 1353 horrebat
1311 1326 1442 1362 simplex;
1459 1327 1504 1354 alii
1517 1328 1626 1363 quidem
1636 1329 1752 1357 diversis
1766 1333 1793 1357 et
1808 1329 1950 1358 acerrimis

1172 1370 1339 1398 necabantur
1354 1373 1510 1407 suppliciis;
1527 1374 1573 1400 alii
1585 1381 1658 1406 vero,
1669 1378 1699 1401 ut
1709 1375 1790 1402 etiam
1808 1381 1949 1409 parentum

1172 1415 1341 1444 humanitate
1364 1417 1506 1452 patriaque
1528 1422 1653 1446 carerent
1675 1419 1823 1454 sepultura,
1843 1419 1877 1446 ad
1897 1420 1950 1447 alia

1172 1461 1406 1490 transferebantur
1428 1463 1497 1496 loca,
1518 1464 1597 1492 novis
1618 1465 1781 1499 quibusdam
1805 1469 1832 1493 et
1851 1466 1950 1494 seculo

1171 1506 1302 1534 inauditis
1327 1515 1468 1542 pinnarum
1494 1509 1741 1538 machinationibus
1769 1511 1804 1538 ad
1825 1512 1948 1547 martyrii

1172 1553 1402 1587 compellabantur
1414 1557 1523 1582 metam.
1541 1554 1612 1582 Proh
1623 1555 1714 1584 nefas!
1733 1561 1807 1584 tanta
1818 1561 1877 1584 erat
1888 1557 1950 1585 illo-

1172 1605 1232 1624 rum
1247 1597 1387 1632 impietas,
1406 1602 1437 1626 ut
1451 1601 1532 1627 etiam
1549 1600 1633 1628 divini
1647 1602 1738 1629 cultus
1762 1603 1915 1630 aanctuaria
1931 1610 1948 1630 a

1171 1641 1354 1671 fundamentis
1366 1648 1528 1680 everterent,
1544 1651 1707 1682 sanctosque
1717 1648 1802 1676 libros
1814 1649 1870 1684 igni
1888 1655 1952 1678 cre-

1170 1692 1285 1716 marent.
1320 1688 1452 1718 Defuncto
1484 1691 1575 1727 itaque
1600 1693 1777 1721 exsecrabilis
1809 1694 1949 1722 memoria

1171 1732 1347 1768 Diocletiano,
1360 1733 1554 1764 Constantinus
1571 1736 1659 1772 Major
1672 1737 1707 1765 ad
1721 1738 1797 1773 regni
1812 1739 1949 1774 guberna-

1171 1779 1231 1806 cula
1246 1780 1348 1808 electus
1361 1785 1412 1813 est,
1427 1788 1454 1810 ct
1475 1781 1602 1818 Osci-duis
1628 1784 1753 1818 partibus
1777 1785 1948 1819 principatus

1171 1824 1213 1851 sui
1229 1825 1310 1858 coepit
1320 1825 1454 1853 moderari
1473 1826 1603 1855 habenas.

1204 1869 1251 1897 His
1274 1869 1395 1905 profecto
1409 1871 1505 1907 diebus
1525 1871 1671 1900 Maximino
1685 1872 1723 1908 (a)
1743 1879 1758 1899 a
1781 1873 1947 1908 quibusdam

1169 1915 1203 1942 de
1225 1915 1336 1951 praefato
1361 1918 1565 1953 archiepiscopo
1596 1919 1711 1946 relatum
1741 1922 1794 1951 est,
1821 1919 1948 1948 videlicet

1169 1962 1241 1997 quod
1262 1963 1320 1997 ipse
1334 1962 1544 1991 Christianitatis
1557 1964 1612 1992 dux
1625 1968 1705 2000 atque
1720 1965 1833 2000 signifer
1851 1969 1945 1999 esset;

1169 2007 1216 2042 qui
1235 2008 1315 2035 solita
1337 2007 1520 2036 inﬂammatus
1545 2009 1683 2042 nequitia,
1697 2017 1713 2037 e
1727 2010 1842 2045 vestigio
1861 2008 1947 2044 jussit

1169 2053 1360 2088 comprehendi
1375 2053 1484 2081 Petrum
1496 2058 1524 2081 et
1538 2053 1564 2081 in
1579 2062 1715 2082 carcerem
1728 2055 1842 2082 retrudi.
1858 2055 1945 2088 uuam

1169 2099 1204 2127 ob
1219 2106 1275 2126 rem
1289 2099 1408 2134 quinque
1421 2099 1545 2128 tribunos
1555 2100 1671 2136 stipatos
1687 2100 1804 2128 militum
1828 2100 1947 2128 catervis

1168 2145 1358 2172 Alexandriam
1373 2145 1536 2179 destinavit;
1562 2147 1609 2182 qui
1624 2147 1763 2175 venientes
1781 2146 1859 2182 juxta
1871 2146 1945 2182 quod

1169 2191 1220 2219 sibi
1234 2191 1321 2219 fuerat
1329 2186 1503 2226 ‘iinperatum.
1519 2193 1609 2221 subito
1621 2193 1756 2229 rapientes
1766 2193 1867 2220 Christi
1877 2200 1946 2228 pon-

1169 2237 1268 2264 tificem
1284 2237 1401 2265 carceris
1414 2238 1544 2266 custodiae
1567 2239 1766 2274 manciparunt.
1795 2238 1862 2266 Mira
1877 2238 1945 2266 lide-

1170 2282 1234 2309 lium
1249 2282 1371 2310 devotio!
1388 2283 1438 2310 Ubi
1457 2287 1624 2318 compertum
1644 2287 1686 2312 est
1707 2284 1779 2320 quod
1798 2288 1890 2312 tantus
1902 2285 1945 2311 vir

1168 2327 1352 2355 carceralibus
1366 2328 1538 2356 clauderetur
1552 2329 1706 2364 ergastulis,
1721 2329 1842 2356 cucurrit
1861 2337 1943 2365 supra

1168 2373 1279 2400 modum
1293 2374 1460 2401 incredibilis
1471 2375 1632 2407 multitudo,
1647 2375 1782 2409 praecipue
1795 2376 1944 2403 monacho-

1168 2426 1228 2445 rum
1247 2426 1279 2446 ac
1293 2420 1426 2454 virginum
1441 2420 1551 2451 chorus.
1575 2424 1602 2448 et
1618 2428 1673 2448 non
1700 2421 1885 2450 materialibus
1899 2430 1944 2449 ar-

1167 2465 1231 2497 mis,
1247 2465 1293 2492 sed
1317 2465 1496 2500 lacrymarum
1513 2465 1609 2493 rivulis
1623 2469 1650 2492 et
1663 2465 1714 2500 pia:
1729 2467 1943 2495 mentis-aifectu

1167 2509 1404 2537 circumdederunt
1433 2511 1552 2538 carceris
1581 2511 1731 2545 ambitum,
1759 2517 1786 2540 et
1813 2517 1941 2549 tanquam

1167 2554 1232 2581 boni
1243 2554 1291 2581 ﬁlii
1304 2562 1367 2590 erga
1379 2555 1480 2582 bonum
1495 2559 1609 2590 patrem,
1624 2556 1678 2583 imo
1689 2556 1843 2586 Christiana
1856 2566 1942 2586 mem-

1167 2599 1216 2626 bra
1237 2599 1470 2628 Christianissimo
1494 2601 1595 2635 capiti,
1628 2602 1691 2630 totis
1720 2605 1940 2639 compassionum

1166 2644 1315 2671 visceribus
1330 2644 1510 2675 adharebant.
1526 2650 1656 2682 erantque
1671 2648 1709 2675 illi
1725 2656 1830 2682 murus,
1844 2649 1940 2676 obser-

1168 2693 1261 2717 vantes
1275 2697 1309 2717 ue
1319 2690 1381 2724 quis
1396 2697 1562 2725 paganorum
1577 2692 1611 2720 ad
1626 2700 1687 2720 eum
1706 2693 1874 2729 ingrediendi
1893 2699 1940 2719 co-

1166 2734 1239 2768 piam
1257 2735 1377 2763 haberet.
1407 2734 1468 2764 Una
1495 2736 1623 2765 nimirum
1641 2739 1763 2766 omnium
1778 2743 1850 2770 vota,
1873 2744 1937 2764 con-

1135 2249 1157 2277 ο

1166 2812 1306 2883 ἓὲἓῐεῃὶρ
1333 2813 1429 2841 doctus
1457 2814 1544 2844 editor
1575 2824 1601 2852 p.
1631 2816 1685 2844 9.22
1715 2822 1834 2845 errorem
1866 2814 1938 2843 hunc
