2145 3163
321 151 376 179 139

836 149 866 178 S.
887 147 988 176 PETRI
1006 148 1239 177 ALEXANDRINI
1258 150 1413 180 EPISCOPI

1892 155 1946 183 ‘00

322 212 415 240 divina
429 212 515 247 gratia
530 215 594 239 sunt
615 211 716 244 vocati,
731 218 813 246 quam
838 210 930 246 gravis
956 219 999 238 me
1017 210 1113 238 tribu—
1125 212 1148 240 Α
1161 212 1325 241 bulationes.
1338 212 1432 249 Neque
1444 213 1516 241 enim
1537 213 1664 243 meliores
1681 222 1778 244 sumus
1802 223 1885 251 quam
1898 224 1946 252 pa.

324 259 390 287 latio
406 258 559 299 quatiebat!
577 257 610 285 lli
628 259 711 291 enim,
726 262 757 285 ut
770 257 821 293 ipsi
838 257 928 290 scitis,
947 257 984 285 ob
1005 257 1108 285 Christi

325 305 404 332 fidem
415 312 476 332 cum
494 304 607 340 reliquis
622 303 827 332 confessoribus
849 301 965 331 diversis
979 311 1110 331 macera—

323 350 423 378 bantur
436 351 588 386 suppliciis.
603 350 637 377 Et
657 350 722 385 quia
735 349 762 376 in
784 348 832 376 tali
847 357 932 384 agone
947 356 1001 377 non
1019 350 1109 377 solum

322 394 494 427 clericorum,
511 395 559 423 sed
575 396 657 423 etiam
673 394 805 422 laicorum
818 394 869 429 ipsi
889 398 968 422 erant
984 394 1108 430 signiferi

322 446 349 469 et
369 446 558 477 pmeptores,
574 445 717 476 propterea
737 440 814 468 valde
827 441 951 473 verebar,
970 448 1005 469 ne
1020 441 1107 477 longis

322 487 469 516 deﬁcerent
496 487 682 518 cruciatibus,
707 491 734 514 et
759 495 852 514 eorum
881 487 1009 520 defectio,
1034 487 1107 522 quod

321 533 396 562 dictu
414 542 497 569 grave
512 537 566 565 est,
590 533 716 567 plurimis
730 533 846 568 negandi
865 531 934 561 foret
951 532 1108 560 offendicu—

322 579 377 606 lum
388 589 396 613 ς
409 583 488 607 erant
497 579 570 606 enim
585 580 655 605 ultra
668 583 810 607 sexcentos
824 579 977 614 sexaginta,
988 579 1106 613 quicum

322 625 363 652 eis
377 624 562 652 carceralibus
578 624 752 652 arctabantur
769 624 926 659 ergastulis.
941 622 1019 650 Unde
1047 629 1106 649 ma-

320 678 374 705 gno
393 670 487 697 labore
507 678 659 705 magnoque
671 674 798 705 satagens
812 669 922 700 sudore,
938 676 994 696 non
1007 675 1107 695 cessa-

321 717 383 743 bam
413 715 447 743 de
475 716 611 750 praedictis
637 716 705 743 locis
733 716 854 743 scribere
881 714 1008 741 omnibus
1035 713 1105 746 illis,

320 761 468 789 exhortans
487 769 532 789 eos
558 762 592 789 ad
609 761 732 797 martyrii
749 761 866 796 palmam
892 759 1050 794 magisterio
1065 758 1107 785 di-

320 807 375 834 vini
390 806 497 835 aﬁatus.
513 807 626 840 Quando
649 815 713 834 vero
733 805 856 833 omnium
871 812 964 833 eorum
980 804 1105 840 magniﬁ-

318 861 379 880 cam
394 853 484 881 audivi
509 853 739 889 perseverantiam
757 856 783 879 et
800 851 937 886 passionis
956 851 1103 886 gloriosum

318 900 410 931 tinem,
427 899 528 928 cadens
542 899 570 926 in
592 904 692 926 terram
708 897 818 925 adoravi
845 896 949 925 Christi
968 897 1105 931 majesta—

317 949 383 979 tem,
398 946 445 981 qui
465 953 513 973 eos
528 945 599 972 inter
622 944 744 980 martyrii
771 947 895 972 catervas
924 951 1105 971 annumerare

316 990 444 1024 dignatus
455 995 505 1017 est.

351 1035 422 1069 Quid
448 1035 530 1063 etiam
547 1035 624 1063 vobis
645 1035 679 1063 de.
709 1035 815 1063 Meletio
843 1035 1039 1071 Lycopolitano
1064 1035 1102 1071 (ιι)

315 1081 548 1109 commemorem?
568 1081 614 1116 qui
641 1085 759 1116 quantas
777 1081 992 1116 persecutiones,
1008 1089 1104 1116 quan—

316 1131 413 1161 tusque
423 1127 500 1154 dolos
509 1127 576 1154 mihi
591 1127 626 1154 sit
636 1127 785 1160 jaculatus.
798 1134 848 1153 vos
861 1125 1019 1153 omnimodo
1032 1125 1104 1154 scire

315 1173 470 1201 nullatenus
487 1173 607 1208 ambigo.
633 1172 706 1199 Proh
734 1171 825 1198 nefas!
854 1171 980 1199 scindere
1003 1179 1104 1200 sacro—

315 1223 439 1246 sanctam
464 1218 615 1246 Ecclesiam
637 1224 692 1244 non
717 1217 823 1248 metuit.
839 1225 921 1253 quam
947 1218 994 1245 Dei
1016 1217 1102 1246 Filius

314 1265 435 1299 pretioso
455 1263 588 1298 sanguine
613 1262 738 1295 redemit,
760 1270 876 1298 namque
898 1267 928 1290 ut
945 1263 979 1291 de
999 1263 1101 1291 diaboli

314 1308 460 1345 tyrannide
471 1308 610 1340 liberaret,
631 1308 749 1335 animam
775 1316 877 1344 ponere
890 1316 946 1337 non
965 1309 1100 1337 titubavit.

314 1355 402 1387 Hanc,
420 1358 449 1381 ut
463 1354 553 1382 dicere
567 1354 649 1389 coepi,
666 1353 852 1390 nequissimus
869 1354 994 1382 Meletius
1021 1355 1102 1383 scin—

314 1402 394 1432 dens.
408 1400 490 1428 etiam
515 1404 626 1428 sanctos
644 1400 799 1436 episcopos,
816 1400 863 1436 qui
880 1404 944 1428 ante
960 1400 1100 1436 paululum

314 1455 362 1483 per
390 1447 548 1482 martyrium
577 1447 663 1476 caelos
690 1450 890 1482 penetrarunt,
922 1446 950 1473 in
980 1445 1100 1474 carceris

313 1494 438 1521 custodia
454 1500 610 1528 expugnare
623 1496 705 1528 atque
719 1492 838 1527 al‘ﬁigere
864 1500 919 1520 non
944 1492 1098 1520 desinebat.

312 1541 412 1568 Cavete
425 1540 507 1576 igitur
525 1540 559 1567 ab
573 1539 634 1573 ejus
649 1538 768 1566 insidiis.
792 1538 848 1574 Ego
871 1539 944 1566 enim
956 1559 964 1572 ,
989 1543 1020 1566 ut
1046 1539 1099 1574 ipsi
1112 1559 1134 1589 ϐ

311 1587 421 1618 videtis,
437 1585 565 1620 alligatus
581 1584 675 1611 divina
696 1584 830 1611 charitate
855 1584 1024 1619 proﬁciscor,
1043 1592 1099 1612 vo-

312 1633 445 1660 luntatem
474 1631 522 1658 Dei
553 1630 682 1658 omnibus
709 1634 887 1666 anteponens.
913 1629 977 1658 Scio
1001 1638 1098 1665 nempe

310 1679 374 1714 quia
389 1677 491 1704 tribuni
502 1676 536 1704 de
548 1684 608 1704 mea
622 1684 688 1704 nece
699 1677 868 1712 trepidantes
882 1676 1037 1709 mussitant,
1049 1676 1097 1704 sed

310 1725 415 1752 nullum
428 1731 462 1751 ex
483 1723 535 1751 hoc
555 1723 595 1751 eis
613 1730 766 1751 sermonem
782 1723 908 1755 inferam,
921 1730 1008 1758 neque
1023 1723 1097 1751 enim

308 1770 429 1796 animam
445 1776 532 1796 meam
547 1768 735 1804 pretiosiorem
757 1776 800 1796 me
824 1768 884 1803 ipso
897 1767 1005 1795 faciam.
1024 1767 1096 1801 Quin

309 1816 365 1843 imo
378 1819 490 1850 paratus
503 1822 563 1842 sum
583 1814 714 1849 perﬁcere
727 1821 839 1841 cursum
860 1822 942 1848 quem
965 1814 1030 1841 mihi
1045 1814 1097 1841 Do-

308 1863 400 1889 minus
414 1868 491 1888 meus
506 1859 586 1887 Jesus
606 1859 733 1887 Christus
756 1859 878 1894 polliceri
899 1859 1028 1894 dignatus
1042 1865 1094 1892 est,

310 1912 340 1935 et
349 1906 534 1935 ministerium
545 1905 618 1940 quod
635 1905 671 1933 ab
685 1905 746 1941 ipso
761 1905 863 1940 accepi,
879 1905 904 1933 ei
921 1905 1037 1932 ﬁdeliter
1049 1912 1095 1933 as-

307 1955 428 1989 signare.
442 1952 525 1980 Orate
538 1959 588 1988 pro
602 1958 656 1985 me,
674 1951 774 1980 fratres
786 1961 794 1986 ;
811 1952 926 1980 ulterius
940 1959 983 1979 me
1000 1952 1029 1979 in
1043 1951 1094 1978 hac

307 2000 363 2027 vita
375 1999 517 2027 vobiscum
532 1998 624 2026 vivere
636 1998 692 2033 jam
704 2006 760 2026 non
775 1998 913 2026 videbitis.
922 1998 1094 2033 Quapropter

307 2045 440 2073 testificor
453 2052 544 2072 coram
562 2044 618 2072 Deo
639 2048 667 2072 et
686 2048 778 2072 vestra
808 2045 996 2076 fraternitate,
1020 2043 1093 2079 quod

306 2092 435 2120 omnibus
451 2091 530 2119 vobis
549 2089 678 2118 mundam
694 2091 799 2118 servavi
815 2091 1019 2119 conscientiam.
1032 2089 1093 2117 Non

305 2139 378 2165 enim
391 2137 542 2173 subterfugi
553 2137 714 2165 annuntiare
720 2137 798 2165 vobis
808 2145 868 2172 qua:
877 2137 942 2164 mihi
951 2145 965 2164 a
978 2137 1092 2165 Domino

306 2187 370 2211 sunt
393 2182 526 2218 iujuncta,
542 2186 569 2210 et
593 2189 655 2217 quas
673 2182 803 2217 deinceps
829 2182 985 2210 necessaria
1011 2187 1091 2210 erunt

304 2228 424 2264 pandere
436 2229 549 2255 minime
560 2228 694 2255 recusavi.
1007 2222 1010 2225 ’

339 2274 475 2308 Quocirca
502 2273 633 2301 attendite
652 2273 731 2302 vobis
758 2278 785 2300 et
800 2273 928 2300 universo
951 2274 1037 2309 gregi,
1063 2274 1090 2301 in

303 2328 358 2355 quo
372 2328 421 2350 vos
436 2319 555 2356 Spiritus
570 2324 682 2348 sanctus
697 2320 818 2348 seriatirn
833 2319 975 2355 episcopos
987 2321 1088 2356 posuit.

303 2365 342 2393 Te
365 2366 475 2401 quidem
498 2365 631 2392 Achillam
655 2367 784 2400 primum.
815 2364 999 2393 Alexandrum
1024 2373 1089 2393 vero

303 2412 465 2439 secundum.
482 2411 522 2438 En
545 2411 622 2438 vobis
638 2411 700 2438 viva
716 2419 782 2439 voce
795 2414 940 2446 protestor,
958 2412 1089 2446 quoniam

302 2461 364 2492 post
382 2465 473 2485 meum
490 2457 635 2484 transitum
657 2457 798 2492 insurgent
813 2456 923 2491 quidam
939 2456 973 2484 de
992 2456 1087 2484 Eccle-

302 2503 343 2530 sia
361 2503 503 2538 loquentes
521 2510 660 2538 perversa,
672 2510 823 2538 rursusque
837 2503 960 2530 divident
973 2511 1045 2535 eam,
1058 2506 1088 2529 ut

302 2548 436 2583 blcletius,
452 2549 592 2576 trahentes
610 2549 738 2584 populum
767 2553 828 2584 post
843 2556 921 2577 Suam
936 2550 1086 2577 vesaniam.

269 2609 274 2613 -
302 2594 370 2621 Ecce
384 2594 497 2629 praedixi
511 2594 598 2621 vobis.
616 2593 680 2624 Sed,
697 2593 829 2628 deprecor
843 2601 891 2620 vos
904 2614 911 2625 ,
939 2601 956 2620 ο
980 2594 1086 2620 viscera

301 2647 372 2673 mea,
388 2639 495 2675 vigilate
511 2648 518 2666 :
532 2642 639 2673 oportet
651 2639 724 2666 enim
737 2647 784 2667 vos
803 2640 903 2667 multas
921 2639 1013 2667 subire
1029 2639 1087 2666 tri-

335 2727 374 2763 (α)
386 2727 493 2762 Optime
507 2732 614 2761 noster;
630 2732 690 2756 erat
715 2730 789 2756 enim
809 2727 931 2755 Meletius
957 2727 1086 2763 Lycopo—

299 2762 357 2790 leos
371 2763 398 2789 in
413 2762 550 2790 Thebaide
567 2764 723 2790 coiscoous.
746 2763 867 2790 Pessime
882 2764 949 2789 Acta
962 2764 1085 2790 (innube-

300 2770 357 2790 teos
371 2771 398 2789 ιη
418 2770 550 2790 tuename
567 2771 723 2798 cpiscopus.
746 2770 867 2790 Pessime
882 2770 949 2789 Acta
962 2770 1085 2790 minue-

299 2798 395 2825 tisiana
421 2797 449 2838 in
465 2796 610 2839 Lygdame.
628 2798 691 2839 .lamr
710 2798 867 2839 resnlleletii
885 2798 937 2839 late
956 2799 1083 2839 scribun-

297 2836 376 2895 κη·ιὲ
388 2833 488 2903 galeis
514 2833 654 2862 historicis
668 2838 695 2862 et
719 2841 734 2861 a
750 2833 866 2862 Baronio
890 2832 922 2860 ad
939 2840 1003 2861 ann.
1019 2834 1082 2867 306,

1159 262 1216 285 tres
1232 259 1332 286 nostri.
1347 263 1388 286 An
1417 260 1548 295 ignoratis
1561 265 1664 295 quanta
1682 267 1698 287 a
1713 260 1860 296 gentilibus
1882 269 1946 297 per-

1159 311 1256 338 pessus
1277 310 1319 332 est
1335 307 1411 339 pater
1425 312 1519 336 meus,
1536 305 1582 340 qui
1599 312 1643 333 me
1665 306 1789 339 nutrivit,
1804 307 1944 335 sanctissi-

1159 357 1221 377 mus
1236 349 1362 379 Theonas
1381 351 1539 386 episcopus,
1551 352 1631 386 cujus
1652 351 1835 387 pontiﬁcalem
1851 353 1945 381 cathe-

1157 395 1234 423 dram
1260 403 1354 432 regere
1370 397 1500 432 suscepi?
1527 397 1549 425 0
1570 397 1673 425 utinam
1692 401 1720 426 et
1745 398 1854 426 mores!
1874 398 1945 432 Quid

1157 442 1238 469 etiam
1253 442 1288 470 de
1301 450 1400 478 magno
1417 442 1546 479 Dionysio
1568 443 1690 478 ejusdem
1715 451 1880 478 pmcessore
1899 452 1940 472 ro-

1157 486 1265 514 feram?
1280 488 1327 524 qui
1341 488 1474 524 profugus
1488 489 1523 516 de
1539 488 1600 516 loco
1624 488 1652 516 in
1676 489 1764 516 locum
1782 489 1883 517 multas
1898 496 1944 517 ca-

1157 531 1293 561 lamitates
1320 534 1354 561 ab
1376 534 1474 562 insano
1494 534 1626 562 sustinuit
1651 533 1792 563 Sabelliol
1815 534 1872 563 Nec
1895 543 1945 563 vos

1156 582 1315 613 praeteream
1335 579 1384 615 (tt),
1402 580 1571 609 sanctissimi
1585 580 1680 610 Patres
1697 588 1729 608 ac
1752 581 1851 609 divina;
1876 581 1944 617 legis

1156 624 1303 656 antistites,
1332 624 1438 653 Heracli
1461 630 1543 660 atque
1560 625 1691 659 Demetri,
1704 628 1805 661 quibus
1824 625 1945 654 fabricae

1156 674 1199 697 tor
1215 671 1337 706 perversi
1360 671 1496 707 dogmatis
1520 671 1652 707 Origenes
1676 671 1840 700 multifarias
1855 675 1945 700 tenta-

1156 717 1245 744 tlones
1263 716 1394 749 incussit;
1411 717 1457 752 qui
1485 717 1603 751 conjecit
1619 717 1647 744 iu
1660 716 1810 745 Ecclesiam
1826 717 1944 744 detesta-

1155 760 1210 787 bile
1221 760 1353 792 schisma,
1369 760 1441 795 quod
1458 768 1544 796 usque
1558 761 1639 788 hodie
1654 761 1798 789 confundit
1810 760 1943 789 eam.Sed

1156 806 1242 841 gratia
1259 804 1317 837 Dei,
1331 811 1393 841 qua!
1409 805 1472 833 illos
1498 811 1562 833 tunc
1577 806 1754 842 protegebat,
1771 807 1853 835 credo
1868 807 1942 835 enim

1155 851 1229 887 quod
1240 855 1266 879 et
1282 859 1330 879 vos
1347 855 1479 886 proteget.
1499 850 1551 879 Sed
1565 852 1630 887 quid
1645 860 1693 881 vos
1711 853 1781 880 ultra
1803 853 1941 886 demoror,

1155 896 1308 924 charissimi
1324 896 1433 929 fratres,
1451 896 1548 932 prolixi
1570 897 1705 934 sermonis
1727 897 1827 925 aﬁ‘atu‘.’
1842 897 1943 934 Super-

1154 948 1196 971 est
1209 947 1237 970 ut
1253 942 1347 969 ultima
1369 942 1485 978 apostoli
1512 943 1635 970 oratione
1661 950 1710 970 vos
1730 950 1882 978 prosequar
1904 944 1942 970 ita

1155 989 1291 1025 precantis
1309 999 1315 1016 :
1333 993 1360 1017 et
1386 996 1460 1016 nunc
1485 988 1647 1016 commendo
1674 996 1722 1016 vos
1738 988 1794 1017 Deo
1807 993 1834 1017 et
1859 989 1941 1017 verbo

1154 1036 1248 1070 gratia:
1272 1035 1342 1070 ejus,
1359 1036 1407 1070 qui
1432 1038 1529 1070 potens
1551 1039 1594 1062 est
1612 1034 1765 1070 gubernare
1787 1038 1815 1062 et
1840 1042 1889 1062 vos
1913 1039 1941 1062 et

1153 1080 1224 1108 ovile
1238 1087 1329 1108 suum.
1354 1079 1417 1107 Haec
1442 1079 1489 1107 ubi
1512 1080 1586 1107 dicta
1609 1079 1694 1111 dedit.
1713 1080 1809 1114 positis
1825 1079 1940 1115 genibus

1153 1126 1241 1153 oravit
1260 1133 1321 1154 cum
1333 1126 1383 1154 eis.
1399 1125 1510 1159 Expleta
1525 1126 1617 1161 itaque
1629 1126 1752 1154 oratione
1761 1146 1769 1159 ,
1783 1127 1940 1154 osculantes

1153 1180 1250 1200 manus
1278 1173 1339 1207 ejus
1363 1179 1395 1200 ac
1423 1172 1505 1207 pedes
1527 1172 1648 1200 Achillas
1673 1176 1755 1207 atque
1786 1171 1941 1200 Alexander

1153 1217 1278 1245 conversi
1304 1218 1332 1244 in
1358 1217 1493 1253 lacrymas
1510 1218 1631 1253 singultu
1648 1218 1820 1246 amarissimo
1835 1218 1940 1253 quatie-

1152 1263 1263 1294 bantur,
1276 1264 1393 1291 maxime
1408 1264 1473 1299 quia
1486 1263 1629 1291 audierant
1638 1272 1700 1292 eum
1716 1264 1807 1292 dicere
1822 1264 1895 1300 quod
1905 1273 1940 1293 ex

1152 1313 1217 1336 tunc
1239 1311 1416 1344 temporalem
1443 1311 1504 1344 ejus
1532 1310 1616 1337 vitam
1646 1311 1763 1346 amplius
1777 1311 1865 1339 visuri
1883 1319 1939 1339 non

1151 1359 1252 1382 essent.
1269 1354 1374 1382 Dehinc
1396 1355 1492 1382 doctor
1507 1355 1684 1383 dulcissimus
1702 1357 1815 1385 veniens
1831 1357 1866 1384 ad
1893 1364 1940 1385 re-

1152 1400 1241 1435 liquos
1265 1400 1439 1432 clericorum,
1466 1400 1524 1436 qui,
1553 1405 1582 1427 ut
1611 1402 1782 1436 praemissum
1808 1405 1864 1432 est.
1888 1409 1940 1438 pro

1150 1445 1216 1473 Ario
1231 1446 1345 1481 ingressi
1362 1445 1480 1478 fuerant,
1498 1445 1605 1473 locutus
1628 1445 1669 1473 eis
1689 1446 1771 1473 verba
1787 1447 1939 1477 novissima

1151 1497 1232 1528 atque
1243 1491 1427 1519 consolatoria
1439 1495 1465 1519 et
1475 1498 1536 1526 qua:
1546 1491 1701 1519 necessaria
1715 1496 1812 1524 erant;
1828 1492 1936 1526 deinde,

1151 1537 1220 1566 fusis
1235 1537 1268 1565 ad
1285 1537 1369 1566 Deum
1395 1538 1523 1574 precibus
1542 1538 1602 1566 vale
1616 1537 1722 1566 faciens
1749 1538 1815 1571 illis.
1832 1538 1937 1568 dimisit

1149 1592 1244 1611 omnes
1264 1584 1290 1611 in
1306 1592 1382 1620 pace.

1184 1629 1232 1657 llis
1254 1630 1290 1656 ita
1306 1631 1435 1666 peractis,
1453 1631 1534 1667 longe
1559 1631 1667 1666 lateque
1683 1631 1783 1666 ubique
1798 1632 1937 1668 vulgatum

1147 1680 1190 1703 est
1205 1676 1277 1710 quod
1304 1676 1386 1704 Arius
1411 1685 1425 1704 ι
1449 1677 1582 1705 catholica
1601 1678 1706 1705 unitate
1722 1678 1824 1713 absque
1840 1678 1937 1706 deiflco

1149 1726 1214 1748 nutu
1225 1729 1279 1748 non
1292 1722 1328 1749 sit
1340 1722 1477 1750 abscisus.
1493 1721 1540 1750 llle
1562 1727 1653 1750 autem
1666 1722 1777 1751 fallendi
1793 1723 1893 1752 artifex
1908 1727 1936 1752 et

1147 1768 1232 1795 totius
1251 1768 1380 1802 nequitia:
1395 1768 1556 1801 seminator,
1577 1769 1605 1796 in
1622 1769 1664 1796 sui
1680 1769 1937 1806 pectorislabyrin-

1146 1811 1194 1840 tbo
1210 1813 1349 1847 vipereum
1364 1813 1439 1841 virus
1453 1813 1594 1841 occultare
1611 1821 1666 1840 non
1693 1813 1851 1846 desinebat,
1872 1822 1936 1849 spe-

1146 1865 1211 1885 rans
1224 1866 1253 1886 so
1265 1859 1301 1886 ab
1314 1859 1420 1886 Achilla
1434 1859 1477 1887 vel
1503 1859 1659 1888 Alexandro
1676 1860 1857 1888 reconciliari.
1884 1860 1936 1888 Hic

1145 1909 1188 1932 est
1202 1905 1248 1932 ille
1263 1905 1345 1933 Arius
1357 1905 1563 1938 haresiarches,
1576 1905 1820 1934 consubstantialis
1842 1911 1870 1935 et
1893 1908 1936 1935 in-

1145 1950 1261 1977 dividua:
1277 1950 1419 1978 Trinitatis
1436 1951 1551 1979 divisor.
1578 1950 1628 1978 llic
1652 1955 1694 1979 est
1711 1953 1756 1986 qui
1782 1960 1831 1980 ore
1850 1956 1935 1982 teme-

1145 1995 1218 2022 rario
1231 1995 1374 2023 Dominum
1395 1995 1564 2023 Salvatorem
1581 2004 1664 2031 super
1676 2005 1772 2026 omnes
1791 1999 1934 2028 hzereticos

1145 2036 1333 2077 blasphemare
1348 2049 1404 2069 non
1424 2043 1532 2075 metuit,
1548 2042 1692 2071 Dominum
1704 2064 1711 2077 ,
1734 2045 1857 2080 inquam,
1873 2047 1934 2073 Sal-

1144 2091 1275 2119 vatorem,
1299 2088 1346 2122 qui
1371 2088 1506 2116 humanos
1535 2089 1681 2118 miseratus
1703 2098 1822 2124 errores,
1837 2093 1933 2120 morti-

1144 2132 1208 2160 ferae
1233 2132 1416 2161 damnationis
1439 2134 1555 2163 interitu
1569 2135 1720 2164 condolens
1735 2137 1823 2170 perire
1847 2144 1932 2165 saecu-

1144 2179 1210 2217 lum,
1225 2187 1274 2214 pro
1299 2180 1426 2207 omnibus
1449 2179 1527 2208 nobis
1554 2188 1638 2209 carne
1663 2184 1718 2217 pati
1734 2182 1863 2217 dignatus
1875 2186 1929 2212 est.

1106 2227 1130 2254 D
1144 2214 1236 2260 Neque
1250 2226 1322 2253 enim
1335 2226 1482 2258 divinitas,
1499 2234 1559 2262 quae
1581 2214 1674 2263 utique
1690 2214 1865 2263 impassibilis
1876 2232 1929 2260 est.

1145 2272 1299 2305 passionem
1330 2272 1480 2300 incurrisse
1514 2273 1650 2300 credenda
1682 2277 1735 2300 est.
1773 2271 1827 2300 Sed
1866 2274 1930 2308 quia

1143 2318 1260 2353 theologi
1286 2317 1381 2346 Patres
1411 2318 1568 2352 hujusmodi
1588 2317 1772 2353 blasphemias
1795 2326 1811 2345 a
1827 2319 1929 2346 catho-

1143 2363 1204 2390 licis
1223 2364 1335 2391 auribus
1352 2363 1458 2391 meliori
1484 2365 1555 2400 stylo
1574 2364 1669 2399 procul
1688 2371 1814 2393 amovere
1840 2373 1928 2393 cura-

1143 2412 1220 2441 runt,
1241 2413 1268 2436 et
1286 2409 1365 2436 nobis
1384 2409 1458 2437 aliud
1478 2410 1617 2442 imminet,
1639 2410 1783 2439 redeamus
1803 2412 1836 2440 ad
1858 2419 1928 2448 pro-

1142 2455 1269 2489 positum.

1178 2499 1377 2535 Sagacissimus
1412 2500 1494 2534 igitur
1528 2499 1670 2533 pontifex,
1707 2501 1927 2530 antimadvertens

1141 2547 1359 2574 cruentissimam
1373 2546 1545 2573 tribunorum
1564 2547 1714 2582 stropham,
1733 2548 1805 2583 quod
1817 2548 1852 2575 ob
1865 2549 1926 2582 ejus

1141 2592 1349 2626 perpetrandam
1378 2598 1491 2621 necem.
1512 2599 1620 2618 onmem
1638 2592 1856 2620 Christianorum
1877 2593 1925 2629 qui

1140 2642 1205 2664 tunc
1229 2638 1342 2666 aderant
1370 2637 1573 2665 multitudinem
1590 2638 1681 2674 gladio
1697 2639 1854 2667 interimere
1872 2639 1925 2677 vel-

1175 2728 1212 2763 (ιι)
1230 2728 1336 2756 Rursus
1364 2733 1437 2756 recte
1458 2733 1552 2757 noster
1579 2730 1645 2756 vitat
1669 2737 1789 2756 errorem
1812 2729 1924 2764 biogra-

1139 2765 1183 2799 plii
1213 2763 1301 2791 Graeci
1327 2763 1538 2799 Cgmheﬁsiani,
1558 2765 1614 2799 iqui
1645 2764 1800 2792 lleraclium
1823 2763 1925 2792 ac’De-

1137 2798 1264 2861 anetyium
1276 2803 1337 2834 post
1351 2798 1497 2826 Sabellium
1511 2806 1542 2826 ac
1557 2798 1713 2836 Dionysium
1724 2799 1808 2828 fuisse
1822 2800 1925 2828 diserte

1157 2842 1191 2861 ici
1207 2855 1214 2861 .
