2145 3163
164 154 215 183 861

835 151 926 181 ACTA
947 151 1105 180 SINCERA.

1737 155 1791 184 ως

162 215 232 248 ient,
244 215 334 244 uoluit
348 224 398 246 eos
411 217 515 253 pariter
537 224 630 246 secum
650 217 743 245 subire
761 215 857 244 mortis
879 217 991 246 acer-A
1003 215 1064 250 ejus
1089 215 1220 244 liberator
1243 216 1364 244 omnium
1389 215 1515 244 Christus
1539 216 1631 252 elegit,
1660 215 1708 245 tibi
1728 215 1790 246 ﬁdei

162 259 278 289 bitatem
290 271 299 297 ;
313 262 361 291 sed
379 262 465 291 ﬁdelis
482 271 578 291 servus
599 262 709 290 imitans
733 262 878 290 Dominum
896 260 953 288 Sal-

163 312 301 341 vatorem,
313 310 359 344 qui
373 309 443 337 dixit
458 314 486 337 et
502 309 584 341 fecit,
612 308 709 336 Pastor
730 307 813 335 bonus
835 306 952 342 animant

162 360 242 381 suam
258 354 333 388 ponit
351 360 398 388 pro
411 355 501 382 oribus
520 355 594 387 suis,
616 361 649 382 ex
661 354 771 389 pietatis
790 357 952 388 argumento

163 402 273 425 vocavit
288 406 374 427 unum
389 400 524 427 seniorem
540 407 571 426 ex
586 398 629 426 his
648 398 695 434 qui
711 398 813 426 ibidem
837 405 952 433 respon-

163 443 204 471 sis
219 443 282 478 ejus
296 444 475 477 inbcrebant,
492 448 519 472 et
533 444 602 472 dixit
614 444 639 472 ei
656 453 664 472 :
680 443 755 474 Vade
776 444 810 472 ad
825 444 952 471 tribunos

162 489 214 524 qui
235 496 280 517 me
297 490 451 518 interﬁcere
465 493 602 526 quaerunt,
617 494 644 517 et
671 489 755 518 dicito
778 490 818 517 eis
834 499 841 517 :
856 489 953 517 Cesset

161 535 255 562 omnis
270 535 405 566 anxietas.
420 543 484 563 ecce
497 539 641 571 promptus
652 543 712 563 sum
728 536 882 563 ultroneum
908 542 952 562 me

162 579 218 608 illis
233 581 368 615 ingerere.
393 579 450 607 Hac
466 580 565 608 etenim
582 585 662 608 nocte
685 580 796 608 veniant
815 585 877 615 pest
894 583 951 606 ter-

161 633 226 658 gum
256 626 355 654 domus
381 627 502 654 carceris
526 627 620 662 hujus,
635 630 663 655 et
689 627 717 654 in
733 634 788 662 quo
814 627 876 655 loco
903 633 952 653 au-

162 671 265 700 dierint
281 673 389 707 signum
403 672 430 700 in
447 673 549 708 pariete
563 673 599 701 ab
615 673 690 700 intus
700 671 814 704 factum.
832 672 868 700 ibi
887 671 953 700 επο-

161 718 271 747 tlientes
284 719 423 755 excipiant
439 727 501 752 me,
523 720 720 756 perﬁciantque
743 719 817 755 quod
840 719 893 747 sibi
909 722 952 746 est
981 749 983 751 1

161 763 336 799 imperatum.
353 762 452 792 Senior
465 771 543 797 vero,
560 764 755 800 obtemperans
778 763 952 799 jussionibus

161 809 332 838 sanctissimi
348 810 401 837 viri
424 810 525 846 (neque
538 810 610 839 enim
628 814 704 838 tanto
723 810 797 838 Patri
814 809 952 838 contradi-

159 862 227 884 cere
241 855 370 892 poterat),
386 856 453 884 abiit
482 856 516 884 ad
541 856 668 885 tribunos
696 861 724 884 et
750 856 887 884 intimavit
911 856 952 884 eis

1006 261 1171 296 praeconium
1184 269 1233 297 per
1243 265 1326 290 totam
1342 261 1488 298 Egyptum
1501 266 1529 290 et
1542 262 1646 291 circum
1658 264 1792 294 terminos

1005 307 1066 343 ejus
1083 307 1213 336 insonare
1227 308 1375 336 commisit.
1393 308 1444 340 Tu.
1470 308 1591 344 inquam.
1607 310 1790 339 ministerium

1006 353 1132 382 humana
1150 354 1259 386 salutis,
1284 354 1358 390 quod
1382 355 1431 383 tibi
1449 355 1580 383 creditum
1604 355 1703 388 fuerat.
1722 357 1792 393 vigi-

1004 400 1094 427 lanter
1109 400 1240 435 explesti;
1269 400 1351 435 hujus
1376 400 1505 428 nimirum
1521 400 1622 429 laboris
1636 402 1790 430 mercedem

1005 446 1129 481 martyrii
1156 446 1275 481 palmam
1302 445 1441 480 percipere
1472 446 1603 473 meruisti.
1628 445 1706 474 Unde
1734 455 1790 475 non

1006 490 1143 518 immerito
1156 490 1256 526 dignus
1270 498 1300 518 es
1314 490 1479 526 evangelista
1495 490 1577 519 simul
1594 495 1621 518 et
1642 491 1790 527 episcopus

1005 537 1158 572 praedicari.
1173 537 1224 565 Tui
1246 544 1343 572 nempe
1370 545 1513 565 successor
1541 537 1593 564 fuit
1608 537 1747 570 Anianus,
1762 541 1790 566 et

1006 583 1104 617 reliqui
1121 582 1159 618 (a)
1177 590 1226 617 per
1243 582 1402 610 succiduam
1421 582 1518 610 seriem
1539 590 1625 617 usque
1639 582 1673 610 ad
1687 582 1791 610 beatis-

1006 629 1105 656 simum
1119 627 1258 655 Theonam
1276 628 1322 663 qui
1336 635 1402 656 mete
1423 627 1544 656 infantiae
1557 621 1686 664 colaphos
1712 628 1789 661 dare.

1005 680 1032 703 et
1048 683 1135 703 meam
1149 675 1386 703 indolem‘nutrire
1401 675 1528 710 dignatus
1557 679 1609 703 est.
1635 675 1685 703 Cui
1706 675 1789 702 etiam

1005 729 1056 757 ego
1071 726 1198 756 peccator
1213 725 1241 747 et
1254 721 1382 756 indignus
1399 720 1469 748 ultra
1484 721 1609 748 meritum
1619 720 1790 749 hereditario

1006 767 1091 803 gradu
1107 774 1253 795 successor
1265 759 1378 794 eﬁ‘ectus
1395 774 1466 794 sum.
1484 766 1516 794 Et
1532 767 1605 802 quod
1618 767 1789 802 potissimum

1005 817 1057 846 est,
1081 820 1146 840 ecce
1168 813 1314 841 Dominica:
1339 813 1447 848 pietatis
1468 812 1576 848 largitio
1599 821 1642 841 me
1664 812 1790 849 pretium
1835 813 1841 816 ’

1006 859 1097 887 crucis
1112 866 1144 887 ac
1159 859 1262 887 festivae
1276 859 1413 887 anastasis
1437 862 1584 895 martyrem
1601 859 1667 903 ﬁeri.
1687 859 1791 887 condo-

159 902 237 938 quod
258 902 310 930 sibi
334 902 422 930 fuerat
445 903 609 938 iniunctum.
636 903 716 936 Quod
747 903 786 930 illi
812 902 954 930 audientes
969 900 990 927 Β
1005 906 1090 938 navit,
1105 906 1230 933 tribuens
1245 913 1312 932 mea;
1328 905 1465 933 devotioni
1478 914 1533 934 sua:
1544 900 1790 941 passioriisjucun-

159 947 242 976 valde
267 949 353 984 gavisi
378 953 460 981 sunt,
490 954 516 977 et
544 955 716 978 assumentes
737 949 854 977 latomos
877 949 951 976 circa

160 994 253 1022 noctis
276 994 358 1029 hujus
370 995 534 1023 matutinum
550 1000 657 1031 tempus
674 998 809 1023 venerunt
822 995 882 1022 sine
898 995 951 1022 mi-

161 1041 257 1069 litibus
276 1040 310 1068 ad
329 1041 419 1068 locum
436 1042 483 1077 qui
499 1042 552 1069 sibi
567 1041 656 1069 fuerat
677 1045 815 1069 ostensus.
835 1039 884 1068 Vir
902 1037 952 1067 au'~

161 1092 217 1114 tem
247 1085 356 1114 Domini
384 1087 448 1122 vigil
476 1087 505 1114 in
539 1088 665 1115 oratione
684 1090 712 1114 et
737 1087 838 1122 vigiliis
864 1090 950 1114 totam

160 1137 271 1160 noctem
288 1132 440 1160 insomnem
456 1132 585 1161 duxerat.
600 1132 634 1159 At
649 1132 696 1160 ubi
710 1140 806 1160 eorum
824 1132 952 1168 cognovit

159 1179 319 1211 adventum,
336 1179 444 1206 cunctis
459 1178 505 1214 qui
521 1187 615 1207 secum
630 1179 743 1207 aderant
759 1187 858 1214 sopore
873 1179 952 1214 quie-

160 1225 313 1257 scentibus,
326 1225 399 1253 lento
414 1224 499 1261 gradu
524 1225 666 1260 ingreSsus
685 1228 728 1252 est
751 1226 777 1252 in
794 1225 950 1252 interiorem

159 1270 282 1298 carceris
306 1275 422 1305 partem,
447 1274 473 1298 et
488 1270 567 1305 juxta
593 1270 747 1298 condictam
774 1270 950 1306 sponsionem

111 1330 113 1332 -
158 1322 260 1344 sonum
290 1316 407 1344 faciebat
431 1318 458 1343 in
486 1316 606 1351 pariete;
630 1324 712 1352 quem
734 1317 774 1344 illi
797 1316 951 1344 forinsecus

159 1363 324 1396 audientes,
361 1363 433 1392 facto
465 1363 600 1391 foramine
633 1368 816 1398 susceperunt
847 1363 950 1391 Christi

159 1409 292 1436 athletam
320 1417 377 1438 non
391 1416 461 1437 aerea
477 1409 582 1441 lorica,
606 1409 653 1437 sed
679 1410 781 1437 virtute
803 1408 951 1437 Βοωὶηίοπ

159 1455 252 1484 crucis
266 1455 388 1491 undique
402 1458 555 1490 munitum,
574 1459 753 1491 paratumque
778 1455 890 1490 implere
907 1455 934 1481 di

160 1501 252 1528 vinum
268 1509 422 1530 sermonem
440 1503 486 1538 qui
508 1503 576 1530 dicit
592 1511 599 1530 :
618 1501 709 1529 Nolite
732 1502 823 1528 timere
847 1509 890 1528 eos
905 1501 951 1536 qui

159 1556 254 1583 corpus
274 1548 408 1580 orcidunt,
436 1550 554 1576 animum
578 1554 666 1576 autem
686 1557 737 1575 non
758 1552 867 1582 possunt
880 1548 949 1574 occi-

158 1596 240 1627 dere;
253 1595 299 1623 sed
311 1597 399 1630 potius
414 1604 473 1623 eum
494 1597 583 1623 timete
598 1596 643 1630 qui
656 1600 741 1629 potest
754 1599 779 1621 et
794 1594 911 1621 animum
924 1599 949 1621 et

162 1649 254 1676 :orpus
269 1642 378 1676 perdere
394 1642 420 1668 in
435 1642 590 1677 gehennam.
604 1641 671 1667 Mira
689 1641 749 1667 res!
763 1639 829 1667 Tam
843 1640 949 1668 validus

159 1687 288 1714 imbrium
304 1687 386 1716 turbo
398 1687 609 1721 collisionesque
624 1691 768 1714 ventorum
796 1687 823 1713 in
851 1686 947 1713 eadem

158 1738 301 1770 s‘trepuere
325 1737 417 1765 nocte,
433 1738 464 1760 ut
485 1740 565 1760 nemo
581 1740 675 1759 eorum
697 1732 744 1766 qui
766 1732 949 1759 observabant

157 1780 279 1808 carceris
304 1780 393 1812 fores,
420 1783 513 1814 posset
537 1778 631 1806 audire
660 1777 804 1806 eﬂodiendi
837 1786 946 1806 sonum.

158 1826 404 1855 Constantissimus
425 1830 515 1853 autem
540 1830 642 1860 martyr
657 1826 771 1861 urgebat
798 1825 948 1853 homicidas

158 1874 244 1901 illos:
266 1873 369 1905 Facite.
398 1873 534 1908 inquiens,
553 1871 626 1907 quod
651 1871 751 1898 facturi
776 1871 854 1902 estis.
871 1871 947 1906 prius

156 1928 240 1956 quam
254 1920 306 1949 hoc
321 1921 440 1949 sentiant
452 1920 498 1956 qui
511 1928 552 1947 me
565 1919 769 1947 custodiebant.

192 1967 229 1994 At
244 1967 283 1994 illi
295 1967 423 1995 tollentes
438 1975 500 1994 eum
519 1966 656 1994 duxerunt
674 1966 701 1992 in
723 1966 813 1993 locum
829 1967 875 2002 qui
903 1967 946 1994 di-

156 2012 230 2041 citur
245 2012 373 2045 Bucolia,
390 2013 436 2040 ubi
463 2017 491 2039 et
518 2015 631 2039 sanctus
658 2010 768 2038 Marcus
784 2013 946 2047 martyrium

155 2066 207 2095 pro
224 2057 333 2085 Christo
350 2059 480 2094 suscepit.
493 2058 633 2093 Stupenda
653 2062 812 2085 sanctorum
837 2058 943 2086 virtus!

154 2104 226 2132 Cum
249 2112 312 2131 eum
329 2104 470 2137 ducerent,
495 2109 523 2132 et
544 2108 647 2132 tantam
663 2103 737 2130 illius
763 2103 944 2130 constantiam

153 2151 229 2178 circa
251 2151 378 2179 funereos
391 2158 472 2178 casus
483 2155 644 2186 tantumque
661 2149 744 2176 animi
757 2149 841 2176 robur
856 2149 946 2184 inspi-

154 2201 251 2226 cerent
262 2218 269 2229 ,
294 2197 384 2225 subito
400 2197 530 2225 horridus
545 2205 629 2233 pavor
646 2196 814 2230 timidusque
842 2200 945 2223 tremor

962 1571 983 1599 C

1002 950 1066 977 dum
1078 949 1201 981 odorem,
1222 954 1251 976 ut
1265 954 1292 978 et
1310 958 1360 984 ego
1377 951 1493 978 hostiam
1511 951 1562 978 mei
1579 951 1685 979 cruoris
1705 951 1790 979 libare

1003 995 1042 1022 illi
1065 996 1163 1032 dignus
1186 995 1296 1023 eﬁiciar.
1322 995 1355 1022 Et
1381 995 1444 1031 quia
1468 996 1624 1024 istiusmodi
1650 998 1789 1025 libationis

1002 1045 1080 1077 urget
1095 1042 1238 1073 articulus,
1255 1048 1303 1068 ora
1331 1049 1380 1076 pro
1404 1049 1447 1069 me
1465 1045 1511 1074 ut,
1527 1042 1619 1069 divina
1639 1043 1789 1077 opitulante

1001 1087 1114 1119 virtute,
1124 1087 1242 1114 stadium
1260 1087 1340 1121 hujus
1354 1086 1450 1122 agonis
1465 1085 1547 1114 corde
1563 1086 1675 1114 robusto
1692 1094 1724 1114 ac
1737 1087 1789 1115 ﬁde

1002 1132 1208 1168 promptissima
1225 1131 1355 1168 perﬁcere
1378 1139 1492 1159 merear.
1520 1131 1690 1160 Commendo
1706 1133 1787 1160 etiam

1002 1183 1055 1206 tute
1068 1178 1195 1214 gloriosa:
1221 1178 1376 1213 paternitati
1389 1177 1583 1205 Christicolum
1600 1185 1724 1213 gregem.
1741 1168 1788 1213 qdi

1002 1226 1070 1253 mihi
1095 1224 1225 1260 pastorali
1247 1225 1380 1260 regimine
1397 1224 1560 1252 commissus
1579 1228 1640 1258 est;
1658 1225 1719 1256 tibi,
1747 1225 1789 1252 ἰη-

1002 1278 1096 1307 quam,
1116 1279 1178 1299 eum
1203 1271 1364 1306 suppliciter
1389 1271 1563 1304 commendo,
1590 1271 1638 1307 qui
1666 1271 1787 1298 omnium

1002 1317 1213 1354 praecedentium
1237 1326 1269 1346 ac
1288 1318 1513 1353 subsequentium
1529 1318 1556 1345 in
1572 1318 1624 1346 hoc
1640 1318 1787 1353 pontiﬁcali

1003 1365 1102 1392 throno
1118 1368 1216 1392 auctor
1234 1368 1317 1399 atque
1339 1368 1413 1391 tutor
1438 1371 1500 1391 esse
1526 1363 1666 1399 probaris.
1686 1367 1789 1399 quique

1002 1411 1084 1445 hujus
1106 1411 1252 1446 primatum
1268 1410 1383 1444 habens,
1410 1418 1464 1438 non
1490 1409 1619 1442 hominis,
1636 1409 1683 1437 sed
1699 1409 1745 1437 Dei
1761 1414 1790 1438 et

1002 1456 1122 1485 hominis
1132 1456 1197 1485 Jesu
1210 1456 1323 1488 Christi.
1333 1463 1479 1485 successor
1491 1456 1612 1484 exsistis.
1625 1455 1658 1482 Et
1672 1455 1728 1483 hac
1745 1455 1790 1482 dio

1001 1502 1171 1534 cens.‘haud
1186 1503 1265 1538 longe
1287 1511 1303 1530 a
1327 1510 1406 1530 sacro
1423 1502 1527 1529 tumulo
1542 1502 1653 1530 remotis
1667 1503 1788 1537 vestigiis

1001 1549 1183 1584 manibusque
1199 1549 1226 1575 in
1242 1549 1341 1576 coelum
1356 1548 1488 1579 extensis.
1501 1556 1567 1576 voce
1582 1555 1679 1584 magna
1696 1556 1789 1584 preca-

1000 1598 1045 1621 tus
1062 1604 1069 1622 :
1088 1594 1242 1630 Unigenite,
1256 1595 1355 1630 inquit,
1370 1593 1487 1622 Verbum
1503 1595 1596 1622 aeterni
1617 1594 1706 1622 Patris
1723 1594 1788 1623 Jesu

999 1639 1225 1672 Christe,exaudi
1236 1649 1278 1669 me
1286 1645 1360 1668 tuam
1371 1641 1588 1676 interpellantem
1598 1641 1786 1674 clementiam;

999 1687 1124 1722 paciﬁca,
1148 1693 1252 1722 quaeso,
1279 1689 1468 1721 tempestatem
1493 1685 1623 1714 Ecclesia:
1639 1692 1702 1719 tua,
1719 1686 1789 1714 ellu-

999 1733 1077 1760 sione
1092 1733 1233 1767 sanguinis
1247 1732 1301 1760 mei
1316 1733 1387 1760 servi
1407 1733 1447 1759 tui
1470 1732 1605 1760 conclude
1620 1733 1788 1768 persecutio-

998 1786 1060 1806 nem
1080 1778 1173 1814 populi
1198 1778 1250 1805 tui.
1267 1776 1345 1806 Tunc
1370 1779 1494 1814 quaedam
1515 1778 1591 1813 virgo
1613 1777 1669 1806 Deo
1683 1778 1785 1811 dicata,

997 1833 1059 1860 quae
1093 1824 1285 1853 asceteriolum
1312 1824 1395 1860 hujus
1428 1825 1602 1861 evangelista:
1629 1826 1787 1854 cmmeterio

997 1872 1198 1900 conterminum
1216 1871 1345 1903 habebat.
1367 1875 1532 1907 pernoctans
1547 1872 1575 1898 in
1598 1872 1722 1899 oratione
1733 1879 1785 1899 auc

997 1919 1065 1946 divit
1092 1926 1185 1947 vocem
1213 1919 1247 1947 de
1277 1919 1347 1947 ct‘elo
1372 1919 1507 1946 dicentem
1530 1917 1652 1946 :Petrus
1673 1911 1785 1946 initium

997 1965 1195 2001 apostolorum,
1213 1965 1312 1994 Petrus
1328 1966 1390 1993 ﬁnis
1416 1969 1567 2002 martyrum
1594 1965 1786 2000 episcoporum

996 2012 1178 2040 Alexandriae.

1032 2058 1171 2093 Completa
1201 2059 1327 2087 oratione
1357 2059 1520 2087 deosculans
1555 2059 1677 2086 tumbam
1710 2058 1782 2087 beati

996 2104 1168 2139 evangelista:
1181 2108 1207 2132 et
1224 2104 1391 2139 reliquorum
1411 2104 1569 2139 pontiﬁcum
1590 2105 1636 2139 qui
1656 2105 1723 2132 lnibi
1739 2108 1784 2132 tu-

995 2148 1089 2175 mulati
1103 2153 1192 2180 erant,
1206 2149 1289 2176 exivit
1308 2149 1341 2176 ad
1355 2149 1490 2177 tribunos.
1508 2150 1542 2176 At
1554 2150 1591 2176 illi
1607 2150 1729 2177 videntes
1742 2150 1783 2177 fa-

996 2194 1065 2221 ciem
1077 2194 1137 2229 ejus
1150 2198 1278 2230 tanquam
1295 2195 1391 2222 faciem
1413 2195 1512 2230 angeli,
1529 2199 1633 2223 terrore
1651 2196 1780 2231 perculsi,

153 2251 204 2272 eos
219 2244 319 2270 invasit
334 2244 361 2270 in
375 2247 482 2270 tantum
507 2249 537 2271 ut
558 2244 650 2270 nullus
676 2250 709 2269 ex
731 2242 772 2269 eis
799 2241 826 2268 in
845 2241 942 2269 faciem
959 2244 981 2271 ι)
996 2240 1161 2267 verebantur
1183 2240 1207 2268 ei
1223 2240 1325 2273 aliquid
1342 2241 1375 2268 de
1393 2241 1505 2269 instanti
1526 2249 1613 2276 agone
1629 2240 1713 2277 ιοηυί,
1733 2241 1782 2269 Ve-

153 2290 216 2324 ejus
239 2289 380 2317 intendere
400 2289 525 2316 auderet.
545 2289 669 2325 negabat
693 2292 823 2323 praterea
840 2292 942 2322 martyr

154 2334 330 2362 beatissimus
345 2339 375 2361 ut
393 2334 514 2362 sinerent
529 2342 591 2362 eum
605 2334 639 2361 atl
657 2333 744 2360 sancti
757 2332 839 2360 Marci
860 2341 942 2361 evan-

153 2381 258 2417 gelis'tte
273 2381 431 2408 memoriam
454 2380 508 2411 ire;
525 2380 652 2415 cupiebat
672 2379 744 2407 enirn
762 2379 822 2412 ejus
838 2386 868 2406 se
894 2388 943 2414 pa-

152 2427 278 2455 trociniis
299 2427 506 2454 commendare,
526 2426 561 2453 At
580 2426 618 2452 illi
634 2432 690 2462 pne
711 2423 826 2460 pudoris
845 2425 942 2452 confu-

152 2474 230 2502 sioue
243 2469 342 2499 terram
356 2473 559 2508 despectantes,
573 2470 678 2502 Facito,
702 2470 840 2505 inquiunt,
866 2471 939 2506 quod

151 2520 206 2551 vis,
221 2522 326 2546 tantum
341 2519 473 2546 velocius.
499 2518 642 2546 Accedens
667 2518 758 2551 itaque
780 2517 940 2552 complexus

150 2570 194 2593 est
207 2563 422 2592 sacratissimum
440 2564 614 2600 evangelista:
627 2563 827 2595 cmmeterium,
844 2566 871 2590 et
884 2563 942 2590 vel-

150 2614 189 2640 uti
215 2613 244 2639 in
264 2618 348 2638 carne
366 2611 466 2639 viventi
485 2615 567 2647 atque
593 2610 714 2639 audienti
738 2610 869 2644 loquens,
888 2609 940 2636 hoc

148 2657 232 2685 modo
249 2655 411 2691 precabatur
428 2666 434 2683 ε
454 2656 534 2683 Pater
550 2657 754 2686 honestissime,
780 2658 807 2681 tu
822 2662 940 2689 evange-

149 2704 213 2731 lista
224 2701 354 2737 unigeniti
366 2700 527 2735 Salvatoris,
543 2707 571 2730 tu
584 2703 663 2731 testis
680 2702 838 2738 passionum
854 2701 939 2733 illius.

150 2753 176 2776 Ie
199 2747 318 2784 primum
345 2747 501 2783 pontiﬁcem
525 2753 553 2776 et
582 2748 782 2776 ﬁrmamentum
803 2746 941 2774 cathedrae

995 2289 1148 2312 rumtamen
1160 2286 1224 2320 quia
1238 2284 1310 2315 Deus
1331 2295 1384 2314 non
1411 2287 1513 2316 deserit
1537 2292 1680 2322 sperantes
1697 2288 1724 2315 in
1741 2296 1780 2320 ευ,

995 2331 1082 2358 noluit
1102 2336 1248 2367 martyrem
1264 2341 1343 2360 suum
1359 2333 1386 2360 in
1402 2334 1518 2361 articulo
1533 2335 1601 2360 tanti
1613 2333 1781 2361 discriminis

994 2378 1097 2412 absque
1115 2378 1214 2405 solatio
1237 2379 1400 2415 relinquere.
1416 2378 1486 2407 Ecce
1512 2380 1623 2415 quidam
1651 2387 1733 2407 senex
1754 2383 1782 2407 et

994 2424 1118 2459 quaedam
1135 2424 1212 2460 virgo
1231 2426 1318 2453 vetula
1336 2426 1475 2454 venientes
1495 2434 1529 2454 ex
1554 2425 1662 2460 oppidis
1678 2433 1783 2460 prope-

995 2471 1091 2497 rabant
1104 2471 1131 2498 in
1148 2472 1297 2503 civitatem.
1315 2480 1431 2508 qttorum
1453 2480 1524 2500 unus
1538 2477 1656 2507 quatuor
1671 2473 1782 2500 venali-

994 2516 1052 2543 cias
1068 2516 1208 2545 deferebat
1225 2519 1320 2553 pelles,
1346 2519 1429 2546 altera
1455 2525 1563 2553 quoque
1578 2518 1700 2553 geminas
1717 2518 1783 2547 sln—

994 2563 1089 2591 dones.
1106 2564 1228 2592 Cernens
1243 2573 1291 2593 eos
1307 2565 1402 2593 beatus
1426 2565 1540 2592 antistes
1551 2586 1558 2597 ,
1575 2565 1702 2600 cognovit
1716 2573 1782 2601 erga

995 2617 1025 2636 se
1039 2610 1159 2638 divinam
1180 2611 1421 2646 dispensationem.
1444 2611 1520 2639 Illico
1541 2615 1716 2646 percontatus
1739 2620 1782 2640 est

995 2655 1090 2682 dicens
1106 2666 1112 2682 :
1127 2656 1277 2685 Christiani
1293 2659 1382 2686 estis?
1396 2658 1443 2693 qui
1463 2657 1591 2686 dixerunt
1609 2667 1616 2685 :
1632 2657 1730 2684 Etiam.
1749 2657 1781 2686 Et

995 2701 1043 2732 ait,
1057 2710 1111 2736 quo
1125 2704 1259 2739 pergitis?
1275 2704 1308 2731 Et
1324 2705 1361 2732 illi
1382 2713 1389 2732 ε
1411 2704 1452 2731 Ad
1470 2703 1617 2736 nundinas,
1642 2703 1780 2738 inquiunt,

995 2747 1072 2774 urbis
1086 2751 1116 2774 ut
1128 2749 1316 2777 venundemus
1333 2749 1391 2778 hac
1404 2757 1465 2780 qua
1475 2749 1634 2778 deferimus.
1648 2748 1783 2777 Clemen-

184 2840 224 2875 (α)
240 2839 312 2867 Bene
339 2842 445 2875 nostel'__
459 2838 595 2875 perinane
623 2837 793 2866 reticentiam
825 2837 890 2864 vitat
912 2837 1052 2865 nominum
1069 2835 1302 2872 perturbationem
1315 2843 1378 2871 qua
1386 2836 1508 2863 occurrit
1523 2836 1553 2862 in
1569 2833 1646 2862 Actis
1663 2832 1782 2861 Combe-

149 2872 254 2904 ﬁsianis
263 2875 329 2904 etin
344 2873 404 2902 cod.
425 2872 486 2901 Vat.
499 2873 560 2900 622.
