2145 3163
392 165 446 193 ιε’.

901 163 929 191 S.
949 162 1050 191 PETRI
1071 163 1303 191 ALEXANDRINI
1324 162 1477 191 EPISCOPI

1951 164 2007 194 ιω

393 233 518 261 tissimus
531 235 620 259 autem
633 230 714 258 Pater
731 230 873 265 subiunxit
891 240 897 258 :
916 230 1005 258 Filioli
1032 231 1083 258 mei
1103 231 1175 259 llde-
1189 235 1211 262 Α
1260 231 1416 259 Convolans
1431 231 1533 259 interea
1558 239 1591 259 ex
1610 232 1742 268 populosa
1756 231 1832 260 urbe
1857 232 2007 267 promiscui

394 279 444 310 les.
463 277 533 305 Deus
552 285 600 305 vos
616 276 779 309 destinavit,
794 280 964 312 perseverate
988 284 1104 303 mecum.
1122 276 1173 309 Qui

394 324 519 360 protinus
533 331 593 351 eum
609 328 800 358 agnoscentes,
816 322 945 349 dixerunt
970 331 976 348 :
999 321 1033 348 Ut
1053 322 1172 356 jussisti,

393 371 511 398 domine.
538 369 570 396 Et
585 376 734 397 conversus
751 368 784 395 ad
800 368 925 395 tribunos
940 377 945 395 :
963 367 1010 394 Eia
1028 369 1109 403 agite,
1125 369 1174 395 in-

392 417 461 452 quit,
477 415 547 452 quod
564 416 651 443 acturi
669 415 746 446 estis,
765 414 932 449 complentes
947 415 1048 449 regiam
1064 414 1174 448 jussio—

392 470 470 493 nem,
495 462 624 496 quoniam
644 461 703 488 dies
729 461 785 495 jam
815 460 974 488 illucescere
1001 461 1094 495 cmpit.
1120 460 1172 496 ipsi

391 512 479 535 autem
495 508 531 535 ob
543 507 650 544 nefaria~
663 506 793 541 principis
809 505 915 533 decreta
943 506 1022 541 quasi
1037 506 1091 533 vim
1116 513 1174 540 pa—

389 554 499 584 tientes,
513 553 635 580 tulerunt
650 560 711 580 eum
733 559 748 580 e
762 552 873 587 regione
889 551 1036 579 sanctuarii
1050 559 1174 587 evange—

390 599 457 627 lisue
473 599 501 626 in
514 599 611 625 vallem
623 598 701 632 juxta
717 598 852 632 sepulcra.
867 597 899 623 Et
917 601 1044 625 sanctus:
1057 597 1183 633 Expan-'

389 645 455 676 dite,
473 643 571 678 inquit,
582 651 599 670 ο
613 651 703 674 senes,
720 643 804 678 pelles
818 650 886 677 quas
902 642 1062 673 advectatis.
1078 643 1173 671 simul-

387 697 441 724 que
458 694 502 721 tu,
522 688 628 719 vetula,
659 688 797 716 sindones.
820 687 925 720 Quibus
944 688 1087 723 expansis,
1119 696 1172 715 ro-

388 735 565 763 bustissimus
593 739 697 769 martyr
729 734 847 768 desuper
873 733 1043 765 ascendens,
1067 734 1171 769 palmas

388 785 519 815 utrasque
544 787 654 807 sursum
683 779 824 810 extendit,
851 786 882 806 ac
915 779 1030 813 proinde
1055 779 1171 815 poplites

388 825 464 852 humi
486 824 566 856 ﬁxus,
582 824 702 851 animum
727 831 834 858 quoque
857 823 928 850 ccelo
949 824 1079 855 intentus,
1102 831 1171 858 gra—

387 871 487 898 tiarum
503 870 624 897 actiones
639 869 816 904 omnipotenti
841 869 1010 903 agonothetae
1027 869 1167 905 persolvit,

387 916 566 951 muniensque
583 923 613 943 se
633 915 723 942 crucis
739 915 879 950 signaculo
900 914 978 947 dixit,
991 914 1087 942 Amen.
1102 915 1167 942 Dein
1184 902 1205 933 Β

386 961 576 997 omophorium
592 960 717 988 relaxans
734 968 748 987 a
764 961 834 987 collo
845 980 852 992 ,
877 961 1010 988 cervicem
1030 961 1144 988 tetendit
1159 970 1166 989 :

385 1006 463 1040 Quod
479 1006 566 1038 vobis,
585 1006 720 1042 inquiens,
744 1006 852 1041 jussum
869 1009 920 1039 est,
943 1007 1077 1034 maturius
1093 1006 1168 1034 deli-

383 1051 485 1080 berate.

419 1097 603 1134 Obriguerunt
627 1097 730 1125 interea
754 1097 926 1125 tribunorum
952 1105 1066 1130 manus,
1086 1102 1167 1133 atque

383 1144 498 1172 invicem
526 1152 556 1172 se
578 1147 750 1179 aspectantes
771 1143 805 1170 ad
829 1143 881 1170 hoc
909 1142 1015 1171 facinus
1035 1150 1166 1178 provoca-

383 1189 463 1223 bant;
477 1189 523 1217 sed
547 1197 643 1217 omnes
666 1187 812 1215 formidine
827 1188 900 1223 capti
917 1187 1071 1222 stupebant.
1087 1187 1168 1215 Tan-

382 1235 442 1263 dem
458 1243 491 1262 ex
505 1243 639 1263 consensu
654 1234 756 1269 placuit
772 1236 801 1260 ut
812 1233 845 1260 de
860 1234 996 1260 communi
1013 1241 1066 1261 aere
1083 1233 1166 1261 inter-

383 1281 508 1308 fectionis
533 1280 674 1316 praamium
689 1282 880 1314 apponeretur,
899 1283 925 1306 et
941 1278 964 1305 si
981 1279 1043 1313 quis
1069 1279 1165 1306 istius-

382 1325 455 1354 modi
473 1326 564 1353 scelus
577 1328 731 1360 perpetrare
746 1332 830 1352 ausus
845 1328 927 1355 esset,
951 1324 1009 1358 ipse
1024 1323 1164 1351 homicidii

382 1371 537 1398 lucraretur
568 1374 712 1405 quaestum.
742 1368 819 1396 llaud
846 1376 944 1402 mora;
977 1369 1164 1403 unusquisque

381 1424 475 1444 eorum
489 1416 609 1452 quinque
624 1415 737 1451 protulit
753 1414 867 1442 solidos.
880 1413 992 1447 Verum,
1007 1418 1036 1441 ut
1055 1415 1164 1450 gentilis

381 1461 420 1488 ait
434 1465 513 1497 poeta
525 1470 533 1489 :

531 1513 601 1547 Quid
621 1521 671 1540 non
687 1512 811 1539 mortalia
824 1515 928 1547 pectora
941 1511 1024 1547 cogis,

469 1549 537 1576 Auri
552 1556 629 1576 sacra
642 1548 724 1583 [ames
737 1547 748 1574 !

381 1609 453 1629 unus
469 1609 502 1629 ex
518 1601 558 1629 eis
569 1602 624 1628 ritu
641 1599 789 1636 proditoris
811 1598 897 1631 Iudae,
913 1599 1034 1634 pecunia:
1049 1599 1162 1633 cupidi—

380 1653 435 1676 tate
443 1648 531 1676 audax
539 1648 662 1679 eiTectus,
674 1651 782 1674 exserto
793 1646 882 1682 gladio
892 1645 992 1673 Christi
1007 1646 1160 1680 pontiﬁcem

379 1694 467 1729 capite
484 1692 657 1722 obtruncavit
671 1692 723 1719 sub
742 1691 786 1719 die
804 1691 909 1719 scilicet
923 1698 960 1717 vii
979 1689 1160 1717 Kalendarum

380 1739 566 1767 Decembrium
580 1739 630 1775 (a),
646 1745 708 1765 cum
738 1737 848 1764 haberet
873 1737 900 1764 in
918 1735 1077 1771 pontificatu
1105 1742 1161 1761 an-

379 1792 429 1812 nos
445 1792 494 1816 xn,
511 1791 626 1819 quorum
642 1790 697 1810 tres
713 1787 775 1810 ante
790 1782 1018 1817 persecutionem,
1039 1781 1160 1816 reliquos

377 1838 442 1858 vero
459 1838 555 1858 novem
582 1830 610 1857 in
635 1829 752 1856 diversis
768 1828 987 1863 persecutionum
1012 1827 1160 1862 generibus

377 1874 478 1910 exegit.
499 1874 604 1902 Exinde
629 1875 738 1902 sublato
767 1874 801 1900 ab
827 1873 990 1907 spiculatorc
1018 1873 1159 1908 sanguinis

378 1919 475 1955 pretio,
490 1920 553 1945 mali
574 1923 713 1953 emptores
727 1919 768 1945 vcl
787 1919 875 1953 potius
892 1919 996 1945 cruenti
1017 1918 1159 1946 homicidae

377 1966 433 1992 cito
456 1964 536 1991 citius
565 1968 755 1995 recesserunt,
784 1963 940 1991 metuebant
964 1965 1036 1991 enim
1065 1965 1157 2000 populi

376 2009 589 2040 multitudinem,
606 2016 743 2043 quoniam,
760 2009 798 2035 uti
822 2009 960 2043 prmlatum
977 2014 1028 2042 est,
1054 2010 1157 2044 absque

376 2054 486 2082 militari
514 2054 641 2089 praesidio
660 2058 747 2081 erant.
764 2055 869 2089 Corpus
894 2059 983 2082 autem
1005 2056 1154 2084 beatissimi

375 2099 514 2135 martyris,
541 2098 769 2134 quemadmodum
801 2103 890 2134 patres
917 2099 1085 2127 allirmabant
1108 2101 1155 2136 qui

376 2145 439 2172 illuc
452 2144 532 2179 primi
548 2148 741 2176 convenerant,
752 2144 901 2178 permansit
917 2149 1011 2172 astans
1025 2149 1153 2181 tanquam

373 2190 490 2218 orationi
523 2190 693 2221 incumbens,
711 2189 797 2217 donec
826 2189 934 2224 plurimi
960 2197 1154 2219 concurrentes

374 2230 525 2264 invenirent
547 2235 613 2262 illud
633 2235 727 2262 eodem
741 2235 821 2262 modo
837 2236 1007 2269 consistens;
1026 2236 1152 2263 nimirum

373 2282 444 2316 quod
463 2282 559 2309 vivens
575 2282 674 2316 Saepius
701 2285 802 2315 egerat,
836 2289 901 2309 caro
917 2282 997 2309 etiam
1021 2282 1154 2310 exanimis

373 2328 534 2355 testabatur.
552 2327 649 2354 Senem
668 2334 774 2361 quoque
785 2331 865 2361 atque
881 2335 962 2354 auum
982 2328 1054 2354 illam
1072 2335 1156 2362 τρυε-ο

372 2377 468 2400 rerunt
483 2374 663 2401 observantes
679 2380 739 2399 cum
757 2373 830 2399 luctu
847 2377 873 2398 ct
891 2374 990 2408 gemitu
1007 2372 1154 2407 pretiosis—

372 2419 472 2446 simum
501 2419 630 2447 Ecclesia:
664 2418 773 2445 monile.
804 2417 970 2445 Rediuautcs
997 2418 1032 2452 (b)
1062 2419 1153 2452 itaque

371 2463 533 2498 triumphale
555 2463 636 2490 funus
648 2483 655 2494 ,
680 2469 843 2495 sacrumque
859 2468 939 2496 caput
955 2462 1053 2489 cervici
1070 2468 1154 2495 oppo-

372 2514 485 2540 nentes,
516 2512 715 2544 cooperueruut
744 2506 923 2540 sindonibus;
959 2515 1066 2534 sacrum
1088 2514 1152 2533 vero

371 2562 496 2581 cruorem
518 2555 564 2589 qui
580 2562 659 2581 secus
684 2553 835 2584 aflluxerat,
850 2553 973 2587 peniculo
998 2556 1152 2579 reverenter

371 2601 539 2635 collegerunt
553 2600 589 2635 (c)

404 2715 443 2748 (α)
461 2713 529 2741 Cod.
557 2716 618 2748 vat.
634 2711 792 2748 622,720“
812 2716 836 2738 et
862 2711 982 2738 vicesima
1006 2710 1150 2748 dieAt/tyr

369 2746 475 2776 mensis.
505 2749 572 2775 Acta
602 2746 740 2779 Combef.,
766 2748 894 2782 πέμπτην
917 2747 962 2773 ἐπὶ
984 2746 1078 2772 εἰκάδα
1102 2746 1147 2772 ταῦ

368 2783 518 2818 Νοεμξρίου
531 2782 623 2818 μηνός.

402 2817 438 2882 ἓό)
452 2817 581 2844 Notemus
593 2817 763 2845 vocabulum.

415 2852 439 2882 ι’)
456 2851 493 2878 En
506 2859 604 2878 novum
625 2853 760 2879 testimoni

415 2852 439 2885 ι’)
456 2851 493 2878 En
506 2859 604 2878 novum
625 2853 809 2880 testimonium
825 2852 858 2879 de
872 2855 991 2878 veterum
1015 2851 1147 2878 Christia-

369 2893 465 2913 norum
480 2892 545 2913 cura
569 2886 665 2912 devota
688 2889 844 2921 sanguinem
864 2891 1011 2920 martyrum
1036 2894 1146 2914 conser—

1225 284 1307 304 sexus
1323 276 1518 304 innumerabile
1533 277 1640 312 vulgus,
1656 277 1767 312 plorans
1777 281 1804 305 et
1817 277 1924 312 ejulans
1937 278 2008 305 invi-

1224 329 1282 349 cem
1298 330 1327 349 se
1339 322 1532 349 sciscitabatur
1546 322 1675 358 ignorans
1690 317 1807 358 qualiter
1830 323 1883 352 hoc
1901 325 2009 352 evenia-

1224 370 1274 394 set.
1292 365 1396 394 Revera
1423 366 1494 394 enim
1519 374 1534 394 a
1554 367 1667 395 minimo
1690 375 1776 403 usque
1801 368 1835 396 ad
1858 370 2006 397 maximum

1225 413 1376 441 acerrimus
1399 413 1477 441 ﬂetus
1492 421 1586 442 omnes
1609 414 1724 450 rigabat.
1739 414 1866 443 Primarii
1889 423 2008 452 namque

1224 458 1342 487 civitatis
1357 467 1418 487 cum
1430 463 1573 488 cernerent
1588 461 1769 489 multitudinis
1785 461 1946 490 laudabilem
1957 463 2008 490 im-

1224 505 1429 539 portunitatem,
1442 505 1489 540 qui
1507 513 1601 533 sacras
1627 506 1687 541 ejus
1703 506 1816 535 exuvias
1837 507 2006 542 lipsanoruin

1223 549 1309 584 gratia
1333 549 1458 578 scindere
1474 551 1643 586 satagebant,
1664 551 1832 580 involventes
1846 560 1910 580 eum
1929 553 2007 588 pelli-

1223 595 1275 623 bus
1302 600 1384 631 atque
1406 597 1567 625 sindonibus
1589 597 1642 626 illis
1661 598 1749 626 tutius
1774 599 2004 634 perstrinxerunt.

1223 641 1337 677 Semper
1353 642 1425 669 enim
1440 642 1632 670 sanctissimus
1646 643 1693 671 Dei
1714 644 1838 672 minister
1851 648 1942 673 vestes
1961 653 2007 674 u-

1222 687 1373 715 cerdotales
1389 687 1442 714 albi
1459 687 1560 715 coloris
1572 693 1630 716 erat
1655 689 1781 722 amictus,
1800 689 1853 718 hoc
1876 694 1918 718 est
1932 690 2008 719 tuni-

1221 740 1282 759 cam
1293 736 1320 759 et
1334 732 1470 760 eolobium
1484 740 1590 760 necnon
1609 737 1635 761 et
1651 735 1853 769 omophorium.
1867 735 1932 763 Post
1947 736 2005 764 hac

1222 779 1304 813 igitur
1321 782 1381 805 orta
1396 783 1437 806 est
1453 778 1525 806 inter
1535 786 1584 806 eos
1601 786 1655 806 non
1672 787 1755 815 parva
1772 782 1928 816 contentio;
1944 783 2005 817 qui-

1221 823 1283 850 dam
1299 823 1371 850 enim
1396 823 1598 852 sacratissimos
1617 828 1693 852 artus
1713 825 1742 852 in
1763 826 1907 854 ecclesiam
1921 834 2005 863 quam

1223 869 1280 904 ipse
1294 868 1484 900 mdilicaverat,
1495 868 1541 897 ubi
1555 874 1583 897 et
1599 877 1673 897 nunc
1686 870 1843 906 requiescit,
1859 871 2007 900 advectare

1219 915 1392 951 satagebant;
1408 915 1454 942 alii
1468 919 1558 943 autem
1571 915 1604 942 ad
1620 917 1805 945 sanctuarium
1816 919 2000 953 evangelista,

1219 960 1264 987 ubi
1281 963 1307 987 et
1322 960 1445 995 martyrii
1468 964 1567 988 metam
1581 961 1735 996 complevit,
1755 962 1861 991 deferre
1874 964 2002 991 niteban-

1218 1009 1263 1031 tur
1277 1014 1284 1032 :
1298 1008 1324 1033 et
1339 1005 1403 1032 dum
1420 1009 1517 1032 neutra
1532 1013 1597 1041 pars
1611 1006 1689 1034 alteri
1712 1007 1849 1040 cederent.
1862 1006 2004 1045 religionis

1217 1051 1378 1086 obsequium
1402 1055 1508 1079 vertere
1534 1057 1676 1088 cmperunt
1700 1053 1728 1081 in
1753 1061 1850 1089 pugnae
1874 1055 2000 1090 litigium.

1216 1097 1402 1130 Quorumdam
1426 1097 1530 1125 interea
1553 1103 1711 1126 senatorum
1728 1099 1851 1127 animosa
1871 1101 2000 1136 phalanx,

1215 1152 1249 1172 ex
1267 1144 1309 1172 his
1320 1145 1367 1179 qui
1386 1151 1486 1172 cursus
1501 1143 1541 1179 (ἀ)
1558 1150 1700 1177 vocantur,
1716 1146 1838 1173 videntes
1854 1154 1915 1182 quae
1929 1148 2004 1176 acci-

1215 1191 1321 1223 derant,
1347 1198 1410 1218 nam
1435 1198 1514 1218 secus
1540 1199 1614 1219 mare
1639 1195 1735 1224 erant,
1752 1196 1917 1227 paravenlnt
1938 1201 2001 1222 sca-

1215 1236 1308 1271 pham,
1325 1237 1471 1273 subitoque
1496 1237 1660 1272 arripientes
1675 1241 1786 1266 sanctas
1804 1238 1934 1273 reliquias
1948 1240 2002 1266 im-

1215 1287 1364 1316 posuerunt
1379 1283 1521 1316 navicula,
1541 1286 1568 1310 et
1581 1283 1761 1312 ascendentes
1775 1288 1849 1312 retro
1867 1283 1998 1316 Pharum,

1215 1335 1262 1362 per
1278 1328 1366 1354 locum
1391 1328 1435 1355 cui
1464 1328 1591 1356 Leucada
1606 1329 1767 1357 vocabulum
1791 1333 1850 1363 est,
1866 1335 2000 1358 venerunt

1214 1372 1242 1398 in
1262 1372 1405 1400 ecclesiam
1428 1373 1592 1401 beatissima
1612 1372 1658 1401 Dei
1673 1374 1819 1402 Genitricis
1838 1382 2000 1411 semperque

1214 1415 1327 1451 virginis
1348 1415 1448 1449 Mariae,
1463 1424 1555 1452 quam,
1574 1421 1605 1444 ut
1628 1417 1720 1444 dicere
1742 1425 1923 1453 cmperamus,
1940 1418 1999 1455 ipse

1213 1463 1249 1490 ob
1267 1466 1418 1498 martyrum
1444 1463 1600 1490 cmmeteria
1619 1463 1654 1489 ad
1678 1463 1876 1491 oceidentalem
1894 1469 1998 1500 partem

1213 1510 1241 1537 in
1256 1510 1373 1545 quodam
1390 1509 1511 1545 prosatio
1527 1508 1561 1544 (ε)
1572 1513 1773 1537 construxerat.
1789 1509 1867 1538 Tunc
1881 1513 1998 1547 populeo

1213 1563 1273 1583 rum
1289 1555 1396 1590 agmina
1411 1563 1461 1582 ceu
1485 1559 1564 1591 rapto
1581 1555 1633 1582 sibi
1655 1555 1760 1583 cwlesti
1787 1556 1932 1590 thesauro,
1950 1558 1997 1586 alii

1176 1579 1196 1606 (⁵
1214 1579 1396 1636 Qui};
1408 1579 1461 1627 alii
1480 1579 1998 1635 ﬁéi'éeQiQ'qéaEJJé'piSﬁéHs'Eu};

1212 1646 1263 1672 bus
1281 1645 1472 1680 insequuntur.
1500 1644 1551 1678 Qui
1572 1645 1681 1672 tandem
1699 1647 1841 1674 venientes
1859 1654 1914 1674 non
1938 1648 1996 1684 jam

1212 1692 1256 1719 ubi
1273 1696 1419 1726 poneretur
1441 1691 1655 1722 altercabantur,
1673 1692 1719 1719 sed
1742 1692 1881 1720 communi
1896 1697 1924 1721 et
1940 1701 1996 1722 non

1212 1737 1391 1772 improbando
1413 1737 1542 1769 consilio,
1580 1738 1657 1772 prius
1675 1745 1737 1764 eum
1759 1737 1941 1767 decreverunt
1967 1740 1996 1767 in

1211 1789 1260 1809 sua
1287 1783 1415 1810 cathedra
1440 1790 1556 1818 ponere,
1591 1786 1619 1810 et
1646 1783 1686 1810 sic
1713 1783 1823 1811 demum
1849 1785 1997 1820 sepultura

1210 1829 1325 1856 tradere.

1246 1875 1278 1902 Et
1289 1876 1350 1907 hoc,
1363 1875 1575 1911 prudentissime
1588 1876 1684 1909 lector,
1701 1877 1765 1904 nolo
1779 1881 1909 1913 tanquam
1923 1879 1995 1907 otio-

1209 1929 1269 1948 sum
1287 1921 1495 1949 deliramentum
1521 1922 1662 1955 attendas;
1684 1923 1813 1957 quoniam
1839 1923 1862 1950 si
1881 1932 1994 1953 causam

1210 1966 1323 2000 hujusce
1340 1966 1468 1993 navitatis
1479 1965 1618 1998 didiceris,
1635 1966 1739 1993 mirans
1750 1966 1912 1993 laudabilem
1936 1974 1995 2003 po—

1207 2013 1263 2048 puli
1280 2012 1366 2039 zelum
1383 2012 1539 2046 factumque
1560 2011 1701 2046 probabis.
1726 2010 1776 2038 Hic
1799 2011 1873 2038 enim
1896 2012 1994 2041 beatus

1208 2058 1322 2085 antistes
1346 2058 1454 2091 quando
1470 2057 1554 2084 divini
1575 2055 1696 2091 mysterii
1716 2060 1886 2083 sacramenta
1912 2057 1994 2085 cele-

1206 2103 1314 2135 brabat,
1345 2111 1410 2134 non,
1442 2103 1514 2130 sicut
1537 2101 1741 2130 ecclesiasticus
1767 2109 1826 2130 mos
1851 2102 1942 2136 habet,
1962 2104 1992 2131 in

1207 2148 1357 2184 pontiﬁcali
1371 2148 1479 2177 throno.
1497 2147 1545 2175 sed
1557 2147 1585 2173 in
1600 2146 1660 2182 ejus
1676 2146 1850 2181 subpedaneo
1870 2148 1993 2176 scabello

1205 2195 1356 2227 residebat;
1383 2194 1456 2229 quod
1482 2192 1574 2229 populi
1597 2192 1779 2227 aspicientes,
1809 2200 1881 2227 aegre
1911 2194 1993 2221 acci—

1172 2249 1193 2276 ι)
1207 2241 1326 2276 piehaut,
1343 2246 1369 2268 et
1385 2243 1585 2274 conquerentes
1598 2238 1783 2265 acclamabant
1800 2247 1807 2264 :
1827 2238 1950 2273 Oportet,
1972 2247 1992 2267 o

1206 2286 1295 2318 Pater,
1318 2286 1345 2312 in
1360 2289 1406 2312 tua
1419 2289 1446 2312 te
1458 2285 1553 2313 sedere
1571 2283 1716 2317 cathedra;
1730 2288 1758 2310 et
1774 2290 1836 2310 cum
1851 2284 1949 2312 crebro
1961 2285 1991 2313 id

1205 2333 1294 2367 ipsum
1310 2335 1480 2366 repeterent,
1501 2337 1616 2365 surgens
1641 2328 1747 2356 Domini
1767 2329 1892 2356 minister
1915 2330 1992 2366 ejus-

1205 2379 1277 2406 modi
1307 2377 1432 2412 querelas
1456 2375 1603 2411 tranquilla
1618 2381 1684 2403 voce
1699 2374 1825 2405 sedabat,
1840 2378 1868 2402 et
1890 2375 1990 2403 iterum

1204 2426 1232 2452 in
1254 2424 1348 2451 eodem
1364 2422 1483 2450 scabello
1495 2421 1642 2449 residebat.
1662 2419 1775 2447 Cunctis
1794 2424 1883 2448 autem
1902 2421 1991 2448 humi-

1205 2471 1288 2498 litatis
1311 2469 1398 2504 gratia
1427 2469 1478 2495 hoc
1503 2469 1545 2503 agi
1575 2466 1728 2494 videbatur.
1752 2465 1875 2498 Quodam
1896 2471 1988 2494 autem

1204 2523 1307 2549 magna:
1324 2514 1476 2542 festivitatis
1493 2514 1536 2541 die
1553 2520 1615 2540 cum
1636 2518 1714 2539 sacra
1727 2511 1872 2538 missarum
1889 2512 1990 2539 solem-

1202 2563 1246 2590 nia
1264 2565 1367 2598 ageret,
1389 2565 1416 2588 et
1431 2560 1485 2587 tale
1508 2559 1573 2594 quid
1604 2559 1692 2584 facere
1705 2556 1795 2588 vellet,
1826 2565 1882 2585 non
1897 2558 1987 2585 solum

1202 2609 1328 2644 populus,
1343 2607 1390 2635 sed
1403 2607 1485 2633 etiam
1500 2605 1590 2632 clerus
1606 2609 1727 2630 consona
1744 2611 1810 2630 voce
1828 2603 1989 2630 inclaman-

1199 2712 1291 2743 vandi,
1309 2710 1342 2738 de
1363 2715 1415 2744 qua
1431 2715 1459 2734 re
1471 2705 1517 2733 diu
1532 2704 1670 2732 Boldettus
1683 2703 1710 2730 in
1730 2703 1889 2731 Cameteriis
1913 2702 1984 2731 ΗΜ.

1199 2748 1245 2775 lib.
1264 2755 1283 2778 ι,
1300 2753 1350 2780 cap
1378 2744 1412 2770 9.7
1429 2750 1505 2777 seqq.
1726 2774 1750 2780 ι.

1234 2773 1405 2816 ((1)Ἰιιιὲὶιὶεε
1420 2773 1530 2805 cur'sum
1545 2774 1682 2810 publicum
1695 2774 1874 2802 vehicularem
1887 2773 1928 2801 vel
1937 2779 1988 2801 na-

1198 2818 1355 2844 vicularem.
1573 2845 1579 2850 _
1624 2845 1646 2850 Η

1232 2855 1266 2887 (ε)
1281 2851 1456 2880 Graecisuius,
1471 2855 1520 2882 pro
1537 2845 1672 2873 suburbio.
