2145 3163
825 193 918 222 ACTA
934 192 1092 221 SlNCERA.

1716 193 1767 221 ιϐ’

153 251 337 282 tesdixerunt
351 261 358 279 :
384 251 455 280 Sede
476 253 504 280 in
523 253 587 281 sede
612 256 678 284 tua.
695 259 713 280 o
734 253 871 288 episcope.
888 253 936 281 llle
950 258 972 284 Α
987 253 1102 280 virtutes
1118 252 1173 280 ﬁeri
1203 260 1258 281 non
1272 252 1410 281 deﬁciunt.
1422 253 1472 280 Pia
1497 253 1598 282 etenim
1621 258 1683 282 vota
1698 255 1768 282 retin

152 303 257 331 autem.
281 298 423 334 cujusdam
449 299 571 335 mysterii
598 299 742 332 conscius,
768 299 820 327 hoc
842 298 936 326 audire

153 345 359 379 dissimulavit;
391 345 510 381 datoque
538 345 669 374 reticendi
697 345 820 378 indicio.
849 353 937 380 neque

152 392 228 420 enim
248 392 274 420 ei
288 393 434 428 quisquam
461 392 594 420 obsistere
614 391 782 427 pertinacius
809 391 936 424 audebat,

153 438 236 466 silere
252 445 349 466 omnes
372 438 454 470 fecit.
479 441 507 466 et
522 431 700 466 nihilominus
719 437 842 473 ejusdem
864 437 937 465 sedis

152 483 273 512 scabello
283 482 422 516 subsedit;
432 483 630 518 celebratisque
648 490 682 511 ex
694 491 771 511 more
793 482 937 510 missarum

152 529 313 563 solemniis,
332 529 523 565 unusquisque
542 528 661 558 ﬁdelium
679 529 713 556 ad
731 529 840 565 propria
854 536 939 564 repe-

151 573 238 602 davit.

188 619 238 647 Vir
263 624 354 650 autem
379 619 499 652 Domini.
523 619 632 648 clericis
657 619 811 651 accersitis.
841 619 938 646 intima

152 666 300 693 serenitate
310 666 486 701 tranquillus.
498 673 616 702 arguens
625 673 673 693 eos
686 666 847 694 temeritatis
855 675 862 693 :
871 665 937 696 Cur.

150 710 254 746 inquit,
266 711 400 740 laicorum
413 711 527 739 vocibus
541 710 651 738 admisti
665 718 707 739 me
721 711 867 746 obiurgare
884 717 937 737 non

150 755 322 783 erubuistis?
332 755 459 782 Attamen
478 755 543 791 quia
565 755 626 784 talis
647 756 801 792 obiurgatio
826 763 880 783 non
905 756 939 784 de

149 801 292 837 iactantiae
306 810 420 831 cmnoso
433 807 565 835 torrente,
582 804 630 832 sed
647 804 681 832 de
695 804 843 840 purissimo
865 804 940 832 fonte

151 846 312 876 dilectionis
325 849 456 883 manavit,
472 849 593 884 aperiam
608 849 687 876 vobis
709 849 792 884 hujus
817 849 938 885 mysterii

152 896 302 921 secretum.
316 892 482 930 Plerumque
492 895 566 922 enim
580 902 643 923 cum
665 895 764 923 throno
777 896 815 923 illi
833 903 939 931 appro—

151 939 258 968 ximare
277 940 349 972 volo.
364 940 445 968 video
458 941 605 976 quamdam
628 941 656 969 in
680 949 714 970 eo
730 942 825 971 sedere
845 943 940 970 virtu-

151 988 207 1013 tem
221 985 272 1021 (ιι),
287 986 390 1021 fulgore
405 987 516 1015 luminis
531 987 676 1016 admodum
700 989 859 1016 radiantem.
877 989 938 1017 Mox

150 1037 219 1065 ergo
230 1030 302 1057 inter
315 1031 446 1066 gaudium
460 1035 488 1058 et
500 1040 626 1067 pavorem
642 1041 809 1068 suspensus.
820 1041 938 1069 agnosco

151 1082 198 1102 me
223 1079 307 1103 tame
334 1076 468 1105 sessionis
495 1085 609 1112 prorsus
642 1079 798 1114 indignum;
825 1084 853 1107 et
883 1080 937 1108 nisi

152 1118 277 1146 acandali
303 1120 481 1148 seminarium
513 1122 616 1157 populo
638 1122 739 1151 inferre
765 1124 936 1157 titubassem,

151 1162 225 1190 baud
235 1163 348 1191 dubium
373 1164 438 1199 quin
452 1173 504 1193 nec
520 1166 571 1201 ipsi
585 1167 705 1196 scabello
718 1169 839 1197 assidere
854 1177 938 1198 ausus

151 1208 276 1237 fuissem.
303 1209 368 1238 lude
382 1214 434 1243 est,
460 1205 689 1246 charissimi'ﬁlii.
717 1214 788 1249 quod
811 1215 888 1242 vobis
909 1215 937 1243 in

150 1253 204 1281 hoc
215 1254 396 1289 pontiﬁcalem
410 1256 532 1292 regulam
547 1257 679 1285 excedere
694 1259 797 1287 videor.
818 1260 939 1288 Verum-

152 1304 244 1328 tamen
267 1301 406 1330 multoties
429 1302 540 1337 quando
562 1311 624 1331 eam
649 1310 790 1333 vacantem
821 1307 937 1342 aspicio.

151 1347 225 1375 sicut
248 1347 300 1383 ipsi
315 1352 400 1377 testes
412 1349 532 1383 adestis.
548 1357 626 1380 more
640 1352 722 1380 solito
736 1353 830 1382 sedere
845 1355 872 1382 in
893 1355 938 1383 illa

151 1401 208 1422 non
221 1393 324 1423 abnuo.
340 1395 513 1432 Quapropter
539 1397 696 1433 huiusmodi
723 1400 841 1429 scientes
860 1408 940 1429 arca-

152 1449 232 1473 num.
248 1445 277 1469 et
289 1449 341 1477 pro
353 1447 428 1470 certo
441 1448 583 1478 expertum
600 1444 741 1478 habentes.
756 1446 821 1482 quia
835 1447 859 1475 si
873 1447 938 1476 mihi

153 1484 236 1513 fuerit
249 1485 395 1518 indultum.
414 1488 516 1521 sedebo
530 1497 613 1524 super
626 1497 686 1517 eam
696 1511 704 1522 .
727 1499 781 1519 non
797 1492 940 1528 parvipen-

151 1529 221 1558 dens
236 1531 341 1560 ordinis
356 1532 526 1567 dignitatem,
543 1534 662 1563 omittite
681 1535 738 1570 jam
764 1537 939 1572 popularibus

153 1576 268 1605 ulterius
282 1576 374 1606 favere
383 1579 631 1609 inclamationibus.
646 1580 709 1609 llaec
719 1582 940 1612 nimirumPater

986 299 1159 326 exauditione
1170 298 1305 331 laetantur.
1319 298 1513 327 inﬁrmantium
1527 299 1659 328 sanitates
1669 305 1770 328 restau-

987 347 1092 374 rantur.
1104 344 1278 379 expulsiones
1300 343 1500 372 immundorum
1524 346 1680 380 spirituum,
1696 354 1770 374 mar-

987 389 1054 424 tyris
1079 390 1206 417 meritum
1234 390 1423 418 testiﬁcantur.
1441 389 1502 417 "ac
1517 397 1640 423 munera.
1657 391 1769 419 Domine

986 433 1068 467 Jesu,
1093 439 1138 462 tua
1158 440 1239 468 sunt,
1271 437 1315 463 cui
1344 437 1546 465 consuetudinis
1568 441 1610 464 est
1636 441 1769 473 martyres

986 485 1049 508 tuos
1073 485 1136 517 post
1161 481 1256 509 mortis
1270 482 1382 509 exitium
1399 483 1438 510 sic
1454 482 1624 519 magniﬁcare
1644 483 1766 517 felicius;

987 526 1033 562 qui
1059 533 1121 554 cum
1142 525 1222 554 Patre
1243 530 1271 554 et
1295 528 1519 559 consubstantiali
1543 531 1637 557 sancto
1666 527 1768 564 Spiritu

987 572 1058 600 vivis
1080 576 1108 600 et
1138 578 1236 608 regnas
1260 579 1307 607 per
1337 573 1442 601 inﬁnita
1469 574 1567 603 saecula
1596 574 1767 604 seculorum.

987 618 1071 645 Amen
1084 617 1131 653 (ι).

1025 664 1090 692 Post
1117 664 1173 692 haec
1189 663 1306 699 qualiter
1326 663 1381 692 doli
1407 665 1504 694 artifex
1534 667 1630 702 lupus.
1654 667 1705 695 hoc
1727 670 1771 694 est

988 710 1088 744 Arius,
1120 710 1200 738 ovina
1231 710 1300 745 pelle
1321 714 1474 743 contectus.
1505 712 1675 740 Dominicum
1700 713 1771 741 ovile

989 755 1121 784 dilaniare
1139 756 1290 788 intraverit.
1308 756 1349 783 vel
1363 765 1416 792 quo
1434 761 1513 793 pacto
1524 759 1668 787 sacerdotii
1682 758 1771 795 digni-

989 806 1071 830 tatem
1082 809 1215 838 usurpare
1228 803 1351 836 valuerit.
1364 803 1437 831 brevi
1456 804 1542 831 relatu
1559 804 1700 833 insinuare
1715 809 1772 832 sat-

989 856 1110 884 agemus.
1127 848 1161 875 Et
1183 849 1234 877 hoc
1248 857 1303 878 non
1318 850 1350 877 ad
1367 857 1460 877 eorum
1485 850 1701 885 suggillationem
1723 851 1770 885 qui
1827 858 1832 863 ·

989 895 1082 922 lolium
1097 895 1254 929 apostatice
1265 896 1434 933 contagionis
1453 896 1556 924 caelesti
1571 896 1720 924 ventilabro
1736 897 1771 924 ab

954 941 975 968 Β
990 939 1110 968 Ecclesia
1123 940 1272 975 projectum
1287 941 1321 968 ad
1338 949 1430 970 aream
1444 942 1590 970 Dominicze
1608 942 1706 971 messis
1729 950 1771 970 re-

989 992 1087 1012 vocare
1108 990 1171 1013 sunt
1185 986 1266 1019 ausi;
1289 986 1316 1013 hi
1332 988 1403 1014 enim
1418 989 1562 1017 sanctitate
1581 988 1676 1024 procul
1689 988 1772 1017 dubio

988 1031 1110 1066 insignes
1136 1031 1278 1063 habentur,
1298 1031 1346 1059 sed
1373 1036 1462 1061 tamen
1485 1037 1562 1062 tanto
1581 1035 1639 1063 viro
1661 1035 1773 1063 credere

989 1076 1233 1112 parvipendentes.
1250 1075 1349 1104 divina:
1369 1077 1502 1112 jussionis
1526 1079 1669 1107 interdicta
1682 1084 1770 1109 trans-

987 1124 1074 1159 gressi
1091 1128 1166 1152 sunt.
1183 1124 1252 1158 Quid
1262 1125 1346 1161 ergo?
1372 1125 1595 1161 reprehendimus
1623 1128 1692 1155 eos?
1720 1129 1769 1156 mi-

988 1170 1070 1198 nime.
1083 1169 1209 1203 Quandiu
1219 1171 1292 1199 enim
1307 1179 1357 1212 nos
1378 1172 1430 1199 hoc
1441 1173 1619 1208 corruptibile
1642 1180 1771 1209 aggravat

988 1223 1088 1251 corpus
1115 1220 1143 1245 et
1172 1216 1300 1253 deprimit
1330 1223 1436 1246 terrena
1469 1219 1628 1247 inhabitatio
1660 1228 1771 1248 sensum

988 1263 1287 1296 nostminﬁrmitatis.
1314 1264 1393 1292 multi
1416 1265 1566 1300 cogitantes
1594 1265 1704 1294 facilius
1721 1265 1772 1294 fal-

988 1309 1092 1342 luntur.
1112 1313 1240 1344 putantes
1267 1309 1370 1345 iustum
1398 1318 1459 1338 esse
1474 1311 1547 1346 quod
1573 1315 1615 1340 est
1637 1312 1770 1347 iniquum.

988 1357 1093 1383 castum
1107 1355 1181 1391 quod
1197 1359 1240 1383 est
1254 1356 1398 1384 incestum.
1413 1355 1569 1385 Gabaonitze
1585 1358 1688 1386 cmlesti
1699 1365 1774 1386 win-

989 1400 1137 1429 minatione
1151 1400 1259 1437 penitus
1282 1401 1400 1435 delendi.
1425 1409 1488 1430 cum
1513 1402 1586 1430 aliud
1602 1403 1731 1432 haberent
1745 1404 1774 1432 in

989 1451 1071 1479 voto.
1101 1451 1129 1474 et
1154 1445 1229 1474 aliud
1255 1447 1283 1474 in
1306 1454 1373 1475 voce
1399 1446 1546 1482 habituque
1564 1448 1772 1482 praetenderent.

988 1491 1080 1520 Iesum
1097 1492 1317 1528 repromissionis
1334 1497 1413 1520 terra.
1426 1491 1608 1528 iustissimum
1627 1492 1773 1521 divisorem

989 1539 1105 1567 celerius
1121 1538 1213 1567 fallere
1223 1542 1380 1575 potuerunt.
1398 1538 1482 1567 David
1499 1547 1606 1575 quoque
1622 1540 1772 1576 prophetali

990 1583 1099 1613 ﬁamine
1117 1585 1213 1620 plenus
1233 1592 1294 1613 cum
1311 1585 1392 1613 verba
1409 1585 1564 1614 mentientis
1578 1587 1655 1621 pueri
1671 1586 1706 1623 (ε)
1722 1595 1773 1614 au-

152 1623 345 1651 sanctissimus
360 1624 425 1652 dum
440 1625 530 1653 adhuc
540 1626 642 1655 viveret
659 1628 693 1655 ad
712 1636 821 1657 sacrum
839 1631 941 1658 clerum
955 1620 978 1651 ο
992 1629 1095 1663 disset;
1109 1630 1173 1659 licet
1188 1630 1368 1666 investigabili
1389 1631 1517 1666 justoque
1537 1620 1585 1659 Dei
1593 1620 1707 1667 judicio.
1732 1637 1773 1659 ta-

151 1672 265 1696 coactus
277 1668 413 1703 exposuit.

188 1710 293 1739 ﬂorum
308 1720 372 1748 ergo
388 1713 490 1741 Christi
507 1713 600 1743 ﬁdeles
622 1716 666 1751 pia
689 1715 833 1747 devotione
860 1719 942 1747 remi-

152 1756 303 1790 niscentes,
317 1758 439 1785 tulerunt
452 1759 512 1793 ejus
538 1760 755 1789 sacratissimum
773 1770 888 1798 corpus.
914 1769 942 1792 et

152 1802 299 1838 episcopali
319 1803 388 1831 solio
406 1803 585 1839 supersedere
601 1805 733 1834 fecerunt.
754 1807 840 1835 Tanta
864 1809 942 1837 deni-

153 1855 209 1882 que
223 1848 315 1876 laetitia
333 1852 463 1885 tantaque
479 1850 626 1878 exsultatio
642 1852 751 1880 caelitus
767 1854 867 1888 populo
885 1856 941 1883 col-

154 1892 210 1919 lata
225 1898 277 1926 est.
292 1901 325 1921 ac
340 1894 364 1921 si
377 1902 438 1921 eum
458 1895 606 1922 animatum
622 1903 654 1924 ac
673 1897 807 1925 viventem
821 1900 943 1927 attende—

155 1943 227 1967 rent.
245 1939 346 1967 Deinde
366 1940 511 1969 odoriferis
533 1941 692 1971 condientes
707 1945 875 1973 aromatibus
898 1946 942 1973 in-

155 1983 274 2011 duerunt
303 1984 380 2011 illum
408 1985 505 2014 sericis
534 1985 723 2022 indumentis;
757 1991 944 2025 unusquisque

154 2028 229 2056 enim
255 2028 330 2064 quod
359 2030 510 2066 anticipare
536 2029 647 2059 ferendo
664 2037 785 2067 poterat,
813 2034 865 2062 hoc
891 2035 943 2063 sibi

155 2073 304 2102 maximum
329 2075 433 2104 lucrum
453 2077 608 2113 deputabat.
623 2077 692 2106 Tum
718 2081 840 2108 victricia
867 2082 944 2118 signa

155 2121 260 2156 palmas
275 2125 411 2156 gerentes.
436 2123 639 2153 ﬂammantibus
655 2127 759 2159 cereis.
777 2135 943 2163 concrepan-

157 2166 232 2194 tibus
247 2167 366 2203 hymnis.
382 2169 612 2207 ﬂagrantibusque
637 2172 868 2207 thymiamatibus.
888 2182 948 2216 cm-_

157 2213 234 2240 lestis
251 2214 371 2241 victoria;
383 2214 549 2251 triumphum
565 2218 744 2251 celebrantes.
759 2213 944 2255 deposuerunt

992 1683 1054 1704 men
1076 1676 1155 1712 longe
1180 1676 1253 1704 aliud
1268 1678 1323 1712 egit
1339 1684 1419 1712 quam
1432 1685 1492 1705 esse
1508 1684 1552 1705 res
1573 1678 1676 1706 habuit.
1705 1678 1774 1712 Quid

991 1721 1074 1748 etiam
1090 1722 1221 1757 apostolis
1245 1722 1399 1753 sublimius.
1420 1722 1466 1757 qui
1484 1730 1514 1750 se
1539 1731 1554 1750 a
1578 1729 1671 1751 nostra
1688 1724 1774 1752 imbe-

991 1764 1103 1792 cillitate
1116 1769 1290 1800 sequestrare
1313 1766 1496 1793 nutaverunt'!
1512 1765 1579 1793 Nam
1594 1774 1665 1794 unus
1679 1775 1775 1796 eorum

991 1809 1121 1837 describit
1148 1819 1155 1838 :
1180 1809 1214 1838 In
1234 1810 1325 1838 multis
1350 1811 1505 1845 o/Tendimua
1534 1819 1621 1839 omnes
1651 1812 1671 1838 ‘.
1700 1812 1775 1841 Alter

992 1862 1117 1890 quoque:
1133 1855 1164 1884 Si
1183 1856 1341 1889 dixerimus,
1363 1857 1460 1892 inquit,
1483 1857 1546 1893 quia
1565 1862 1697 1892 peccatum
1723 1867 1774 1887 non

992 1901 1127 1935 habemus,
1144 1903 1194 1937 ipsi
1207 1911 1255 1930 nos
1270 1903 1418 1931 seducimus
1443 1908 1467 1931 et
1483 1904 1577 1931 veritas
1591 1904 1617 1931 in
1631 1904 1705 1932 nobis
1723 1914 1775 1932 non

992 1953 1030 1974 est
1045 1949 1066 1974 ‘.
1086 1946 1138 1975 Sed
1159 1955 1221 1975 cum
1237 1948 1332 1975 horum
1349 1956 1400 1976 nos
1418 1948 1540 1983 paenitet,
1566 1953 1642 1977 tanto
1668 1949 1775 1977 facilius

993 1994 1099 2021 veniam
1126 2002 1322 2029 promeremur,
1348 1994 1458 2030 quando
1482 2003 1536 2023 non
1560 1995 1699 2024 voluntate
1728 1996 1775 2024 sed

993 2040 1146 2075 ignorantia
1160 2041 1202 2068 vel
1221 2040 1367 2076 fragilitate
1386 2042 1568 2076 peccavimus.
1584 2041 1617 2069 Et
1631 2047 1705 2071 certe
1725 2043 1775 2070 hu-

991 2086 1111 2121 iusmodi
1125 2086 1226 2114 oﬁ'ensa
1241 2095 1293 2115 non
1305 2088 1337 2115 de
1350 2087 1580 2122 praevaricationis
1595 2088 1691 2116 aﬂectu
1701 2109 1708 2121 .
1728 2089 1775 2117 sed

993 2133 1026 2160 de
1041 2133 1237 2166 compassionis
1249 2133 1413 2168 indulgentia
1425 2135 1566 2168 processit.
1582 2133 1714 2162 Caeterum
1728 2143 1776 2162 su-

993 2186 1041 2213 per
1069 2178 1112 2205 his
1140 2179 1334 2214 apologeticum
1367 2179 1521 2207 describere
1551 2179 1612 2208 aliis
1647 2180 1777 2215 relinqui-

994 2232 1055 2252 mus
1067 2223 1120 2259 (d);
1142 2232 1191 2252 nos
1202 2229 1291 2252 autem
1305 2225 1376 2260 quod
1394 2225 1476 2253 instat
1490 2233 1610 2261 agamus.
1628 2225 1775 2262 Postquam

156 2263 269 2316 sanctas
288 2260 427 2296 reliquias,
442 2266 469 2289 et
482 2264 646 2302 sepelierunt
668 2273 715 2293 eas
729 2266 757 2293 in
774 2269 940 2301 cmmeterio.
958 2288 980 2316 υ
994 2270 1078 2305 igitur
1094 2270 1254 2305 magniﬁcus
1280 2276 1463 2307 propugnator
1476 2260 1583 2303 Petrus.
1601 2260 1711 2300 namine
1726 2279 1776 2299 suo

155 2304 231 2339 quod
251 2305 354 2334 dudum
379 2307 414 2334 ab
435 2315 467 2335 eo
490 2307 578 2336 fuerat
601 2315 803 2344 constructum,
833 2313 879 2340 ubi
907 2321 940 2342 ex
958 2304 979 2316 υ
993 2315 1102 2350 dignus,
1116 2304 1162 2351 per
1172 2304 1293 2351 martyrii
1304 2304 1515 2352 triumphum...

157 2354 224 2378 tunc
247 2356 274 2380 et
291 2360 378 2388 usque
405 2353 432 2380 in
459 2353 620 2384 hodiernum
651 2357 722 2385 diem
748 2357 941 2387 miraculorum

193 2430 235 2470 ζει)
250 2429 370 2470 l_ptellige
382 2432 424 2460 vel
440 2433 531 2470 ipsum
543 2433 627 2462 Deum
643 2436 684 2462 vel
701 2435 835 2470 angelum.

193 2464 232 2506 (lt)
249 2465 315 2498 Quae
339 2464 492 2503 sequuntur
516 2468 549 2496 de
568 2469 634 2498 Ario
656 2464 800 2498 infeliciter
824 2470 859 2498 ad
883 2479 944 2506 pre-

152 2499 327 2540 sbyteratum
344 2499 487 2540 assumpto
509 2510 524 2540 a
545 2511 705 2540 successore
731 2506 802 2533 Petri
827 2499 942 2540 Achilla.

155 2535 389 2597 :lzurz‘tzgmnino
413 2535 450 2565 ab'
467 2538 542 2565 Actis
560 2539 765 2568 Combeﬁsianis
792 2545 820 2568 et
845 2547 860 2568 a
881 2535 941 2569 cod:

181 2574 221 2597 Il.
236 2574 297 2597 6‘22.

195 2605 237 2640 (ε)
248 2603 318 2633 Puto
333 2607 374 2635 vel
388 2607 564 2636 Absalomum
577 2609 619 2636 vel
635 2608 738 2643 Sibam,
755 2608 778 2636 ll
798 2609 864 2645 Reg.
887 2620 944 2644 xiv,

193 2683 203 2699 '
222 2681 283 2711 lac.
295 2683 374 2717 ubi.
412 2686 422 2702 '
441 2685 455 2713 1
470 2684 550 2714 lacn.
568 2695 587 2720 ι,
599 2687 626 2715 8.

1221 2360 1332 2397 Reliqua
1356 2362 1548 2390 desiderantur.

993 2438 1042 2470 35;
1056 2445 1110 2468 xvr.
1124 2438 1150 2466 3.

1012 2473 1069 2514 .(d)
1082 2472 1197 2500 Pulchra
1226 2481 1292 2516 sane
1316 2474 1456 2516 defensio;
1469 2482 1500 2502 ex
1517 2481 1569 2510 qua
1590 2475 1671 2515 etiam
1690 2475 1776 2510 conji-

995 2515 1048 2549 cio.
1061 2506 1184 2550 Graecum
1203 2509 1275 2550 Petri
1299 2509 1585 2550 biographumnprope
1599 2509 1719 2550 abfuisse
1741 2511 1776 2538 ab

995 2543 1310 2586 ejusdemrtemporibus.
1325 2543 1544 2586 quandoquidem
1553 2543 1652 2586 ’ipsius
1666 2552 1776 2586 succes-

996 2579 1064 2610 sori.
1079 2579 1158 2619 quasi
1170 2578 1259 2607 adhuc
1279 2578 1396 2608 recentis
1414 2578 1559 2612 memoriae,
1577 2578 1638 2607 tam
1655 2580 1778 2608 studiose

996 2617 1192 2648 patrocinatur.
