2145 3163
293 126 350 157 685

382 213 386 218 .
596 186 712 216 CANON
732 187 776 215 IX.

331 242 342 260 1
362 231 399 261 lia
410 241 520 270 quoque
530 234 579 270 qui
596 239 728 270 tanquam
744 242 777 262 ea
791 242 888 262 somno
903 234 954 269 ipsi
970 234 1004 262 ad
1019 241 1078 262 cer-

294 289 306 307 1
328 283 419 308 tamen
433 280 601 316 parturiens,
611 284 639 308 et
649 280 757 308 trahere
771 280 912 311 diﬂ‘erens.
925 280 1080 315 prosiliunt,

295 335 306 353 1
328 326 381 355 sibi
393 330 483 355 autem
499 334 597 362 pugnae
618 327 781 357 maritimae.
801 330 830 353 et
844 326 937 354 multa
955 326 1079 354 tiuxuum

294 382 304 399 1
327 373 513 401 lnundationis
539 373 721 400 tentationem
746 373 905 405 attrahunt,
925 373 967 401 vel
988 372 1080 409 potius

295 428 304 444 1
328 417 459 446 fratribus
474 422 648 454 peccatorum
662 419 810 446 carbonem
832 419 996 451 accendunt,
1012 419 1080 454 ipsis

293 473 303 490 1
328 471 438 500 quoque
461 464 719 492 communicandum
735 468 788 497 est,
811 468 841 492 ut
856 465 902 500 qui
918 465 945 493 in
969 465 1079 492 nomine

295 519 304 535 1
327 510 432 538 Christi
451 510 486 537 ad
505 509 531 537 id
549 509 659 538 veniam
674 519 681 537 :
698 510 750 538 etsi
764 511 847 538 verba
863 511 924 546 ejus
938 518 992 538 non
1018 511 1079 539 ani-

292 564 302 581 1
325 555 501 583 madvertant
518 574 526 584 .
541 555 589 590 qui
603 554 685 582 docet
712 563 789 582 orare
802 563 833 582 ne
856 554 1037 590 ingrediamur
1051 556 1079 582 in

290 611 300 628 1
324 602 494 629 mutationem
509 608 522 622 ι
541 621 548 633 .
574 605 601 629 et
619 609 682 629 eum
696 608 795 629 rursus
811 602 839 628 in
852 601 976 629 oratione
1004 601 1078 629 Patri

290 656 300 673 1
322 647 425 680 dicere.
436 647 510 675 Etue
523 656 570 675 nos
585 647 697 675 inducas
710 648 738 674 in
753 647 983 679 tentationent,sed
997 647 1079 675 libera

290 703 301 720 1
323 702 371 721 ιιοι
382 702 399 721 a
412 694 485 721 mata
498 694 523 721 ι’.
537 692 618 721 Forte
626 699 718 721 autem
727 693 810 721 etiam
822 694 948 729 ignorant
960 697 1079 729 patrem-

289 749 301 767 1
323 739 442 768 familias
454 744 482 767 et
496 739 641 767 Dominum
659 743 795 771 nostrum,
824 747 895 774 saepe
918 740 954 767 ab
976 739 1011 767 iis
1031 740 1079 775 qui

290 794 300 812 1
322 785 361 814 illi
374 785 497 813 insidiari
513 784 651 816 volebant,
666 785 860 815 secessisse.et
870 785 944 820 quod
953 785 1077 820 quando-

288 841 298 857 1
321 838 374 866 que
392 831 474 859 etiam
489 831 574 858 libere
583 829 655 866 apud
664 837 713 858 eos
731 837 785 857 non
798 829 952 862 incedebat,
965 833 992 857 et
1003 830 1078 865 quod

807 129 836 158 S.
857 129 961 158 PETRI
979 129 1215 158 ALEXANDBINI
1230 129 1384 164 EPISCOPI

1442 188 1561 215 ΚΔΝΩΝ
1580 189 1620 218 0'.

1170 242 1180 258 1
1200 233 1255 260 Kal
1266 234 1322 265 τοῖς
1338 233 1366 260 δὲ
1381 233 1456 261 ὼσὰν
1473 234 1504 267 ἐξ
1522 234 1606 262 ὕπνου
1626 236 1738 268 ἑαυτοὺς
1749 235 1773 252 ⁸³
1791 245 1922 273 παραπη·

1133 287 1144 303 1
1161 278 1245 306 δῶσιν
1257 279 1296 310 εις
1310 279 1355 305 τὸν
1368 279 1463 314 ἀγῶνα
1483 279 1610 308 ὠδίνοντα
1628 282 1675 308 καὶ
1689 282 1820 318 μέλλοντα
1840 283 1920 311 tua-

1134 334 1143 349 1
1163 333 1218 356 σαι,
1237 325 1344 363 ἑαυτοζς
1355 325 1384 351 δὲ
1400 326 1553 361 πειρασμὸν
1573 327 1806 364 ὲπισπασαμένοις
1821 328 1921 357 θαλατ-

1134 379 1143 397 ι
1162 371 1297 406 τομαχιας
1311 371 1359 398 καὶ
1373 371 1474 406 πολλῆς
1493 371 1688 408 κυματώσεως,
1703 373 1801 408 μᾶλλον
1819 374 1848 401 δὲ
1872 373 1922 402 καὶ

1134 424 1143 440 ι
1161 417 1218 447 τοῖς
1233 416 1358 451 ἀδελφοῖς
1381 417 1609 452 προσεκκαιουσιν
1619 417 1741 453 ἄνθρακα
1752 419 1775 434 ’⁸
1791 419 1920 455 ἀμαρτω-

1133 467 1143 484 ι
1163 459 1217 486 λῶν
1227 468 1234 475 ³
1249 460 1296 486 καὶ
1308 461 1399 492 αὐτοῖς
1414 462 1601 497 κοινωνητέον,
1616 462 1665 489 ἅτε
1677 462 1710 498 δὴ
1720 462 1755 478 ¹⁶⁶
1768 464 1796 490 έν
1808 464 1920 500 ὀνόματι

1132 512 1142 528 1
1161 504 1279 539 Χριστοῦ
1290 505 1505 541 παρερχομένοις
1514 507 1554 538 εἰς
1560 506 1681 539 τοῦτο,εῑ
1696 508 1743 534 καὶ
1756 508 1793 544 μὴ
1801 508 1845 525 ’δ”
1857 518 1922 545 προ-

1134 558 1143 574 1
1163 550 1287 585 σέχουσιν
1298 550 1379 576 αὑτοῦ
1391 552 1447 582 τοῖς
1463 550 1560 586 λύγοις,
1571 552 1742 585 διδάσκοντος
1757 555 1920 590 προσεύχο-

1132 604 1142 621 ‹
1163 597 1232 622 σθαι
1246 595 1286 630 μὴ
1300 596 1448 624 εἰσελθεῖν
1459 598 1502 630 εις
1515 599 1681 633 πειρασμὸν
1694 599 1762 633 ²⁶··“,
1776 599 1824 627 καὶ
1838 599 1918 628 πάλιν

1132 652 1141 667 1
1162 643 1192 669 ὲν
1203 644 1269 679 εὐχῇ
1279 643 1367 677 λέγειν
1380 643 1419 679 τῷ
1428 643 1525 680 Πατρί·
1539 645 1593 671 Καὶ
1602 644 1646 679 μὴ
1658 644 1833 680 εἰσενέγκῃς
1840 645 1920 680 ἡμᾶς

1132 697 1142 714 1
1160 690 1203 721 εις
1214 689 1390 724 πειρασμὸν,
1403 689 1484 717 ἀλλὰ
1492 689 1586 723 ῥῦσαι
1600 689 1679 724 ἡμᾶς
1692 690 1750 717 ἀπὸ
1766 691 1820 718 τοῦ
1830 699 1919 726 πονη-

1132 743 1141 759 1
1158 733 1226 767 ροῦ.
1244 735 1324 766 Ἴσως
1339 734 1368 760 δὲ
1379 735 1427 761 καὶ
1443 733 1569 768 ἀγνοοῦσι
1587 734 1637 766 τὰς
1653 734 1783 767 πολλάκις
1803 735 1917 770 ’γινομέ-

1132 787 1142 804 1
1161 787 1208 810 νας
1215 779 1284 795 "'“'
1292 779 1481 816 ἀναχωρήσεις
1489 778 1536 805 τοῦ
1545 779 1732 806 οἰκοδεσπότου
1740 779 1787 805 καὶ
1792 779 1917 806 διδασκά-

1131 834 1141 850 ι
1161 825 1206 851 λου
1219 825 1298 860 ήμῶν
1317 825 1371 852 ἀπὸ
1384 825 1439 852 τῶν
1453 825 1582 852 Θελόντων
1596 825 1792 858 ἐπιϐουλεύειν,
1806 825 1853 853 καὶ
1875 827 1917 853 ὄτι

289 887 300 904 1
319 878 402 906 etiam
426 877 536 912 quando
557 877 694 911 passionis
711 879 822 916 tempus.
836 876 1075 912 appropinquavit.
1092 870 1114 897 Β
1130 881 1136 896 ι

1068 896 1075 908 ,
1092 870 1114 897 Β
1130 881 1139 897 1
1159 871 1214 898 ἐσθ’
1229 872 1274 898 ὅτε
1285 871 1345 898 ουδὲ
1362 872 1383 888 ⁸⁷
1406 871 1547 907 παρρησίᾳ
1569 872 1730 907 περιεπάτει
1750 871 1785 899 δι’
1806 873 1914 904 αὐτοὺς,

287 932 298 950 1
322 930 376 951 non
394 931 423 951 se
441 924 531 958 ipsum
549 922 670 953 tradidit,
682 921 730 949 sed
749 923 917 957 exspectavit
937 922 1024 950 donec
1042 922 1076 949 ad

288 979 298 996 1
320 977 383 998 «tm
396 970 522 997 venirent
535 976 597 996 cum
610 968 708 1004 gladiis
733 972 761 996 et
781 968 909 996 fustibus.
923 967 995 995 Dicit
1009 976 1075 1004 ergo

287 1025 296 1042 1
319 1016 379 1043 eis:
396 1014 534 1050 Tanquam
553 1013 587 1041 ad
599 1013 731 1041 latronem
741 1013 844 1041 eximis
859 1021 918 1040 cum
934 1013 1032 1048 gladiis
1049 1018 1074 1040 et

285 1070 296 1088 1
315 1060 431 1096 {auibus
459 1059 494 1086 ad
516 1067 556 1087 me
577 1058 848 1093 comprehendendam
867 1063 891 1086 ε.
917 1058 969 1091 Qui
991 1063 1073 1085 etiam

285 1116 295 1132 1
319 1105 486 1134 tradiderant
501 1105 597 1140 ipsum,
614 1104 713 1139 inquit,
725 1103 816 1130 Pilato
831 1102 858 1131 ἀ.
877 1103 919 1130 Ad
933 1103 993 1138 ejus
1001 1110 1071 1138 quo-

285 1162 294 1178 1
317 1160 371 1188 que
384 1151 589 1179 similitudinem
605 1151 639 1178 iis
656 1151 777 1182 accidit.
793 1150 841 1185 qui
868 1148 930 1184 ejus
958 1151 1072 1184 scopum

284 1206 294 1223 1
317 1197 371 1225 sibi
385 1201 567 1233 proponentes
592 1197 735 1229 incedunt,
753 1196 910 1223 divinorum
936 1195 996 1230 ejus
1009 1202 1072 1222 ver-

284 1253 294 1270 1
317 1243 414 1271 librum
429 1242 577 1276 recordati,
595 1243 695 1278 quibus
711 1249 763 1270 nos
777 1241 955 1269 conﬁrmans.
971 1240 1005 1268 de
1013 1248 1072 1274 per-

284 1296 296 1314 1
317 1287 505 1316 secutionibus
524 1287 615 1315 dicit:
646 1287 780 1314 Attendite
793 1286 865 1314 νυιίι
885 1286 952 1320 ipsis
968 1292 977 1312 :
1015 1290 1071 1311 tra-

284 1342 296 1359 1
316 1332 380 1360 dent
391 1333 460 1360 enim
472 1341 517 1360 vos
532 1333 558 1359 in
569 1332 692 1364 concilia,
704 1336 729 1358 et
749 1332 777 1359 in
797 1332 852 1358 suis
871 1331 1012 1366 Iyuagogit
1025 1338 1070 1357 vos

284 1387 295 1404 1
317 1377 490 1413 ﬂgellabunt
506 1383 531 1405 ο.
551 1377 666 1404 Tradent
687 1380 797 1410 autem,
826 1377 907 1408 dixit.
930 1384 996 1409 non,
1019 1384 1069 1403 vos

284 1432 295 1448 1
317 1423 393 1458 ipsos
407 1422 541 1450 tradetis:
559 1427 583 1450 et
597 1422 631 1448 ad
655 1422 784 1456 principes
806 1425 831 1448 et
853 1429 924 1456 reges
937 1421 1069 1447 ducentini

283 1479 294 1496 1
316 1474 422 1505 propter
436 1477 530 1496 nomen
543 1477 629 1496 meum
647 1468 670 1499 ί,
687 1476 752 1500 non,
777 1475 826 1495 vos
850 1467 925 1502 ipsos
949 1466 1066 1494 ducelis.

282 1525 294 1542 1
315 1514 383 1544 Nam
397 1521 448 1542 nos
465 1521 574 1550 quoque
589 1514 672 1541 vulta
688 1514 749 1540 loco
764 1514 791 1540 in
809 1513 899 1540 locum
917 1512 1064 1544 transilire,

282 1571 292 1587 1
316 1561 379 1589 dum
401 1565 466 1588 sunt
483 1561 529 1596 qui
553 1569 603 1588 nos
623 1564 825 1595 persequuntur
839 1562 950 1594 propter
966 1566 1064 1585 nomen
1078 1560 1099 1588 C

281 1611 292 1631 1
315 1605 384 1641 ejus.
403 1604 482 1632 Sicut
507 1612 603 1632 rursus
618 1613 680 1632 eum
696 1605 830 1632 dicentem
851 1604 997 1632 audimus:
1031 1603 1066 1630 Et

281 1662 291 1678 1
311 1652 415 1688 quando
429 1659 473 1679 vos
489 1651 522 1678 ab
537 1651 586 1678 hac
597 1651 702 1678 civitate
717 1651 847 1681 persecuti
857 1650 967 1685 fuerint.
981 1650 1066 1685 fugite

280 1708 290 1724 1
313 1699 341 1726 in
358 1698 440 1725 aliam
458 1699 481 1725 σ.
496 1697 554 1725 Non
569 1698 624 1725 vult
637 1697 710 1725 enim
729 1705 779 1724 nos
804 1695 838 1723 ar]
857 1696 960 1723 diaboli
978 1696 1064 1730 stipa-

280 1755 290 1771 1
313 1748 385 1772 tores
411 1745 595 1780 satellitesque
620 1743 785 1779 confugere,
822 1751 856 1770 ne
870 1742 938 1777 ipsis
954 1749 1064 1776 quoque

279 1800 290 1816 1
313 1791 468 1818 multifaria
483 1790 581 1817 mortis
597 1796 681 1817 causa
699 1789 796 1819 simus.
812 1792 842 1815 ut
854 1789 900 1823 qui
931 1788 1021 1822 ipsos.
1037 1793 1064 1815 et

280 1845 290 1864 1
313 1837 467 1872 asperiores
480 1843 541 1863 esse
556 1843 700 1870 cogamus.
716 1838 743 1861 ct
758 1841 839 1868 opera
848 1833 986 1860 mortifera
1002 1840 1064 1867 per-

281 1892 290 1907 1
314 1888 394 1916 agere
409 1890 417 1908 :
444 1881 490 1908 sed
516 1884 687 1915 exspectare,
705 1884 732 1906 et
748 1879 827 1906 nobis
843 1886 950 1911 cavere.
969 1878 1063 1914 vigila-

281 1936 291 1952 1
316 1933 392 1961 reque
406 1930 431 1953 et
445 1933 533 1956 orare,
559 1933 590 1951 ne
616 1925 742 1950 intremus
757 1924 784 1950 in
798 1924 968 1950 tentationem
981 1921 1006 1950 δ.
1024 1923 1063 1949 ita

280 1982 289 1998 1
316 1970 470 2008 Stephanus
483 1971 599 2007 primus,
614 1970 674 2004 ejus
690 1970 813 2004 vestigiis
828 1970 970 2001 insistens,
990 1977 1062 1996 mar-

279 2027 289 2044 1
310 2018 411 2054 tyrium
425 2024 534 2053 passus,
543 2015 738 2051 Hierosolymis
750 2016 784 2042 ab
796 2015 897 2050 iniquis
908 2020 1061 2050 correptus,

280 2075 290 2091 1
314 2071 341 2093 et
357 2065 384 2093 in
397 2064 543 2092 concilium
557 2062 667 2094 ductus,
685 2062 821 2098 lapidibus
835 2062 959 2092 obrutus.
974 2062 1001 2089 in
1017 2070 1062 2089 no-

279 2117 288 2134 1
312 2108 384 2136 mine
403 2107 505 2135 Christi
520 2106 688 2142 glorificatus
699 2110 752 2138 est,
775 2114 885 2141 rogans,
902 2111 928 2134 et
941 2106 1035 2134 dicens
1052 2116 1059 2133 :

277 2164 287 2180 1
312 2154 431 2187 Domine,
443 2162 474 2181 ne
485 2158 589 2181 statuas
604 2152 658 2179 illis
673 2152 720 2180 hoc
735 2157 870 2187 peccatum
893 2153 914 2179 ί.
931 2151 970 2179 lla
984 2152 1062 2180 Jaco-

277 2212 287 2228 1
311 2202 363 2230 bus
376 2201 514 2230 secundus
541 2201 576 2227 ab
591 2199 700 2227 Herode
715 2199 940 2233 comprehensus,
970 2199 1059 2234 gladio

277 2258 286 2275 1
310 2248 399 2283 capite
413 2251 559 2275 truncatus
571 2250 621 2274 est.
639 2246 676 2272 ita
693 2245 791 2273 Petrus
802 2245 988 2280 apostolorum
999 2245 1057 2280 ιιι-ἱ-
1073 2236 1095 2265 D

277 2303 286 2320 1
310 2301 380 2324 mus.
399 2300 470 2328 saepe
490 2292 721 2327 comprehensus,
743 2294 770 2318 et
782 2291 914 2318 custodias
928 2290 1055 2321 traditus,

275 2347 284 2364 1
307 2338 510 2373 ignominiaque
538 2337 661 2368 all'ectus,
677 2340 816 2371 postremo
831 2336 922 2363 Roma:
945 2335 1055 2363 cruciﬁ-

276 2395 285 2411 1
311 2394 361 2414 xus
374 2390 427 2413 est.
445 2385 576 2412 Similiter
594 2389 621 2412 et
644 2385 763 2419 inclytus
780 2383 892 2416 Paulus,
908 2392 979 2419 saepe
1000 2389 1057 2411 tra-

283 2441 291 2456 1
315 2432 400 2464 ditus,
416 2436 443 2459 et
457 2431 490 2458 ad
508 2435 623 2458 mortem
636 2437 722 2464 usque
752 2430 778 2456 in
798 2430 950 2464 periculum
969 2429 1054 2456 addu—

277 2487 286 2503 1
309 2482 379 2510 ctus,
389 2479 472 2505 multa
487 2479 558 2506 mala
570 2484 727 2513 perpessus,
738 2481 765 2503 et
776 2477 803 2504 in
816 2477 908 2504 multis
925 2484 1054 2511 persecu-

1130 927 1139 942 1
1159 917 1205 944 καὶ
1217 917 1258 944 ὅτι
1273 917 1321 944 καὶ
1332 917 1355 933 ³⁸
1369 918 1414 944 ὅτε
1425 918 1439 944 ὀ
1454 917 1550 954 καιρὸς
1561 918 1608 945 τοῦ
1623 919 1724 951 πάθους
1737 919 1818 946 αὑτοῦ
1831 928 1918 954 προσ-

1129 972 1138 988 1
1159 963 1283 998 ήγγισεν,
1298 963 1347 1000 οὐχ
1368 962 1465 991 ἑαυτὸν
1484 963 1652 999 παρέδωκεν,
1665 964 1722 991 ἀλλ’
1740 964 1847 997 ἐδέξατο
1862 965 1915 997 ἓως

1129 1017 1138 1034 ι
1156 1007 1238 1045 ἦλθον
1255 1010 1298 1035 ἐπ’
1313 1009 1395 1036 αὑτὸν
1413 1010 1482 1045 μετά
1501 1010 1643 1047 μαχαιρῶν
1655 1011 1702 1038 καὶ
1716 1010 1812 1044 ξύλων.
1833 1011 1914 1045 Λέγει

1127 1063 1135 1078 ι
1155 1053 1220 1087 γοῦν
1233 1054 1267 1069 η·
1284 1054 1352 1090 πρὸς
1365 1054 1479 1087 αὺτούς·
1506 1053 1551 1089 Ὦς
1566 1056 1615 1082 ἐπὶ
1633 1055 1756 1090 λῃστὴν
1772 1055 1915 1089 ἐξήλθετε

1126 1108 1136 1125 1
1151 1100 1227 1134 μετά
1240 1099 1395 1134 μαχαιρῶν
1409 1101 1459 1127 καὶ
1473 1101 1575 1133 ξύλων
1589 1101 1757 1129 συλλαϐεῖν
1766 1102 1854 1136 με.Οἶ
1866 1100 1915 1128 καὶ

1125 1154 1134 1170 ι
1155 1145 1330 1180 παρέδωκαν
1345 1146 1456 1179 αὐτὸν,
1475 1148 1551 1183 φησὶ,
1573 1147 1702 1181 Πιλάτῳ,
1727 1148 1797 1175 Καθ’
1823 1147 1913 1184 ὁμοιό-

1124 1199 1133 1215 1
1151 1199 1221 1227 τητα
1229 1191 1294 1225 γοῦν
1305 1192 1399 1224 αὑτοῦ,
1406 1193 1450 1219 καὶ
1462 1193 1486 1218 οἱ
1495 1193 1566 1219 κατά
1576 1193 1677 1220 σκοπὸν
1685 1193 1766 1220 αὑτοῦ
1776 1193 1912 1229 βαίνοντες

1124 1246 1133 1262 1
1152 1237 1312 1270 πεπόνθασι,
1331 1239 1498 1274 μεμνημένοι
1521 1239 1576 1266 τῶν
1599 1239 1680 1267 Θειων
1702 1240 1784 1267 αὑτοῦ
1804 1240 1911 1275 λόγων.

1124 1291 1132 1307 1
1153 1282 1186 1309 δι’
1201 1279 1238 1308 ὧν
1253 1284 1434 1318 ἐπιστηρίζων
1444 1286 1517 1319 ἡμᾶς
1532 1286 1597 1321 περὶ
1610 1286 1665 1312 τῶν
1678 1286 1805 1322 διωγμῶν
1819 1286 1909 1321 λέγει·

1124 1336 1132 1352 ι
1154 1328 1321 1361 Προσέχετε
1340 1330 1361 1344 ²¹
1382 1328 1499 1362 ἑαυτοῖς
1510 1338 1516 1345 ·
1534 1331 1747 1365 παραδώσουσι
1762 1332 1817 1367 γὰρ
1832 1332 1910 1367 ὑμᾶς

1123 1383 1132 1398 ι
1151 1375 1194 1406 εις
1203 1374 1356 1408 συνέδρια,
1369 1375 1418 1401 καὶ
1431 1375 1466 1401 ἐν
1479 1375 1544 1408 ταῖς
1553 1377 1741 1411 συναγωγαῖς
1749 1377 1848 1404 αὐτῶν
1853 1387 1911 1413 μιι-

1123 1429 1132 1444 1
1151 1420 1354 1455 στιγώσουσιν
1373 1421 1460 1455 ὑμᾶς.
1473 1421 1689 1455 Παραδὼσουσι
1700 1422 1738 1455 δὲ,
1753 1421 1840 1456 εἶπεν,
1851 1424 1907 1451 ἀλλ’

1122 1474 1131 1490 1
1152 1465 1212 1500 οὐχὶ
1225 1466 1257 1481 "‘
1272 1466 1386 1497 ἑαυτοὺς
1401 1466 1585 1501 παραδώσετε·
1598 1467 1646 1493 καὶ
1658 1467 1706 1494 ἐπὶ
1718 1469 1866 1503 ἡγεμόνας
1874 1469 1910 1496 δὲ

1121 1521 1130 1538 ‹
1151 1513 1198 1539 καὶ
1211 1513 1352 1546 βασιλεῖς
1362 1514 1534 1548 ἀχθήσεσθε
1553 1515 1602 1542 διὰ
1616 1515 1647 1542 τὸ
1664 1515 1757 1550 ὄνομά
1766 1525 1835 1550 μου,
1849 1517 1907 1544 ἀλλ’

1119 1568 1128 1583 1
1149 1558 1209 1593 οὐχὶ
1221 1559 1277 1591 ²⁹”⁴,
1290 1559 1403 1590 ἑαυτοὺς
1416 1560 1493 1593 ἄξετε
1504 1569 1511 1575 ⁸
1530 1561 1591 1586 ἐπεὶ
1607 1561 1652 1587 καὶ
1664 1562 1820 1597 μεταπηδᾷν
1834 1563 1907 1598 ἡμᾶς

1121 1613 1130 1629 ι
1150 1604 1273 1639 βούλεται
1295 1606 1348 1632 ἀπὸ
1369 1606 1450 1632 τόπου
1471 1607 1510 1637 εἰς
1531 1606 1612 1633 τόπον
1624 1606 1645 1622 ⁸ο
1666 1606 1845 1642 διωκομένους
1862 1608 1907 1636 διὰ

1119 1660 1129 1676 ‹
1147 1650 1176 1677 τὸ
1191 1651 1276 1687 ὄνομα
1289 1652 1371 1678 αὑτοῦ
1386 1662 1390 1667 ·
1406 1652 1444 1685 ὡς
1465 1652 1544 1680 πάλιν
1559 1652 1693 1688 ἀκούομεν
1710 1653 1792 1680 αὐτοῦ
1813 1653 1906 1688 λέγον-

1119 1705 1128 1721 1
1146 1704 1192 1728 τος
1202 1704 1208 1711 ·
1228 1696 1284 1723 Καὶ
1297 1696 1366 1724 ὅθεν
1382 1697 1419 1733 (‘2)
1430 1697 1574 1724 διώκωσιν
1586 1698 1660 1732 ὑμᾶς
1676 1698 1709 1725 ἐκ
1725 1697 1779 1733 τῆς
1788 1699 1904 1733 πόλεως

1118 1752 1127 1768 1
1148 1743 1256 1776 ταύτης
1267 1744 1299 1776 ³⁸,
1317 1744 1440 1779 φεύγετε
1454 1745 1497 1777 εἰς
1511 1744 1567 1778 τὴν
1578 1743 1698 1778 ἑτέραν-⁸
1717 1745 1747 1772 οὐ
1763 1745 1818 1780 γὰρ
1833 1745 1904 1772 θέλει

1118 1797 1127 1813 ι
1146 1789 1304 1824 αὐτομολεῖν
1323 1790 1396 1825 ἡμᾶς
1412 1790 1480 1825 πρὸς
1507 1791 1570 1822 τοὺς
1583 1789 1630 1817 τοῦ
1647 1790 1770 1817 διαϐόλου
1786 1792 1904 1826 ὑπασπι-

1118 1843 1127 1858 1
1149 1833 1213 1865 στὰς
1227 1834 1273 1860 καὶ
1287 1834 1461 1870 δορυφόρους,
1477 1835 1551 1866 ὅπως
1569 1835 1605 1870 μὴ
1621 1836 1668 1861 καὶ
1680 1835 1809 1863 πλειόνων
1822 1836 1904 1864 θανά-

1117 1888 1126 1904 1
1147 1888 1200 1906 των
1217 1880 1297 1907 αἴτιοι
1310 1882 1402 1912 αὐτοῖς
1416 1881 1554 1916 γινώμεθα
1569 1881 1614 1913 ³¹·,
1629 1881 1666 1914 ὡς
1680 1881 1713 1908 ἂν
1729 1884 1904 1918 καταναγκά-

1117 1934 1126 1950 ι
1146 1925 1236 1957 ζοντες
1250 1927 1347 1958 αὐτοὺς
1366 1927 1465 1962 μᾶλλον
1486 1927 1739 1962 κατατραχύνεσθαι
1759 1928 1806 1955 καὶ
1827 1929 1902 1956 τελε-

1116 1979 1126 1996 1
1148 1973 1282 2006 σιουργεῖν
1305 1972 1339 1999 τὰ
1360 1972 1534 2008 θανατηφόρα
1556 1972 1640 2008 ἔργα·
1666 1973 1722 2000 ἀλλ’
1746 1974 1902 2009 ἐκδέχεσθαι

1116 2026 1125 2042 ι
1146 2018 1193 2044 καὶ
1208 2017 1350 2053 προσέχειν
1369 2019 1491 2049 ἑαυτοῖς.
1508 2019 1661 2052 γρημρεῖν
1680 2027 1711 2046 τε
1736 2019 1783 2046 καὶ
1807 2026 1901 2054 προσ--

1115 2073 1124 2089 1
1144 2064 1295 2098 εὐχεσθαι,
1312 2064 1362 2090 ἵνα
1382 2063 1425 2098 μὴ
1447 2063 1627 2097 εισέλθωμεν
1649 2065 1692 2096 εὶς
1722 2066 1898 2100 πειρασμόν,

1115 2119 1124 2134 1
1144 2109 1222 2136 Οὕτω
1231 2110 1363 2145 Στέφανος
1374 2110 1490 2145 πρῶτος,
1500 2109 1559 2135 κατ’
1575 2109 1647 2143 ἴχνος
1658 2110 1739 2136 αὑτοῦ
1751 2111 1899 2146 μαρτύριον

1114 2164 1124 2181 1
1143 2155 1349 2190 ἀναδεξάμενος,
1364 2156 1393 2181 ἐν
1417 2154 1612 2190 Ἱεροσολύμοις
1631 2156 1829 2191 συναρπασθεὶς
1846 2157 1899 2183 ὑπὸ

1114 2211 1123 2227 ι
1142 2202 1195 2228 τῶν
1210 2202 1392 2237 παρανόμων,
1408 2202 1455 2227 καὶ
1474 2201 1566 2236 ἀχθεὶς
1581 2201 1610 2226 ἐν
1626 2201 1663 2236 τῷ
1674 2201 1813 2237 συνεδρίῳ,
1827 2202 1898 2229 λιθο-

1113 2256 1123 2272 1
1142 2247 1302 2282 ϐολούμενος
1322 2248 1350 2273 ὲν
1365 2247 1477 2283 ὀνόματι
1497 2246 1616 2282 Χριστοῦ
1640 2246 1785 2283 ἐδοξάσθη,
1806 2257 1896 2284 παρα-

1113 2303 1122 2318 1
1143 2294 1231 2320 καλῶν
1257 2295 1303 2320 καὶ
1326 2294 1429 2328 λέγων·
1456 2295 1560 2327 Κύριε.
1583 2293 1626 2328 μὴ
1655 2293 1773 2328 στήσῃς
1796 2295 1898 2328 αὐτοῖς

1113 2348 1121 2363 1
1141 2339 1253 2372 ταύτην
1268 2339 1313 2354 ³¹⁵⁶
1327 2338 1385 2372 τὴν
1395 2338 1550 2373 ἁμαρτίαν.
1560 2336 1654 2368 Οὕτως
1666 2337 1792 2370 Ἰάκωϐος
1807 2337 1898 2365 δεῖτε-

1111 2394 1121 2409 1
1143 2393 1188 2421 ρος
1200 2384 1360 2420 συλληφθεὶς
1371 2385 1424 2411 ὑπὸ
1438 2384 1567 2419 Ἡρώδου,
1583 2383 1705 2420 μαχαίρᾳ
1716 2384 1764 2419 τὴν
1776 2384 1896 2419 κεφαλὴν

1111 2440 1120 2456 1
1141 2430 1296 2466 ἀπετμήθη.
1311 2431 1404 2460 Οὕτως
1416 2431 1430 2456 ὸ
1445 2430 1590 2466 πρόκριτος
1603 2429 1657 2456 τῶν
1673 2430 1830 2458 ἀποστόλων
1842 2430 1895 2456 Πέ-

1111 2486 1121 2501 1
1141 2469 1225 2512 τροςξ
1248 2476 1377 2508 πολλάκις
1394 2475 1553 2512 συλληφθεὶς
1582 2475 1628 2502 καὶ
1649 2476 1823 2511 φυλακισθεὶς
1848 2476 1894 2503 καὶ

307 2542 320 2556 ι
334 2535 430 2564 Matth.
447 2544 520 2569 xxvi,
533 2537 576 2563 Η.
616 2536 630 2556 b
646 2534 743 2562 Matth.
760 2543 798 2566 vI.
816 2535 857 2563 l5.
880 2542 890 2556 ε
909 2535 1007 2563 Matth.
1026 2544 1101 2568 xui.
1120 2535 1164 2563 55.
1197 2536 1211 2555 δ
1228 2536 1324 2564 Matth.
1341 2543 1429 2570 xxvii,
1439 2535 1467 2562 2.
1490 2541 1501 2554 ο
1514 2534 1609 2562 Matth.
1622 2543 1649 2567 ι,
1664 2536 1708 2564 l7.
1739 2536 1749 2556 ί
1765 2537 1831 2564 ibid.
1849 2535 1892 2564 18.

271 2576 284 2594 ι
301 2570 397 2598 Matth.
411 2580 438 2603 x,
453 2572 499 2600 23.
537 2573 551 2592 II
568 2571 666 2598 Hatth.
690 2578 765 2601 tum.
778 2571 822 2597 47.
862 2571 869 2590 ί
887 2572 946 2598 Act.
978 2579 1024 2603 vn.
1048 2571 1094 2598 59.

933 2631 1049 2659 VARIAE
1073 2630 1273 2660 LECTIONES.

305 2687 459 2734 3153:7275.-
469 2687 940 2734 -.ἾῖΡφῖεκῆξέεξντεςέκεέρςιξαξςο,
962 2688 1063 2734 Ῑῗζέές

760 2723 1139 2759 ²⁶“”““’γενομέναςπολλάκις.
1177 2723 1282 2751 ⁸⁷⁷οὒτε.
1323 2724 1345 2743 ⁸⁸

769 2758 878 2790 τόπους,
916 2760 935 2774 ³¹
953 2760 1049 2786 ὅταν...
1069 2761 1097 2786 ὲν
1112 2760 1144 2795 τῇ
1160 2760 1236 2786 πόλει
1249 2760 1347 2795 ταῦτῃ.

271 2721 402 2758 ticali)er
415 2723 456 2753 εις
468 2721 619 2758 πειρασμόν
629 2724 712 2751 deest.

271 2757 305 2773 "‘
322 2757 381 2791 οὐχ.
420 2758 466 2773 ’⁸⁸⁸
479 2757 537 2792 οὐχ.
573 2759 596 2774 ³⁸
608 2759 699 2785 τόπων
714 2759 754 2790 εἰς
769 2757 878 2790 τόπους,

298 2814 344 2856 ’(2)
358 2816 412 2856 K111
537 2815 566 2843 ln
581 2816 714 2856 [ηε-ροςῇ
740 2817 1055 2856 nomilvoinoamplissi-

268 2850 306 2878 mi
324 2850 458 2878 senatoris
481 2850 611 2879 Bernardi
637 2851 717 2885 Nani,
745 2851 792 2880 fol.
810 2850 873 2886 2'08,
887 2853 931 2881 ubi
946 2850 1056 2881 eistant

1114 2689 1158 2705 ""
1177 2690 1215 2740 μή
1231 2689 1318 2717 deest.
1371 2689 1427 2704 "‘“
1441 2687 1611 2721 διδάσκοντος
1631 2677 1837 2726 προσεύχεσθαι.
1854 2687 1893 2725 μὴ

1117 2733 1130 2740 ι
1189 2725 1198 2740 ¹1
1213 2724 1272 2740 λε’.--
1323 2724 1345 2740 ιι
1357 2724 1431 2740 Annal
1449 2724 1495 2740 εικῖ
1539 2724 1573 2740 ις·
1585 2722 1631 2740 λζ..
1680 2725 1703 2740 ιο
1719 2723 1878 2740 pan-lgna».-

1213 2724 1282 2751 οὔτε.
1323 2724 1345 2743 ’⁸
1357 2724 1433 2759 deest
1449 2724 1506 2751 καί.
1539 2724 1573 2740 "'
1585 2723 1641 2751 οὖν.
1654 2723 1660 2726 ⁷
1680 2725 1703 2741 ³ο
1719 2723 1890 2759 oportuerat.

1387 2758 1421 2774 ³¹”
1437 2758 1589 2794 γενώμεθα.
1626 2761 1671 2776 ³¹“¹
1683 2758 1787 2794 ταύτην
1800 2766 1855 2786 om.

1109 2826 1230 2847 canones
1254 2819 1281 2851 9,
1304 2818 1348 2847 to.
1370 2818 1415 2849 12,
1433 2819 1477 2849 15,
1495 2819 1538 2849 Η,
1562 2819 1608 2847 hic
1633 2818 1731 2854 legitur
1754 2817 1801 2846 καὶ
1814 2817 1891 2852 ὃταν,

1110 2858 1139 2882 ut
1154 2854 1181 2882 in
1197 2858 1273 2882 textu
1290 2854 1385 2882 Matth.
1402 2862 1429 2889 ι,
1441 2854 1485 2882 25.
