2145 3163
177 193 231 224 £89

790 194 959 223 EPISTULA
978 194 1161 224 CANONICA.

1736 203 1788 231 ιυο

179 259 190 277 ι
208 251 306 283 οἵτινες
317 250 396 278 πλέον
409 249 538 278 ἁπάντων
546 249 678 286 αἰσχύνην
689 251 735 277 καὶ
749 251 849 283 ὄνειδος
858 251 957 284 ἑξουσι,
973 259 996 286 Α
1012 259 1022 276 ι

942 260 957 283 ι,
973 259 996 286 Α
1012 259 1022 276 ι
1043 254 1071 279 et
1082 251 1258 287 ignominiam
1266 250 1553 285 habebuntzsicutille
1568 255 1617 291 qui
1629 255 1789 285 fundamen-

180 305 190 320 ι
208 296 268 322 κατ’
285 296 386 323 ἐκεῖνον
402 295 448 321 τὸν
463 295 605 323 τεθεικότα
617 294 750 331 θεμέλιον,
762 296 810 322 καὶ
831 296 869 332 μὴ
884 296 958 332 ἰσχύς

180 350 190 367 ι
208 350 293 370 σαντα
314 341 464 369 exuuntu-
480 341 637 376 'ApEmm
650 343 714 379 γὰρ,
735 343 832 379 φησὶν,
849 338 960 377 πάντες

179 397 190 414 ι
207 390 234 415 οι
249 380 522 428 παραπορευόμενοι
536 389 686 424 ἐμπαίζειν
694 391 795 423 αὐτὸν,
808 389 958 425 ,λέγοι-τεῳ

179 441 190 458 ι
209 431 302 466 οὗτος
313 434 330 458 ὀ
341 433 496 468 ἄνθρωπος
519 435 657 470 θεμέλιον
677 435 767 470 ἔθηκε
785 436 819 468 ³⁹,
840 436 888 463 και
903 437 959 463 οὐκ

180 487 191 505 ι
209 479 340 513 ισχυσεν
352 479 517 508 ἐκτελέσαι.
535 490 544 506 ι

211 523 309 550 ΒΔΛΣ.
329 523 397 559 Περὶ
420 525 661 562 αὐτομολησάντων
677 528 716 560 εἰς
734 528 780 554 τὸν
795 527 842 554 τοῦ
859 536 960 563 μαρτυ-

176 569 236 605 ρίου
249 569 343 603 ἀγῶνα
354 569 505 607 διαλεχθεὶς
519 574 534 599 ὁ
548 573 654 610 Πατὴρ,
671 573 720 601 νῦν
738 574 785 601 καὶ
806 575 870 610 περὶ
893 575 959 611 κλη-

177 614 261 651 ριγῶν
274 614 400 642 τοιούτων
413 617 460 643 τὸν
471 616 551 652 λόγον
563 621 692 646 ποιεῖται·
708 619 756 647 καί
769 628 862 656 φησιν,
873 621 921 653 ὡς,
936 623 959 648 ει

175 659 306 696 κληρικὺς
313 661 510 698 ηὐτομόλησεν,
526 661 584 691 εἶτα
597 664 634 701 μὴ
647 665 752 700 στέγων
763 666 812 698 τὰς
828 667 960 703 τιμωρίας

174 703 347 738 extima,
362 707 410 733 καὶ
424 704 503 739 αὖθις
523 709 561 742 είς
579 709 676 737 ἑαυτὸν
687 711 842 746 γενόμενος.
859 712 960 739 ἀνεπά-

174 749 253 777 λαισε
275 750 324 786 τὴν
345 751 450 779 οἰκείαν
466 753 586 787 πτῶσιν,
611 754 658 782 καὶ
679 755 842 791 Χριστιανὸν
866 756 960 784 ἑαυτὸν

173 795 347 832 ὡμολόγησεν
359 796 474 824 ὲνώπιον
486 798 540 825 τῶν
555 799 702 836 τυράννων,
715 801 729 827 ό
740 801 859 833 τοιοῦτος
869 802 960 829 οὐκέτι

175 841 206 869 δν
216 842 250 877 τῇ
265 840 419 878 λειτουργίᾳ
430 843 517 875 ἔσται,
529 844 596 872 διότι
607 845 784 873 καταλέλοιπε
794 847 825 873 τὺ
836 847 960 883 ποίμνιον

174 887 223 915 τοῦ
237 887 354 924 Κυρίου·
373 889 422 916 καὶ
432 889 478 916 διὰ
491 890 521 917 τὸ
534 891 719 927 αὐτομολῆσαι
742 893 789 919 καὶ
808 893 845 929 μὴ
860 903 957 930 καρτε-

1012 305 1022 322 ι
1045 302 1101 324 tum
1116 297 1226 334 posuit,
1249 301 1277 324 et
1293 305 1346 325 non
1367 300 1454 334 potuit
1475 300 1629 336 perlicere:
1659 300 1789 337 Incipient

1013 351 1022 368 ι
1040 343 1232 378 enim.inquit,
1248 351 1336 371 omnes
1351 345 1658 382 quipnrtergrcdienlur,
1671 356 1730 375 eum
1755 348 1789 375 ita

1012 396 1022 413 ι
1045 387 1142 421 ludere,
1156 388 1270 416 dicentes
1278 397 1288 415 :
1302 388 1354 417 Hic
1362 390 1437 417 homo
1447 393 1534 425 posuit
1544 392 1754 427 fundamentum,
1763 398 1789 421 et

1012 442 1022 458 ι
1043 441 1095 460 non
1105 434 1190 470 potuit
1202 435 1327 469 perﬁcere
1344 440 1367 462 ι.
1390 443 1400 459 ι

1044 521 1124 549 Βλιε.
1146 521 1183 549 De
1198 521 1233 549 iis
1247 521 1295 557 qui
1313 529 1360 551 sua
1383 527 1480 558 sponte
1498 522 1532 549 ad
1556 523 1679 559 martyrii
1699 527 1789 552 certa-

1009 575 1070 595 men
1083 567 1254 604 confugiunt,
1266 568 1375 598 locutus
1383 568 1473 602 Pater,
1481 576 1556 596 nunc
1562 568 1596 597 de
1604 569 1711 598 clericis
1719 577 1789 605 qua-

1009 621 1062 649 que
1075 614 1122 649 qui
1139 618 1205 642 sunt
1219 614 1355 650 ejusmodi
1378 614 1500 650 loquitur
1517 623 1526 642 :
1552 618 1580 643 et
1594 615 1661 643 dicit
1675 615 1748 651 quod
1765 616 1789 643 si

1009 659 1126 687 clericus
1145 659 1179 687 ad
1195 663 1333 688 certamen
1356 668 1406 688 sua
1423 663 1521 695 sponte
1544 659 1677 696 profugit,
1692 660 1790 689 deinde

1009 712 1071 732 cum
1087 713 1141 732 non
1152 710 1243 740 posset
1257 704 1329 733 ferre
1335 709 1482 738 tormenta,
1492 706 1605 740 excidit,
1615 709 1642 734 et
1655 713 1717 734 cum
1728 714 1790 733 rur-

1010 758 1058 778 sus
1072 750 1105 778 ad
1120 758 1151 779 se
1163 750 1302 784 rediisset,
1325 752 1430 786 lapsum
1447 759 1527 780 suum
1552 753 1701 786 revocavit,
1717 755 1746 780 et
1759 759 1790 780 se

1009 803 1102 823 coram
1119 797 1246 832 tyrannis
1259 796 1447 825 Christianum
1463 797 1608 826 confessus
1623 803 1681 833 est;
1696 799 1721 826 is
1735 806 1791 827 non

1009 840 1126 876 amplius
1139 848 1218 868 sacra
1225 841 1376 869 ministeria
1386 841 1481 875 obibit,
1494 849 1527 870 eo
1534 842 1606 878 quod
1621 850 1730 878 gregem
1737 842 1792 870 Do-

1009 886 1076 914 mini
1090 887 1250 921 reliquerit;
1268 890 1295 914 et
1307 895 1341 915 eo
1354 887 1428 922 quod
1439 895 1502 915 cum
1517 896 1566 916 sua
1576 889 1791 924 quidemspoute

172 934 258 969 ,ρῆσαι
272 934 322 967 τὰς
335 933 478 969 βασάνους,
495 936 589 972 μῶμον
609 938 793 974 προσήνεγκεν
812 929 911 975 ἑαυτῷ.
924 941 961 967 Τὸ
975 932 996 960 Β
1009 937 1019 957 ί

943 941 961 967 ιδ
975 932 996 960 Β
1009 929 1172 965 confugerit,
1186 934 1214 958 et
1224 934 1360 958 tormenta
1375 930 1490 959 sufferre
1510 940 1564 959 non
1582 934 1713 967 potuerit,
1738 933 1790 961 sibi

175 979 204 1007 ἃ
218 980 424 1016 καταφρονῆσαι
439 982 489 1017 τῆς
503 982 678 1016 διδασκαλίας
693 985 740 1011 τοῦ
755 984 819 1012 λαοῦ
834 987 881 1013 καὶ
894 995 961 1022 προ-

173 1025 343 1062 τιμήσασθαι
366 1028 398 1054 τὸ
417 1027 506 1063 ἑαυτῷ
519 1029 673 1065 συμφέρον,
699 1030 758 1058 οὐδὲ
775 1033 798 1059 ol
819 1032 960 1060 ἀπόστολοι

174 1073 365 1108 πιποιήκασιν.
383 1074 414 1100 '0
428 1073 484 1110 γὰρ
497 1074 584 1110 μέγας
600 1075 714 1109 Παῦλος,
729 1077 798 1112 μετὰ
817 1078 848 1104 τὸ
862 1078 960 1111 πολλὰς

176 1115 310 1152 βασάνους
330 1119 485 1155 ὺπομεὶναι,
499 1121 670 1157 κατανοήσας
684 1124 808 1159 κρεῖττον
824 1122 893 1152 εἶναι
915 1125 960 1152 τὸν

176 1160 234 1197 βίον
249 1163 391 1191 ἀπολιπεῖν
402 1184 410 1196 ,
427 1168 628 1202 προετιμήσατο
643 1165 693 1203 ζῇν
708 1167 755 1195 καὶ
771 1168 959 1204 βασανίζεσθαι

173 1206 219 1234 διὰ
234 1207 283 1244 τὴν
299 1210 435 1245 σωτηρίαν
450 1211 496 1238 καὶ
514 1211 687 1240 διδασκαλίαν
700 1213 746 1240 τοῦ
769 1214 845 1243 λαοῦ.
873 1216 960 1243 ’Δναί-

177 1251 269 1288 σθητοι
286 1254 352 1288 γοῦν
369 1256 438 1283 εἰσιν
454 1256 478 1282 oi
496 1256 635 1290 αίτοῦντες
657 1258 705 1294 τὴν
726 1259 904 1295 λειτουργίαν,
925 1257 960 1296 ἧς

176 1297 313 1326 ιθιλονταὶ
335 1301 539 1329 ἐκπεπτώκασι.
556 1303 619 1335 Πῶς
639 1303 694 1340 γὰρ
713 1305 833 1332 αἰτοῦσιν
859 1305 874 1332 δ
892 1314 959 1333 κατ-

174 1343 285 1376 έλιπον,
300 1344 443 1381 δυνάμενοι
465 1349 522 1380 τοῖς
540 1348 663 1383 ἀδελφοῖς
679 1348 822 1384 εὖχρηστοι
837 1348 905 1377 εἶναι
929 1351 959 1379 ὲν

176 1388 266 1424 καιρῴ
288 1389 418 1426 τοιούτῳ,
443 1390 562 1428 διωγμοῦ
591 1393 690 1429 δηλαδή
702 1402 713 1426 ;.
728 1394 760 1420 El
785 1395 834 1429 μὲν
858 1393 905 1422 οὖν
928 1396 958 1423 οὐ

176 1433 345 1466 πεπτώκασι,
363 1437 456 1472 φησιν,
473 1435 546 1472 εἶχον
559 1437 593 1464 ἂν
610 1437 775 1474 συγγνώμην
791 1440 838 1465 ἐπὶ
853 1441 885 1475 τῇ
905 1449 959 1467 παν

177 1478 284 1515 ραλόγῳ
297 1480 387 1507 αὐτῶν
408 1481 515 1517 πράξει,
529 1483 579 1518 τῆς
591 1483 797 1519 αὐτομολήσεως
813 1484 923 1522 δηλαδὴ,
940 1486 958 1521 ἢ

176 1525 226 1560 τῆς
247 1526 312 1562 περὶ
329 1527 360 1554 τὸ
372 1527 508 1555 διδάσκειν
524 1529 572 1555 καὶ
592 1528 729 1565 στηρίζειν
751 1530 813 1562 τοὺς
829 1531 959 1567 ἀδελφοὺς

177 1571 329 1607 ῥᾳθυμίας·
348 1573 373 1599 ει
398 1572 427 1603 δὲ
453 1573 629 1603 πεπτώκασιν
652 1576 686 1603 ὲκ
707 1577 882 1613 περπερείας,
900 1578 959 1614 ήτοι

175 1615 344 1650 ἀλαζονείας,
359 1617 490 1654 [τοιοῦτον
500 1619 554 1656 γάρ
563 1621 621 1648 ἐστι
634 1621 665 1648 τὸ
676 1622 878 1659 κατα-τολμῆσαι
893 1631 960 1659 προ-

175 1662 265 1694 πετῶς
279 1662 334 1691 τῶν
347 1663 471 1699 βασάνων
487 1666 534 1692 καὶ
551 1665 589 1701 μὴ
604 1666 743 1702 ἑμμεῑναι,
761 1667 808 1694 καὶ⁷
821 1667 865 1695 διὰ
881 1668 960 1694 τοῦτο

175 1707 442 1746 δοριαμϐεύθησανΊ
456 1711 547 1738 οὐκέτι
568 1711 695 1740 δύνανται
716 1713 891 1749 λειτουργεῖν.
913 1714 958 1741 Διὸ

175 1754 390 1791 φροπιζέτωσαν
409 1757 508 1792 μᾶλλον
528 1758 586 1790 πῶς
608 1759 778 1787 ἐκτιλέσουσι
798 1761 847 1797 τὴν
863 1761 958 1796 ὁμολο-

175 1801 238 1834 γίαν
257 1801 286 1828 ὲν
307 1802 550 1838 ταπεινοφροσύνῃ,
578 1805 746 1840 παυσάμενοι
760 1806 810 1841 τῆς
833 1807 887 1834 ἀπὸ
910 1807 957 1834 τοῦ

175 1844 272 1881 ζητεῖν
279 1846 329 1882 τὴν
342 1846 512 1883 λειτουργίαν
525 1848 691 1882 κενοδοξίας·
708 1851 789 1887 ἀρκεῖ
799 1851 853 1888 γὰρ
867 1852 958 1884 αὐτοῖς

174 1891 193 1926 ἡ
209 1891 278 1927 μετὰ
289 1892 343 1919 τῶν
362 1893 463 1920 πιστῶν
479 1895 606 1922 κοινωιιία
620 1895 665 1923 διὰ
684 1896 731 1923 δύο
751 1898 879 1933 γινομένη
897 1898 958 1925 τινὰ

176 1937 246 1973 μετὰ
265 1939 424 1972 ἐπιστασίας
445 1940 575 1975 ἀκριϐοῦς
593 1943 640 1969 καὶ
661 1942 826 1979 οἰκονομίας.
849 1944 880 1971 El
903 1945 959 1980 γὰρ

174 1983 295 2019 εἴπομεν
309 1984 345 2020 μὴ
367 1984 441 2020 ἔχειν
463 1985 560 2018 αὐτοὺς
582 1989 772 2021 κοινωνικοίδς,
795 1989 905 2021 τούτους
927 1998 956 2016 τε

173 2025 340 2065 λυπήσομεν,
354 2031 393 2063 ὡς
404 2031 616 2068 ἀποφαινόμενοι
630 2033 700 2069 μετὰ
715 2033 786 2069 βίας,
800 2035 882 2070 ῆγουν
899 2036 958 2063 ἑπι-

173 2075 391 2111 τετιμημένονς,
417 2077 541 2105 ἐντεῦθεν
573 2078 706 2106 ἀναλῦσαι
731 2080 830 2112 αὐτοὺς
843 2101 850 2113 ,
873 2081 956 2118 ῆγουν

174 2120 319 2149 ἀποθανεῖν
329 2130 337 2136 ·
355 2123 402 2149 καὶ
415 2124 478 2156 τοὺς
491 2123 587 2157 ἄλλους
604 2125 631 2152 δὲ
647 2126 814 2158 ἐκπεσόντας
831 2127 896 2160 ἴσως
912 2129 958 2156 καὶ

175 2166 350 2202 βουλομένους
361 2169 529 2205 ὑποστρέψαι
545 2171 586 2203 si;
596 2171 627 2198 τὺ
637 2171 750 2206 ἀγαθὸν,
766 2173 958 2209 ἐκλελυμένους

173 2212 243 2248 πρὸς
255 2213 335 2240 τοῦτο
348 2214 395 2241 καὶ
409 2215 520 2251 ἀμελεῖς
532 2217 690 2252 ποιήσομεν,
709 2219 956 2254 προφασιζομένους

1011 975 1063 1011 ipsi
1077 975 1164 1003 labem
1184 976 1286 1004 attulit.
1302 976 1338 1004 Ut
1351 981 1441 1005 autem
1469 978 1561 1013 populi
1576 978 1729 1007 doctrinam
1743 987 1793 1007 ne-

1010 1019 1153 1056 gligerent,
1167 1025 1196 1048 et
1206 1028 1284 1049 suam
1303 1022 1447 1050 utilitatem
1464 1022 1634 1057 praeferrent,
1661 1031 1711 1051 nec
1727 1031 1794 1060 apo-

1010 1067 1073 1095 stoli
1085 1067 1215 1098 fecerunt.
1228 1067 1342 1104 Magnus
1349 1069 1421 1097 enim
1428 1068 1540 1102 Paulus,
1552 1072 1696 1106 postquam
1707 1071 1794 1098 multa

1010 1117 1145 1141 tormenta
1168 1113 1309 1146 subiisset,
1337 1113 1494 1149 intelligens
1508 1115 1595 1142 multo
1607 1122 1669 1143 esse
1694 1115 1793 1143 melius

1009 1159 1093 1186 vitam
1108 1160 1273 1196 relinquere,
1285 1159 1382 1188 maluit
1391 1160 1482 1188 vivere
1497 1165 1524 1188 et
1539 1161 1660 1196 torqueri
1680 1160 1792 1197 propter

1010 1204 1124 1232 salutem
1140 1209 1167 1233 et
1181 1205 1331 1233 doctrinam
1345 1205 1448 1242 populi.
1477 1204 1566 1234 Sensu
1590 1213 1656 1241 ergo
1679 1206 1792 1233 omnino

1009 1253 1114 1282 carent,
1125 1250 1171 1285 qui
1187 1255 1282 1285 petunt
1298 1258 1407 1279 sacrum
1427 1251 1624 1283 ministerium,
1643 1258 1657 1278 a
1673 1259 1728 1287 quo
1741 1259 1791 1280 sua

1009 1299 1106 1331 sponte
1121 1296 1288 1325 exciderunt.
1304 1297 1446 1331 Quomodo
1461 1298 1534 1325 enim
1557 1300 1652 1332 petunt
1664 1297 1737 1332 quod
1749 1305 1793 1325 re-

1009 1341 1158 1376 liquerunt,
1174 1349 1237 1370 cum
1252 1343 1360 1378 possint
1372 1342 1399 1370 in
1411 1342 1463 1370 hac
1475 1346 1648 1377 tempestate,
1661 1349 1791 1378 persecu-

1009 1387 1092 1415 tionis
1105 1387 1220 1420 scilicet,
1236 1388 1370 1416 fratribus
1384 1395 1448 1416 esse
1459 1388 1563 1417 utiles?
1579 1387 1609 1415 Si
1622 1388 1715 1424 itaque
1736 1396 1792 1416 non

1009 1432 1182 1466 cecidissent,
1200 1433 1300 1469 inquit,
1317 1434 1378 1469 ejus
1394 1434 1468 1469 quod
1482 1438 1583 1467 praeter
1603 1434 1737 1462 rationem
1751 1434 1787 1462 τε

1010 1479 1122 1513 cissetk,
1138 1480 1179 1508 eis
1195 1479 1308 1508 daretur
1315 1481 1407 1515 venia,
1420 1486 1578 1515 spontanee
1597 1480 1702 1507 scilicet
1710 1479 1791 1515 fugai,

1008 1525 1051 1552 vel
1067 1525 1096 1553 in
1109 1524 1242 1554 fratribus
1254 1525 1385 1553 docendis
1397 1529 1424 1552 et
1439 1524 1635 1553 conﬁrmandis
1649 1525 1791 1552 socordiae.

1011 1571 1059 1599 Sin
1072 1575 1162 1599 autem
1174 1575 1286 1607 propter
1293 1578 1371 1599 suam
1386 1571 1559 1600 insolentiam
1572 1575 1598 1599 et
1609 1572 1792 1606 arrogantiam

1010 1618 1079 1653 lapsi
1096 1622 1160 1646 sunt
1173 1618 1182 1653 (
1197 1618 1251 1646 tale
1269 1618 1341 1646 enim
1353 1622 1395 1649 est
1409 1625 1438 1646 se
1453 1621 1556 1646 temere
1569 1619 1712 1646 tormentis
1724 1617 1796 1652 obji-

1009 1671 1072 1692 cere
1081 1663 1193 1696 audere,
1206 1671 1258 1691 nec
1272 1671 1354 1699 posse
1362 1664 1491 1696 tolerare,
1504 1669 1531 1692 et
1545 1668 1689 1699 propterea
1703 1663 1737 1692 de
1751 1665 1794 1692 eis

1008 1709 1164 1745 triumphus
1178 1714 1256 1738 actus
1281 1708 1345 1746 est).
1367 1717 1422 1737 non
1449 1715 1565 1745 possunt
1583 1710 1700 1746 amplius
1713 1716 1791 1738 sacra

1008 1754 1160 1783 ministeria
1167 1755 1254 1783 obire.
1262 1754 1444 1789 Quamobrem
1455 1756 1542 1792 magis
1549 1760 1646 1784 curent
1655 1756 1792 1792 quomodo

1008 1800 1208 1828 confessionem
1221 1799 1250 1827 in
1267 1800 1422 1828 humilitate
1449 1804 1590 1837 peragant,
1621 1805 1761 1829 cessantes
1776 1809 1793 1829 a

1007 1853 1077 1873 vana
1091 1846 1177 1882 gloria
1198 1853 1307 1874 sacrum
1322 1845 1506 1874 ministerium
1533 1846 1642 1882 petendi
1659 1856 1666 1874 :
1693 1846 1792 1875 suﬂicit

1007 1892 1079 1920 enim
1100 1892 1141 1919 eis
1157 1899 1219 1918 cum
1235 1890 1363 1919 fidelibus
1373 1885 1541 1924 communio,
1557 1899 1618 1928 qua:
1635 1892 1665 1920 fit
1681 1897 1792 1928 propter

1007 1938 1072 1970 duo,
1088 1936 1210 1973 diligenti
1225 1937 1352 1965 cautione
1367 1944 1497 1972 remoque
1510 1937 1638 1965 consilio.
1665 1937 1693 1965 Si
1719 1938 1792 1965 enim

1007 1984 1156 2012 dixerimus
1181 1991 1233 2011 nos
1255 1991 1304 2012 eos
1320 1991 1375 2011 non
1388 1984 1488 2012 habere
1500 1991 1550 2019 pro
1565 1984 1796 2011 communicanti-

1007 2031 1070 2063 bus,
1084 2035 1111 2058 et
1122 2037 1171 2058 eos
1185 2030 1310 2058 molestia
1325 2029 1475 2058 aﬂiciemns
1485 2034 1614 2066 tanquam
1629 2030 1792 2058 sententiam

988 2103 995 2109 ,
1009 2077 1137 2112 ferentes,
1152 2085 1211 2110 eos,
1229 2078 1266 2110 vi,
1285 2085 1334 2106 seu
1347 2077 1505 2110 mulctatos,
1520 2077 1585 2105 hinc
1603 2078 1727 2111 dissolvi,
1743 2085 1792 2106 seu

1007 2123 1094 2157 mori;
1109 2127 1137 2151 et
1151 2123 1220 2151 alios
1237 2130 1348 2158 quoque
1362 2122 1409 2158 qui
1439 2123 1555 2151 fortasse
1577 2123 1646 2158 lapsi
1671 2127 1749 2156 sunt,
1765 2127 1792 2151 et

1007 2170 1101 2198 volunt
1114 2168 1149 2197 ad
1164 2169 1237 2204 quod
1253 2169 1354 2196 bonum
1368 2173 1410 2196 est
1425 2168 1526 2201 redire,
1545 2169 1677 2197 remissos
1690 2169 1724 2196 ad
1739 2169 1791 2197 hoc

1006 2219 1033 2243 et
1043 2215 1208 2250 negligentes
1222 2213 1381 2247 elllciemus,
1398 2218 1545 2242 causantes
1555 2222 1585 2242 se
1599 2213 1724 2242 ﬁdelibus
1733 2222 1791 2242 non

172 2258 203 2286 τὸ
219 2259 256 2295 μὴ
271 2260 377 2294 μέλλειν
387 2261 486 2293 αὐτοὺς
499 2260 572 2289 εἶναι
585 2264 758 2296 κοινωνικοὺς
771 2266 827 2296 τοῖς
840 2267 954 2298 πιστοῖς,
971 2275 993 2302 ι)
1007 2269 1019 2289 ε

943 2276 954 2298 π,
971 2275 993 2302 ι)
1007 2268 1068 2290 esse
1082 2260 1335 2288 communicaturos
1348 2280 1356 2291 ,
1378 2260 1486 2287 etiamsi
1511 2264 1573 2295 post
1587 2259 1693 2296 lapsum
1709 2260 1790 2290 [idem

173 2303 225 2331 κᾶν
247 2305 433 2341 ὁμολογήσωσι
456 2307 506 2343 τὴν
530 2308 621 2336 πίστιν
642 2309 711 2344 μιτὰ
733 2310 784 2346 τὴν
801 2310 953 2338 ἔκπτωσιν·

173 2348 280 2382 οἵτινες,
295 2350 332 2386 μὴ
346 2351 567 2388 ἐπιστρέφοντες,
590 2354 668 2381 πλέον
681 2355 809 2383 ἁπάντων
829 2356 872 2383 ἵνα
886 2357 955 2384 ovu-

172 2393 282 2422 δισθῶσι
291 2396 338 2423 καὶ
347 2397 527 2432 αίσχυνθῶσιί
538 2399 611 2429 καθὰ
620 2400 652 2436 (Ῑ.
662 2400 743 2436 κατὰ)
749 2401 794 2428 τὸν
804 2402 954 2438 ποιήσαντα

173 2439 224 2474 μὲν
235 2438 374 2475 θεμέλιον,
390 2442 428 2479 μῂ
444 2443 626 2480 πληρώσαντα
636 2445 784 2481 δὲοῐκημα.
795 2446 888 2483 Τούτῳ
901 2448 954 2483 γὰρ

172 2484 291 2512 icimur
307 2487 332 2512 oi
353 2488 420 2523 πρὸς
437 2488 568 2524 βασάνους
584 2491 816 2528 αὐτομολήσαντες
840 2493 890 2528 μιν
910 2493 953 2521 διὰ

171 2529 288 2565 Χριστὸν
307 2531 356 2558 καὶ
374 2533 456 2560 οἱονεὶ
471 2534 554 2562 καλὸν
577 2534 686 2571 θέμενοι
699 2535 837 2571 θεμέλιον,
855 2536 892 2573 μὴ
906 2537 953 2564 δυ-

170 2575 297 2612 νηοωτις
310 2575 339 2603 δὲ
359 2577 501 2607 τελειῶσαι
514 2579 545 2607 se
566 2581 648 2609 καλὸν
671 2581 715 2609 διὰ
738 2583 787 2619 τὴν
807 2583 952 2611 ἔκπτωσιν.

171 2620 326 2656 Σημιιωσιαι
351 2620 414 2656 οὖν,
427 2625 469 2651 ὅτι
490 2626 550 2653 οὒδδ
572 2628 589 2663 ἡ
615 2627 660 2655 διὰ
687 2628 803 2663 Χριστὸν
825 2629 953 2664 ὁμολογία

170 2665 340 2703 ambis-rt}
353 2667 400 2695 τδν
419 2670 492 2702 ᾇπαξ
513 2673 547 2698 ἐκ
566 2672 615 2699 τοῦ
631 2673 732 2709 κλήρου
750 2674 953 2708 lugentum:

169 2711 215 2739 διὰ
229 2713 278 2748 τὴν
292 2713 437 2741 ἔκπτωσιν.

206 2796 221 2810 ι
236 2788 301 2818 Luc.
316 2790 426 2823 xxv,29.
442 2792 485 2819 30.

1006 2305 1126 2336 confessi
1140 2306 1240 2335 fuerint
1251 2316 1261 2334 ι
1273 2307 1321 2342 qui
1337 2307 1360 2334 si
1371 2314 1426 2334 non
1441 2309 1645 2340 convertantur,
1657 2306 1719 2342 plus
1727 2314 1791 2343 pro—

1006 2352 1049 2382 bri
1064 2358 1092 2381 et
1107 2353 1264 2388 ignominiae
1274 2359 1356 2387 quam
1363 2360 1458 2380 omnes
1467 2351 1649 2388 susceperint,
1658 2358 1756 2388 quem:
1761 2352 1791 2380 -1-

1005 2399 1116 2428 modurn
1129 2403 1157 2427 et
1171 2398 1218 2434 qui
1233 2398 1297 2427 fecit
1311 2397 1531 2430 fundamentum,
1561 2398 1673 2425 domum
1699 2402 1791 2427 autem

1006 2453 1062 2473 non
1073 2444 1195 2480 perfecit.
1205 2443 1236 2472 Ei
1248 2444 1322 2473 enim
1337 2446 1403 2472 sunt
1416 2443 1530 2475 similes,
1544 2443 1591 2479 qui
1604 2443 1636 2472 ad
1655 2448 1791 2472 tormenta

1006 2491 1115 2526 quidem
1136 2494 1248 2526 propter
1274 2488 1414 2518 Christum
1440 2488 1633 2524 confugerunt,
1657 2492 1684 2516 et
1706 2490 1790 2517 veluti

1007 2537 1120 2572 pulchro
1130 2536 1205 2570 jacto
1229 2535 1417 2568 fundamento,
1435 2534 1462 2562 id
1475 2534 1548 2570 quod
1574 2534 1719 2562 honestum
1736 2540 1788 2565 est.

1006 2581 1136 2617 perﬁcere
1146 2585 1257 2617 propter
1271 2581 1377 2617 lapsum
1391 2588 1444 2608 non
1461 2583 1620 2616 potuerunt.
1634 2579 1703 2608 Nota
1712 2587 1788 2616 ergo,

1006 2626 1077 2663 quod
1097 2634 1133 2654 ne
1154 2625 1293 2654 confessio
1309 2625 1417 2662 quidem
1431 2629 1541 2661 propter
1554 2625 1694 2654 Christum
1710 2626 1790 2654 resti-

1006 2676 1057 2700 tuit
1070 2680 1143 2705 eum,
1155 2671 1202 2708 qui
1215 2671 1299 2701 semel
1315 2679 1332 2700 a
1350 2671 1425 2699 clero
1441 2671 1611 2700 abalienatus
1625 2675 1668 2701 est
1677 2675 1789 2708 propter

1005 2719 1109 2755 lapsum
1114 2739 1122 2747 .

819 2854 933 2883 VARIE
951 2853 1152 2883 LECTIONES.

223 2906 246 2922 δ’
261 2906 374 2934 τέθεικε.

351 2955 488 2986 Panos.
509 2956 567 2989 GI.
592 2957 706 2988 Χιίιι.

1565 2959 1604 2990 16
