2145 3163
193 174 245 202 493

807 174 973 203 EPISTOLA
993 171 1178 201 CANONICA.

1753 174 1806 202 494

199 234 397 270 Ἔκσξήτησις
419 235 566 270 φερομένη
595 235 670 262 κατὰ
702 235 755 262 τοῦ
785 234 977 268 Μουζάλωνος
990 237 1011 262 Α

1002 237 1011 262 ι
1027 232 1161 267 Digrem'o
1177 239 1236 266 qum
1249 235 1305 258 tota
1325 231 1448 259 adversus
1469 231 1635 260 Huulonem
1651 233 1804 262 intenditur.

525 277 636 297 απασα.

235 324 472 359 Ἔπιοτησάτωσαν
484 324 514 351 δὲ
530 324 575 351 τὸν
590 325 652 351 νοῦν
670 325 725 356 τοῖς
740 324 814 360 παρὰ
830 324 876 351 τοῦ
895 325 977 360 μεγά-

194 370 240 396 λου
258 370 335 396 τοῦδε
354 371 460 406 Πατρὺς
476 371 522 397 καὶ
546 371 741 407 ίερομάρτυρος
763 372 914 406 εἰρημένοις
932 372 976 397 ὲν-

193 415 279 443 ταῦθα
299 416 324 441 oi
346 415 470 450 λέγοντες
486 416 613 443 δύνασθαι
635 417 697 448 τοὺς
720 417 856 453 ἀρχιερεῖς
880 426 978 452 παραι-

192 460 296 488 τεῖσθαι
318 461 367 493 τὰς
381 462 525 497 ἐκκλησίας
546 462 644 493 αὐτῶν,
667 463 714 490 καὶ
731 464 917 498 παρακρατεῖν
929 463 976 498 τὴν

194 506 351 542 ἱερωσύνην.
368 507 399 533 Εί
412 507 466 543 γὰρ
481 508 505 534 οἱ
525 508 591 543 πρὸς
604 509 745 544 ὁμολογίας
760 509 852 543 ἀγῶνα
870 510 977 540 ἑκόντες

192 552 361 588 ὁρμήσαντες
388 552 523 589 κληρικοὶ,
541 554 587 580 καὶ
609 555 783 586 κολασθέντες
801 556 848 582 καὶ⁸
866 556 903 591 μὴ
922 557 978 582 ἔπι-

194 599 343 634 μιίναντες,
357 599 425 627 ἀλλὰ
437 600 565 632 ἑνδόντες,
584 599 642 628 εἶτα
655 602 885 633 ἀναπαλαίσαντες
902 601 978 637 μόλις

191 644 330 678 ἀξιοῦνται
343 644 516 682 συγγνώμης,
530 647 569 679 εἰς
587 647 617 674 τὸ
634 647 684 682 τὴν
694 647 862 683 λειτουργίαν
877 647 978 674 ἀνασα-

191 690 259 717 λιῖν·
273 691 344 718 κατὰ
357 691 402 718 τδν
419 691 489 719 θεῖον
502 692 596 719 τοῦτον
611 692 731 729 Πατέρα,
743 692 819 719 οὐδὲν
832 692 924 728 ἓτερον
936 693 979 726 ὲγ-

192 735 362 772 καλούμενοι,
381 737 399 772 ἢ
416 737 446 763 τὸ
470 737 628 764 καταλιπεῖν
648 737 712 769 τοὺς
738 737 880 773 ἀδελφοὺς,
899 737 978 764 δυνά-

192 790 269 816 μενοι
283 782 374 814 αὐτοῖς
394 783 424 808 ὲν
441 782 528 818 καιρῷ
550 782 734 817 περιστάσεως
753 782 896 817 εὒχρηστοι
909 780 977 809 εἶναι

191 829 232 860 είς
246 828 276 855 τὸ
292 827 428 864 στηρίζειν
442 828 550 859 αὐτοὺς,
564 829 611 855 καὶ
624 828 708 855 ταῦτα
726 829 876 864 μαρτυρίας
895 828 978 860 ἀξιω-

191 873 292 906 Θέντες,
305 875 350 900 καὶ
361 874 396 900 τὰ
405 874 540 909 στίγματα
552 875 598 901 τοῦ
614 874 731 910 Χριστοῦ
743 875 773 900 ὲν
784 876 818 910 τῇ
833 875 914 910 σαρκὶ
928 874 978 901 αύ-

1060 321 1195 357 Adjiciant
1211 328 1292 355 porro
1314 321 1433 348 animum
1457 322 1491 349 iis
1504 329 1564 356 qua!
1583 323 1618 350 ab
1642 323 1694 350 hoc
1709 330 1809 358 magno

1026 366 1116 398 Patre,
1132 374 1164 394 ac
1179 371 1273 394 sancto
1291 369 1409 401 martyre
1425 365 1477 392 hoc
1491 366 1551 394 loco
1565 368 1646 394 allata
1662 371 1738 399 sunt,
1758 369 1806 402 qui

1026 413 1121 440 dicunt
1134 413 1271 448 episcopis
1287 413 1368 440 licere
1389 411 1520 440 ecclesias
1534 421 1598 441 suas
1613 413 1761 446 dimittere,
1773 421 1807 441 ac

1026 458 1170 485 sacerdotii
1186 458 1344 493 dignitatem
1370 457 1498 484 retinere.
1526 457 1630 485 Etenim
1657 459 1679 487 si
1700 460 1808 488 clericis

1026 503 1074 538 qui
1085 507 1182 538 sponte
1196 511 1226 530 se
1241 503 1385 531 certamini
1397 503 1580 531 confessionis
1596 505 1762 540 objecerant,
1775 513 1808 533 ac

1027 548 1169 576 tormentis
1184 548 1274 576 euecti
1289 549 1382 576 minus
1397 551 1556 577 constanter
1571 549 1743 583 obstiterant,
1753 551 1808 579 sed

1028 597 1171 629 postquam
1193 597 1344 626 cesserant,
1360 594 1389 622 in
1412 597 1549 622 certamen
1568 594 1743 624 redeuntibus
1762 596 1807 623 vis

1027 638 1187 666 conceditur
1201 639 1289 670 venia.
1301 638 1374 674 quod
1398 647 1507 667 sacrum
1530 640 1712 668 ministerium
1732 641 1810 670 obire

1027 683 1215 718 distulissent;
1239 691 1291 713 nec
1303 692 1337 712 ex
1361 685 1442 719 hujus
1463 685 1549 713 divini
1565 685 1655 714 Patris
1673 689 1809 716 sententia

1028 729 1175 766 quidquam
1189 729 1263 758 aliud
1276 731 1344 765 ipsis
1358 731 1498 765 objicitur,
1515 739 1597 767 quam
1616 732 1689 768 quod
1710 732 1808 761 fratres

1027 775 1222 808 deseruissent,
1239 783 1301 803 cum
1316 775 1437 804 adversis
1449 785 1481 804 ac
1500 779 1665 806 turbulentis
1679 779 1810 815 tempori-

1028 821 1079 850 bus
1094 828 1206 857 possent
1220 822 1286 857 ipsis
1304 823 1331 849 in
1355 821 1407 850 iide
1420 823 1613 852 conﬁrmandis
1633 832 1694 852 esse
1709 825 1807 858 utiles;

1028 865 1110 901 idque
1124 874 1185 894 cum
1213 871 1239 894 et
1253 867 1326 902 digni
1346 866 1432 894 habiti
1457 871 1549 896 essent
1563 868 1608 902 qui
1624 870 1808 898 testimonium

190 919 246 946 τῶν
269 920 477 955 περιφέροντες·
503 920 562 953 πῶς
587 921 730 957 ἀρχιερεὺς
750 921 796 947 καὶ
819 919 928 956 ποιμὴν,
947 919 977 951 ὃς
993 914 1013 942 Β

1002 914 1013 942 3
1028 912 1201 946 perhiberent
1215 911 1286 943 ﬁdei.
1302 915 1328 939 et
1344 912 1473 948 stigmata
1497 913 1599 941 Christi
1613 914 1640 942 in
1661 922 1711 943 sua
1725 923 1810 944 carne

191 963 292 997 ὀφείλει
304 964 406 992 τιθέναι
417 964 465 1000 τὴν
479 965 566 1001 ψυχὴν
581 966 650 1002 ὑπὲρ
662 966 715 992 τῶν
732 964 883 1000 προσάτων,
894 973 977 991 κατα-

191 1008 277 1036 λιπὼν
290 1010 339 1045 τὴν
354 1011 578 1046 ἐμπιστευθεῖσαν
591 1012 706 1047 ποίμνην
722 1010 806 1045 αὐτῷ,
821 1010 866 1037 καὶ
877 1018 977 1046 παραι-

192 1055 343 1090 τησάμενος
361 1057 412 1092 τὴν
432 1058 516 1093 αὐτῆς
535 1057 664 1093 φροντίδα
683 1058 730 1084 καὶ
749 1056 916 1092 ἐπιμέλειαν,
930 1055 977 1083 καὶ

191 1102 253 1128 ὅσον
277 1102 308 1128 τὸ
332 1104 391 1129 κατ’
412 1103 492 1130 αὑτὸν
513 1106 568 1136 τοῖς
589 1103 680 1136 λύκοις
696 1103 795 1139 ταύτην
812 1101 975 1133 ἐκδεδωκὼς,

191 1147 351 1182 ἀντέχεσθαι
366 1148 414 1183 τῆς
428 1149 595 1184 λειτουργίας
606 1149 709 1181 δίκαιος
719 1147 919 1184 λογισθήσεται,
931 1146 978 1173 καὶ

191 1193 222 1219 οὗ
241 1191 339 1226 μᾶλλον
367 1193 523 1229 βαρυτάτων
545 1195 688 1229 ἐπιτιμίων
709 1194 868 1230 κριθήσεται
893 1191 976 1225 ἄξιος.

191 1240 236 1267 διὰ
253 1243 300 1277 τὴν
320 1241 367 1268 τοῦ
390 1241 562 1272 ἀνατεθέντος
584 1241 658 1276 αὐτῷ
681 1241 746 1268 λαοῦ
773 1241 976 1276 ἐγκατάλειψινς

198 1287 278 1313 Ἀλλὰ
291 1287 337 1313 καὶ
349 1287 432 1322 γέρας
447 1287 515 1322 ὑπὲρ
537 1286 637 1322 ταύτης
651 1287 766 1322 αἰτήσει,
780 1287 796 1322 ἦ
816 1287 914 1321 μᾶλλον
930 1288 978 1314 αὐ-

191 1331 239 1363 τὸς
251 1332 338 1367 ἑαυτῷ
355 1332 482 1367 παρέξεν
503 1332 534 1358 τὸ
558 1332 607 1367 μὲν
630 1332 712 1358 κόπον
739 1332 883 1368 προξενοῦν
905 1332 978 1368 αὐτῷ

193 1378 418 1413 παραιτούμενος,
434 1378 483 1412 τὴν
497 1378 668 1405 διδασκαλίαν
689 1378 760 1413 φημὶ
783 1379 830 1405 καὶ
854 1378 902 1414 τὴν
923 1379 979 1404 τῶν

194 1425 385 1460 σνραλλομένων
398 1425 548 1461 διόρθωσιν,
561 1425 590 1451 τὸ
608 1424 635 1451 δὲ
653 1424 728 1456 δόξαν
746 1425 793 1451 καὶ
807 1426 888 1461 τιμὴν
901 1434 979 1461 περι-

193 1472 287 1500 ποιοῦν
310 1472 515 1507 παρακατέχων.
539 1471 585 1497 καὶ
607 1471 799 1505 οἰκειούμενος,
825 1471 872 1498 καὶ
886 1471 978 1498 τούτου

193 1519 277 1555 ἀπρὶξ
293 1519 428 1554 ἐχόμενος,
441 1518 488 1544 καὶ
506 1517 587 1552 μηδὲν
604 1517 806 1552 μεθιστάμενος.
823 1518 854 1544 Εἰ
867 1518 921 1553 γὰρ
933 1518 980 1544 ἐπὶ

192 1565 331 1601 κληρικῶν
358 1564 509 1600 παράλογος
530 1562 675 1598 ὡνομάσϐη
696 1563 803 1597 πρᾶξις,
822 1563 852 1589 τὸ
873 1563 978 1591 καταλι-
992 1583 1013 1610 c

193 1612 254 1637 πεῖν
265 1611 310 1636 τὸν
332 1610 404 1640 λαὸν,
421 1610 468 1636 καὶ
487 1609 554 1644 πρὸς
571 1608 615 1634 τὸν
630 1608 699 1642 ὑπὲρ
709 1607 848 1639 εὐσεϐείας
865 1608 979 1643 αὐτομο-

193 1656 272 1691 λῆσαι
287 1656 378 1689 ἀγῶνα
387 1663 394 1670 ο
409 1655 483 1690 πόσῳ
497 1654 576 1680 πλέον
589 1653 813 1689 παραλογώτερον
826 1653 859 1680 ἂν
873 1653 977 1689 κριθείη

194 1702 241 1728 ἐπὶ
264 1701 412 1728 ἐπισκόπου
434 1700 627 1731 καταλιπόντος
654 1699 700 1725 τὸν
721 1700 821 1726 οἰκεῖον
835 1699 908 1729 λαὸν,
931 1700 979 1726 καὶ

193 1747 225 1773 ού
241 1747 308 1781 πρὸς
331 1745 422 1780 ἀγῶνα
448 1744 607 1780 χωροῦντος.
635 1744 702 1780 πρὸς
723 1743 862 1780 ῥᾳστώνην
883 1744 911 1770 δὲ
934 1744 980 1770 καὶ

195 1792 354 1821 ἀνάπαυσιν,
363 1792 410 1818 καὶ
420 1790 566 1826 φροντίδων
580 1790 648 1825 ὑπὲρ
658 1789 790 1824 ὡφελείας
804 1789 897 1824 ψυχῶν
914 1790 980 1816 ἀπό-

195 1838 268 1864 θεσιν
282 1838 330 1864 καὶ
341 1837 504 1872 ἀπόδρασινς
518 1837 572 1863 Καὶ
588 1837 602 1862 ὁ
615 1839 651 1868 ις’
665 1835 692 1862 δὲ
706 1835 794 1862 κανὼν
804 1836 853 1871 τῆς
864 1836 979 1871 ἑϐδόμης

195 1885 384 1920 οἱκουμενικῆς
407 1883 514 1910 συνόδου
536 1883 634 1918 πολλὴν
650 1883 812 1918 ἀϐελτηρίαν
835 1883 981 1918 κατηγορεῖ

195 1930 249 1956 τῶν
264 1929 453 1965 ψηφιζομένων
465 1928 591 1955 δύνασθαι
617 1929 679 1960 τοὺς
704 1929 841 1964 ἀρχιερεῖς
861 1929 908 1960 τὰς
926 1929 981 1954 ἐπι-

196 1976 299 2008 σκοπὰς
311 1975 509 2011 παραιτεῖσθαι,
521 1976 570 2010 τὴν
581 1976 609 2002 δὲ
624 1975 772 2010 ἱερωσύνην
785 1977 978 2011 παρακροτεῖν.

197 2023 228 2049 El
240 2023 292 2058 γὰρ
303 2023 374 2050 κατὰ
386 2023 432 2050 τὸν
443 2024 585 2059 εἰρημένον
600 2024 698 2050 κανόνα
712 2025 726 2050 ὁ
737 2024 893 2055 ἐπίσκοπος,
911 2024 981 2060 ὑπὲρ

196 2068 226 2094 τὺ
241 2069 372 2103 ἑξάμηνον
389 2069 437 2103 τῆς
453 2069 556 2101 οἰκείας
574 2069 751 2105 ἀποδημήσας
772 2069 922 2104 ἐπισκοπῆς
937 2069 981 2105 [ἂν

199 2113 247 2150 μὴ]
266 2115 328 2149 μιᾶς
346 2114 399 2140 τῶν
417 2115 651 2151 ἀπηριθμημένων
670 2116 699 2141 ἐν
718 2114 792 2150 αύτῷ
815 2115 918 2147 αἰτιῶν,
935 2116 981 2142 καὶ¹

196 2161 245 2195 τῆς
260 2162 409 2196 ἐπισκοπῆς
424 2162 472 2188 καὶ
487 2162 535 2196 τῆς
557 2162 760 2197 ἀρχιερωσύνης
782 2162 919 2194 ἐκπίπτει,
935 2163 981 2188 καὶ

197 2206 296 2240 ἀμφοῖν
308 2206 483 2242 ἠλλοτρίωται
492 2215 499 2221 ·
513 2206 571 2238 πῶς
582 2207 596 2233 ὀ
608 2207 843 2242 παραιτησάμενος
857 2207 906 2242 τὴν
923 2207 982 2233 ἐπι-

199 2252 310 2287 σκοπὴν,
322 2253 369 2278 καὶ
381 2252 570 2287 ἀπαγορεύσας
587 2252 682 2287 μηκέτι
698 2251 849 2286 ποιμαίνειν
861 2251 891 2277 τὸ
900 2252 981 2286 ὲμπι-
998 2253 1018 2279 D

198 2297 307 2325 στευθέν
333 2298 406 2333 αὐτῷ
434 2299 566 2334 ποίμνιον,
583 2299 629 2324 καὶ
653 2297 702 2332 τῆς
725 2297 818 2323 τούτου
844 2297 981 2332 φροντίδος

198 2343 242 2370 διὰ
257 2343 315 2378 βίου
332 2345 548 2380 καταφρονήσας,
563 2344 604 2379 εἴη
626 2343 659 2370 ἂν
679 2343 838 2378 ἀρχιερεύς;
857 2343 887 2369 Et
901 2343 954 2378 γὰρ
967 2345 982 2369 ὀ

197 2388 229 2415 τὺ
241 2386 320 2424 ἧττον
333 2389 505 2424 ἁμαρτάνων,
521 2389 551 2416 τὸ
567 2389 611 2415 ἐπὶ
631 2388 710 2415 πλέον
728 2388 901 2423 ἑξαμηνιαίου
923 2397 982 2414 και-

201 2433 246 2469 ροῦ
267 2435 423 2461 καταλιπεῖν
446 2435 490 2461 τδν
517 2435 562 2462 ὑπ’
581 2435 660 2461 αὑτὸν
684 2434 747 2460 λαὸν
769 2433 933 2468 ἀποίμαντόν
953 2442 981 2459 τε

199 2481 246 2507 καὶ
252 2480 429 2515 ἀτημέλητον,
439 2480 573 2507 ἐκπτώσει
596 2481 642 2506 καὶ
654 2480 703 2515 τῆς
715 2478 867 2514 ἐπισκοπῆς
881 2480 926 2505 καὶ
933 2479 982 2514 τῆς

200 2525 347 2562 ἱερωσύνης
359 2527 502 2561 ἀφίσταται
521 2536 527 2542 ·
542 2529 556 2554 ό
571 2526 600 2554 τὸ
613 2526 709 2562 μᾶλλον
724 2527 770 2552 καὶ
790 2526 820 2552 τὸ
833 2525 984 2552 πολλαπλά-

200 2580 256 2598 σιον
274 2571 451 2606 πλημμελῶν,
475 2573 505 2599 τὸ
527 2573 559 2599 δι’
574 2573 634 2599 ὅλου
651 2571 808 2599 καταλιπεῖν
829 2570 863 2597 τὰ
883 2571 982 2606 πλήθη,

199 2617 271 2651 ἅπερ
288 2616 362 2651 αὐτῷ
374 2617 530 2644 ἐπισκοπεῖν
543 2627 572 2644 τε
585 2619 630 2644 καὶ
643 2618 708 2653 όρᾷν
721 2618 736 2652 ἡ
751 2617 797 2642 τοῦ
812 2617 882 2643 θείου
898 2617 985 2644 Πνεύ-

203 2672 285 2699 ματος
307 2663 386 2698 χάρις
408 2663 526 2695 ἀνέθετο,
554 2663 652 2699 μᾶλλον
669 2663 701 2689 ἂν
726 2662 768 2697 εἴη
791 2663 894 2694 δίκαιος
919 2669 984 2695 σφο-

199 2708 323 2744 δρότερον
339 2706 560 2740 κολασθήσεσθαι,
577 2707 623 2733 καὶ
649 2706 758 2741 μείζονα
782 2705 914 2740 τιμωρίαν
933 2705 983 2738 ὑφ-

202 2752 272 2786 έξειν
281 2753 331 2788 τῆς
339 2754 400 2779 ὅσον
414 2751 457 2778 ἐπ’
468 2752 563 2787 ἐκείνῳ
576 2752 711 2783 ἀπωλείας
726 2751 861 2785 ⁸ποιμνίου,
879 2747 908 2776 οὗ
923 2758 985 2785 προ-

202 2799 337 2834 εχειρίσθη
353 2797 451 2833 ποιμὴν
464 2797 538 2833 παρὰ
548 2797 594 2824 τοῦ
618 2797 724 2834 πρώτου
738 2798 784 2824 καὶ
800 2795 915 2831 μεγάλου
933 2796 983 2830 ὰρ-

202 2845 314 2882 χιερέως
325 2845 371 2871 καὶ
385 2843 584 2880 ἁρχιποιμὲνος,
597 2843 629 2869 Οἱ
643 2843 671 2870 δὲ
687 2843 733 2869 καὶ
746 2844 829 2878 γέρας
847 2841 920 2877 αύτῷ
939 2841 984 2867 καὶ

192 2887 379 2928 Δὰμοιδὴντῆς
395 2889 582 2925 παραιτήσεως
599 2888 823 2923 ἑπιψηφιζόμενοι
844 2887 893 2922 τὴν
908 2887 984 2923 ἱερω-

1026 957 1233 985 circuml'errent
1247 967 1254 985 :
1271 964 1389 992 quonam
1406 958 1487 985 modo
1502 966 1628 988 summus
1642 961 1772 989 sacerdos
1782 967 1810 990 et

1026 1009 1129 1039 pastor,
1145 1004 1192 1039 qui
1214 1011 1264 1039 pro
1284 1005 1382 1032 ovibus
1399 1003 1479 1032 debet
1493 1006 1611 1032 animam
1628 1014 1740 1041 ponere.
1761 1008 1809 1036 de-

1027 1054 1100 1076 serto
1116 1057 1196 1085 grege
1215 1049 1267 1077 sibi
1286 1051 1445 1084 commisso,
1463 1053 1576 1087 ejusque
1597 1060 1663 1080 cura
1677 1058 1704 1081 et
1719 1054 1809 1082 admi-

1028 1095 1190 1123 nistratione
1211 1096 1362 1130 repudiata,
1380 1102 1408 1124 et
1423 1102 1554 1132 quantum
1574 1099 1684 1134 quidem
1705 1101 1733 1127 in
1747 1101 1809 1137 ipso

1027 1146 1069 1168 est
1081 1148 1115 1169 eo
1127 1142 1198 1176 lupis
1211 1142 1329 1176 prodito.
1346 1143 1444 1178 dignus
1456 1144 1594 1178 putabitur
1607 1145 1653 1180 qui
1669 1147 1741 1173 sacri
1757 1147 1807 1174 mi~

1028 1187 1134 1215 nisterii
1161 1187 1320 1223 dignitatem
1350 1190 1484 1221 retineat,
1508 1198 1540 1218 ac
1558 1198 1613 1218 non
1639 1192 1809 1222 gravissimis

1028 1234 1119 1269 potius
1134 1234 1223 1268 plenis
1236 1234 1308 1268 quod
1325 1235 1375 1262 sibi
1387 1235 1605 1264 commendatum
1620 1237 1748 1272 populum
1761 1238 1809 1266 de-

1028 1279 1156 1310 seruerit,
1174 1279 1347 1307 mulctandus
1361 1288 1423 1308 esse
1434 1281 1620 1314 judicahitur?
1635 1282 1706 1315 Quin
1718 1283 1810 1318 potius

1028 1325 1063 1352 ob
1079 1333 1138 1353 eam
1161 1333 1218 1352 rem
1237 1327 1377 1361 prtemium
1399 1327 1539 1362 deposcet,
1555 1329 1609 1355 imo
1625 1329 1677 1356 sibi
1694 1329 1811 1364 ipsemet

1002 1366 1008 1371 ’
1029 1370 1229 1405 suppeditabit;
1251 1372 1322 1407 quod
1335 1372 1444 1407 quidem
1466 1373 1585 1401 laborem
1600 1374 1652 1409 ipsi
1667 1374 1745 1402 all'ert
1766 1382 1810 1402 re-

1029 1423 1141 1447 cusans.
1168 1416 1282 1447 docendi
1307 1417 1432 1445 videlicet
1458 1426 1557 1446 munus
1579 1419 1699 1455 vitiaque
1722 1421 1810 1448 corri-

1030 1461 1127 1496 gendi;
1151 1462 1224 1496 quod
1238 1469 1302 1489 vero
1319 1462 1432 1497 gloriam
1453 1470 1485 1490 ac
1502 1463 1585 1491 decus
1601 1464 1730 1491 conciliat
1752 1472 1811 1492 am-

1030 1508 1161 1542 plectens,
1178 1507 1284 1543 sibique
1309 1509 1458 1541 asciscens,
1483 1510 1674 1545 mordicusque
1697 1510 1724 1538 id
1746 1512 1811 1538 reti-

1031 1561 1108 1585 nens,
1133 1561 1222 1589 neque
1237 1554 1278 1581 vel
1291 1555 1428 1582 tantillum
1453 1556 1606 1584 remittens.
1625 1555 1654 1583 Si
1670 1557 1742 1584 enim
1766 1557 1811 1584 ubi

1029 1598 1063 1626 de
1077 1599 1186 1626 clericis
1206 1603 1248 1627 est
1271 1608 1371 1632 sermo,
1391 1601 1463 1628 actio
1486 1602 1585 1630 rationi
1605 1603 1707 1630 absona
1724 1603 1812 1630 nomi-

1028 1647 1091 1670 nata
1106 1644 1142 1671 sit
1153 1643 1277 1671 deserere
1297 1645 1438 1679 populum,
1455 1649 1536 1680 atque
1550 1646 1584 1672 ad
1601 1651 1738 1674 certamen
1753 1648 1811 1682 pie-

1028 1689 1092 1715 tatis
1107 1696 1191 1716 causa
1213 1690 1422 1724 transmigrare;
1443 1695 1548 1724 quanto
1569 1690 1594 1717 id
1617 1690 1702 1725 magis
1724 1700 1740 1718 a
1766 1699 1810 1719 ra-

1029 1734 1102 1762 tione
1118 1734 1236 1761 alienum
1259 1735 1286 1762 in
1305 1735 1434 1770 episcopo
1450 1736 1628 1770 judicabitur,
1651 1736 1698 1771 qui
1724 1745 1810 1773 popu-

1030 1780 1085 1807 lum
1099 1788 1178 1807 suum
1199 1781 1309 1812 deserit,
1326 1789 1381 1808 non
1397 1786 1427 1808 ut
1443 1781 1476 1808 ad
1490 1787 1627 1810 certamen
1643 1782 1746 1814 tendat,
1763 1784 1810 1811 sed

1030 1828 1060 1851 ut
1074 1826 1157 1861 quieti
1169 1833 1199 1853 se
1217 1818 1249 1853 ac
1269 1826 1422 1853 remissioni
1437 1826 1539 1857 tradat,
1555 1834 1690 1862 curasque
1704 1835 1753 1862 pro
1767 1836 1811 1855 sa-

1031 1873 1088 1900 lute
1102 1872 1254 1900 animarum
1268 1871 1386 1907 deponat
1398 1879 1429 1898 ac
1443 1871 1564 1908 eﬂ‘miat.
1577 1872 1704 1900 Decimus
1718 1879 1811 1901 sextus

1031 1927 1140 1954 quoque
1155 1926 1243 1946 canon
1266 1918 1387 1952 saptimaa
1404 1918 1580 1945 mcumeniraa
1600 1918 1707 1953 synodi,
1723 1919 1813 1946 stulti-

1033 1966 1078 1992 tia‘.
1090 1964 1208 2000 graviter
1224 1968 1333 1991 accusat
1345 1971 1393 1991 eos
1407 1963 1453 1998 qui
1470 1964 1504 1991 ab
1515 1964 1655 1999 episcopo,
1671 1965 1814 1999 repudiato

1032 2012 1202 2046 episcopatu,
1215 2010 1285 2037 sacri
1296 2009 1439 2036 ministerii
1450 2009 1609 2044 dignitatem
1617 2010 1814 2046 retineriposse

1032 2058 1190 2084 decernunt.
1210 2055 1238 2082 Si
1257 2063 1374 2090 namque
1390 2063 1424 2082 ex
1439 2056 1552 2083 canonis
1575 2055 1650 2082 allati
1665 2057 1812 2088 sententia,

1031 2103 1175 2138 cpiscopus
1190 2102 1237 2137 qui
1251 2101 1321 2128 ultra
1338 2105 1469 2128 semestre
1485 2104 1593 2136 tempus
1612 2109 1627 2128 a
1643 2109 1693 2128 suo
1706 2101 1814 2137 episco-

1032 2154 1094 2184 patu
1113 2148 1240 2179 abfuerit,
1258 2148 1309 2175 nisi
1328 2154 1383 2174 una
1406 2147 1497 2182 aliqua
1512 2155 1545 2174 ex
1567 2147 1600 2175 iis
1618 2155 1678 2182 qua‘
1702 2148 1738 2174 ibi
1762 2156 1814 2174 nu-

1032 2199 1183 2226 merantur.
1209 2202 1293 2221 causa
1322 2193 1522 2222 intercesserit.
1547 2197 1574 2221 et
1603 2195 1762 2228 episcopatu
1786 2197 1813 2220 et

1033 2239 1131 2266 summi
1143 2238 1289 2265 sacerdotii
1305 2237 1436 2273 dignitate
1451 2238 1563 2269 excidit,
1584 2245 1616 2265 ac
1630 2242 1746 2273 utroque
1757 2239 1814 2273 pri-

1033 2290 1130 2312 ratur:
1144 2292 1261 2320 quonam
1277 2286 1356 2312 modo
1373 2286 1419 2320 qui
1441 2285 1593 2320 repudiavit
1615 2285 1814 2320 episcopatum,

1033 2331 1219 2367 creditumque
1233 2332 1284 2358 sibi
1298 2340 1405 2367 gregem
1421 2332 1509 2359 adhuc
1520 2334 1631 2366 pascere
1641 2332 1751 2358 omnino
1765 2331 1815 2358 ab-

1034 2379 1102 2410 nuit,
1117 2378 1232 2413 ejusque
1246 2386 1340 2405 curam
1356 2378 1452 2406 inertis
1465 2379 1526 2406 vita:
1542 2378 1633 2405 studio
1652 2379 1813 2409 contemnit.

1034 2425 1122 2452 adhuc
1141 2426 1168 2452 in
1186 2426 1376 2460 episcoporum
1396 2432 1512 2452 numero
1531 2424 1693 2451 habebitur?
1706 2423 1813 2451 Etenim

1034 2471 1056 2497 si
1073 2471 1120 2504 qui
1139 2471 1230 2498 minus
1250 2470 1394 2505 delinquit,
1416 2475 1445 2498 ut
1470 2471 1540 2497 ultra
1555 2473 1687 2497 semestre
1708 2473 1816 2504 tempus

1034 2517 1184 2549 subiectum
1210 2517 1262 2544 sibi
1285 2517 1412 2552 populum
1434 2516 1548 2551 pastoris
1571 2523 1636 2543 cura
1653 2519 1680 2542 et
1699 2514 1816 2542 admini-

1035 2563 1165 2590 stratione
1180 2563 1341 2590 destitutum
1363 2562 1509 2596 relinquat.
1527 2562 1702 2596 episcopatus
1725 2564 1752 2588 et
1771 2568 1816 2588 sa-

1034 2616 1088 2636 crae
1100 2608 1241 2643 dignitatis
1255 2608 1433 2643 privationem
1446 2608 1577 2640 incurrit;
1593 2607 1639 2642 qui
1654 2607 1681 2633 in
1700 2606 1814 2641 eoquod

1034 2654 1123 2689 majus
1143 2658 1170 2681 et
1189 2654 1283 2681 multis
1305 2654 1428 2689 partibus
1451 2653 1563 2688 gravius
1586 2657 1638 2683 est.
1658 2654 1762 2687 peccat,
1787 2655 1816 2678 ut

1035 2701 1236 2729 multitudinem
1249 2709 1330 2736 quam
1340 2701 1391 2736 ipsi
1407 2699 1555 2727 curandam
1570 2704 1597 2727 et
1607 2697 1814 2727 custodiendam

1036 2747 1122 2774 sancti
1143 2745 1261 2780 Spiritus
1281 2746 1368 2781 gratia
1391 2745 1538 2775 commisit.
1561 2743 1673 2771 omnino
1691 2742 1815 2772 deserat;

1036 2792 1132 2819 merito
1147 2793 1226 2827 plane
1246 2791 1374 2826 punietur
1387 2790 1586 2819 vehementius,
1610 2787 1818 2823 graviorcmque

1035 2846 1142 2873 pmnam
1158 2838 1304 2873 persolvet,
1318 2837 1426 2872 perditi,
1442 2835 1514 2871 quod
1529 2836 1556 2862 in
1573 2835 1632 2870 ipse
1647 2837 1700 2864 est.
1716 2839 1815 2868 gregis,

1035 2885 1114 2920 cujus
1127 2884 1184 2920 ipse
1198 2890 1290 2919 pastor
1301 2891 1316 2910 a
1331 2884 1463 2919 primario
1480 2883 1526 2910 illo
1538 2889 1569 2909 ac
1584 2888 1712 2916 supremo
1725 2885 1819 2907 sacer-
