  <div class='ocr_page' id='page_1' title='image "/cluster/home/n/w/nwhite01/storage/ocr_20150623/18/njp.32101064224536/289.png"; bbox 0 0 2145 3163; ppageno 0'>
   <div class='ocr_carea' id='block_1_1' title="bbox 362 175 1966 201">
    <p class='ocr_par' dir='ltr' id='par_1_1' title="bbox 362 175 1966 201">
     <span class='ocr_line' id='line_1_1' title="bbox 362 175 1966 201; baseline 0.002 -5"><span class='ocrx_word' id='word_1_1' title='bbox 362 175 1966 201; x_wconf 59' lang='lat' dir='ltr'><strong><em>12m</em></strong></span> 
     </span>
    </p>
   </div>
   <div class='ocr_carea' id='block_1_2' title="bbox 953 262 1386 284">
    <p class='ocr_par' dir='ltr' id='par_1_2' title="bbox 953 262 1386 284">
     <span class='ocr_line' id='line_1_2' title="bbox 953 262 1386 284; baseline 0.002 -2"><span class='ocrx_word' id='word_1_2' title='bbox 953 262 1022 282; x_wconf 68' lang='lat' dir='ltr'><strong><em>ANNO</em></strong></span> <span class='ocrx_word' id='word_1_3' title='bbox 1035 262 1128 282; x_wconf 71' lang='lat' dir='ltr'><strong><em>DOIINI</em></strong></span> <span class='ocrx_word' id='word_1_4' title='bbox 1148 263 1386 284; x_wconf 59' lang='lat' dir='ltr'><strong><em>CCCXIIDGCCXXVI.</em></strong></span> 
     </span>
    </p>
   </div>
   <div class='ocr_carea' id='block_1_3' title="bbox 677 342 1692 457">
    <p class='ocr_par' dir='ltr' id='par_1_3' title="bbox 677 342 1692 457">
     <span class='ocr_line' id='line_1_3' title="bbox 677 342 1692 457; baseline 0 0"><span class='ocrx_word' id='word_1_5' title='bbox 677 350 782 457; x_wconf 92' lang='lat' dir='ltr'><strong><em>S.</em></strong></span> <span class='ocrx_word' id='word_1_6' title='bbox 865 342 1692 457; x_wconf 82' lang='lat' dir='ltr'><strong><em>ALEXANDEB.</em></strong></span> 
     </span>
    </p>
   </div>
   <div class='ocr_carea' id='block_1_4' title="bbox 496 527 1816 634">
    <p class='ocr_par' dir='ltr' id='par_1_4' title="bbox 496 527 1816 634">
     <span class='ocr_line' id='line_1_4' title="bbox 496 527 1816 634; baseline 0.002 -26"><span class='ocrx_word' id='word_1_7' title='bbox 496 528 1011 634; x_wconf 83' lang='lat' dir='ltr'><strong><em>EPISCOPUS</em></strong></span> <span class='ocrx_word' id='word_1_8' title='bbox 1077 527 1465 606; x_wconf 88' lang='lat' dir='ltr'><strong><em>ALEXAN</em></strong></span> <span class='ocrx_word' id='word_1_9' title='bbox 1467 531 1691 608; x_wconf 83' lang='lat' dir='ltr'><strong><em>DRIN</em></strong></span> <span class='ocrx_word' id='word_1_10' title='bbox 1699 531 1816 610; x_wconf 90' lang='lat' dir='ltr'><strong>US</strong></span> 
     </span>
    </p>
   </div>
   <div class='ocr_carea' id='block_1_5' title="bbox 1018 752 1317 810">
    <p class='ocr_par' dir='ltr' id='par_1_5' title="bbox 1018 752 1317 810">
     <span class='ocr_line' id='line_1_5' title="bbox 1018 752 1317 810; baseline 0 0"><span class='ocrx_word' id='word_1_11' title='bbox 1018 752 1317 810; x_wconf 87' lang='lat' dir='ltr'><strong><em>NOTITIA</em></strong></span> 
     </span>
    </p>
   </div>
   <div class='ocr_carea' id='block_1_6' title="bbox 757 862 1556 900">
    <p class='ocr_par' dir='ltr' id='par_1_6' title="bbox 757 862 1556 900">
     <span class='ocr_line' id='line_1_6' title="bbox 757 862 1556 900; baseline 0 -10"><span class='ocrx_word' id='word_1_12' title='bbox 757 865 900 896; x_wconf 60' lang='lat' dir='ltr'><strong><em>(Gutum,</em></strong></span> <span class='ocrx_word' id='word_1_13' title='bbox 912 865 1028 890; x_wconf 79' lang='lat' dir='ltr'><strong><em>Veterum</em></strong></span> <span class='ocrx_word' id='word_1_14' title='bbox 1038 864 1142 888; x_wconf 83' lang='lat' dir='ltr'><strong><em>Patrum</em></strong></span> <span class='ocrx_word' id='word_1_15' title='bbox 1155 862 1269 895; x_wconf 81' lang='lat' dir='ltr'><strong><em>Biblioh.,</em></strong></span> <span class='ocrx_word' id='word_1_16' title='bbox 1283 865 1323 896; x_wconf 82' lang='lat' dir='ltr'><strong><em>IV,</em></strong></span> <span class='ocrx_word' id='word_1_17' title='bbox 1336 865 1446 898; x_wconf 77' lang='lat' dir='ltr'><strong><em>Proleg.,</em></strong></span> <span class='ocrx_word' id='word_1_18' title='bbox 1458 873 1481 898; x_wconf 88' lang='lat' dir='ltr'><strong><em>p.</em></strong></span> <span class='ocrx_word' id='word_1_19' title='bbox 1495 868 1556 900; x_wconf 81' lang='lat' dir='ltr'><strong><em>xix.)</em></strong></span> 
     </span>
    </p>
   </div>
   <div class='ocr_carea' id='block_1_7' title="bbox 354 975 1970 1040">
    <p class='ocr_par' dir='ltr' id='par_1_7' title="bbox 354 975 1970 1040">
     <span class='ocr_line' id='line_1_7' title="bbox 354 975 1970 1040; baseline 0 -35"><span class='ocrx_word' id='word_1_20' title='bbox 354 978 374 1005; x_wconf 94' lang='lat' dir='ltr'><strong><em>I.</em></strong></span> <span class='ocrx_word' id='word_1_21' title='bbox 390 977 539 1040; x_wconf 55' lang='lat' dir='ltr'><strong><em>A‘lezander</em></strong></span> <span class='ocrx_word' id='word_1_22' title='bbox 561 978 588 1004; x_wconf 85' lang='lat' dir='ltr'><strong><em>in</em></strong></span> <span class='ocrx_word' id='word_1_23' title='bbox 598 976 656 1004; x_wconf 75' lang='lat' dir='ltr'><strong><em>sede</em></strong></span> <span class='ocrx_word' id='word_1_24' title='bbox 669 977 850 1004; x_wconf 73' lang='lat' dir='ltr'><strong><em>Alexandrina</em></strong></span> <span class='ocrx_word' id='word_1_25' title='bbox 874 985 1009 1004; x_wconf 70' lang='lat' dir='ltr'><strong><em>successor</em></strong></span> <span class='ocrx_word' id='word_1_26' title='bbox 1035 975 1155 1005; x_wconf 68' lang='lat' dir='ltr'><strong><em>Achilla.</em></strong></span> <span class='ocrx_word' id='word_1_27' title='bbox 1173 977 1238 1012; x_wconf 77' lang='lat' dir='ltr'><strong><em>Ejus</em></strong></span> <span class='ocrx_word' id='word_1_28' title='bbox 1265 977 1369 1004; x_wconf 67' lang='lat' dir='ltr'><strong><em>eximite</em></strong></span> <span class='ocrx_word' id='word_1_29' title='bbox 1392 977 1476 1004; x_wconf 75' lang='lat' dir='ltr'><strong><em>dotes.</em></strong></span> <span class='ocrx_word' id='word_1_30' title='bbox 1502 976 1610 1004; x_wconf 73' lang='lat' dir='ltr'><strong><em>Primus</em></strong></span> <span class='ocrx_word' id='word_1_31' title='bbox 1630 977 1723 1004; x_wconf 78' lang='lat' dir='ltr'><strong><em>Arium</em></strong></span> <span class='ocrx_word' id='word_1_32' title='bbox 1748 976 1845 1004; x_wconf 71' lang='lat' dir='ltr'><strong><em>detexit</em></strong></span> <span class='ocrx_word' id='word_1_33' title='bbox 1862 977 1970 1006; x_wconf 57' lang='lat' dir='ltr'><strong><em>damno</em></strong></span> 
     </span>
     <span class='ocr_line' id='line_1_8' title="bbox 386 1021 481 1040; baseline 0.011 -1"><span class='ocrx_word' id='word_1_34' title='bbox 386 1022 409 1040; x_wconf 86' lang='grc' dir='ltr'>υι</span> <span class='ocrx_word' id='word_1_35' title='bbox 423 1021 481 1040; x_wconf 89' lang='lat' dir='ltr'><strong><em>aue.</em></strong></span> 
     </span>
    </p>
   </div>
   <div class='ocr_carea' id='block_1_8' title="bbox 386 1021 481 1040">
    <p class='ocr_par' dir='ltr' id='par_1_8' title="bbox 386 1021 481 1040">
     <span class='ocr_line' id='line_1_9' title="bbox 386 1021 481 1040; baseline 0 0"><span class='ocrx_word' id='word_1_36' title='bbox 386 1021 481 1040; x_wconf 76' lang='lat' dir='ltr'><strong><em>imaue.</em></strong></span> 
     </span>
    </p>
   </div>
   <div class='ocr_carea' id='block_1_9' title="bbox 353 1022 1740 1093">
    <p class='ocr_par' dir='ltr' id='par_1_9' title="bbox 353 1022 1740 1093">
     <span class='ocr_line' id='line_1_10' title="bbox 386 1022 481 1040; baseline 0 0"><span class='ocrx_word' id='word_1_37' title='bbox 386 1022 421 1040; x_wconf 80' lang='grc' dir='ltr'>υιι</span> <span class='ocrx_word' id='word_1_38' title='bbox 440 1022 481 1040; x_wconf 89' lang='lat' dir='ltr'><strong><em>ue.</em></strong></span> 
     </span>
     <span class='ocr_line' id='line_1_11' title="bbox 353 1022 1740 1093; baseline -0.001 -7"><span class='ocrx_word' id='word_1_39' title='bbox 353 1059 385 1086; x_wconf 96' lang='lat' dir='ltr'><strong><em>ll.</em></strong></span> <span class='ocrx_word' id='word_1_40' title='bbox 402 1022 548 1086; x_wconf 41' lang='lat' dir='ltr'><strong><em>Alexandri</em></strong></span> <span class='ocrx_word' id='word_1_41' title='bbox 557 1059 675 1086; x_wconf 80' lang='lat' dir='ltr'><strong><em>studium</em></strong></span> <span class='ocrx_word' id='word_1_42' title='bbox 691 1058 720 1085; x_wconf 83' lang='lat' dir='ltr'><strong><em>in</em></strong></span> <span class='ocrx_word' id='word_1_43' title='bbox 732 1058 826 1084; x_wconf 61' lang='lat' dir='ltr'><strong><em>heresi</em></strong></span> <span class='ocrx_word' id='word_1_44' title='bbox 838 1058 940 1085; x_wconf 82' lang='lat' dir='ltr'><strong><em>Ariana</em></strong></span> <span class='ocrx_word' id='word_1_45' title='bbox 952 1057 1131 1093; x_wconf 75' lang='lat' dir='ltr'><strong><em>proﬂiganda.</em></strong></span> <span class='ocrx_word' id='word_1_46' title='bbox 1146 1057 1213 1092; x_wconf 80' lang='lat' dir='ltr'><strong><em>Ejus</em></strong></span> <span class='ocrx_word' id='word_1_47' title='bbox 1228 1058 1283 1085; x_wconf 75' lang='lat' dir='ltr'><strong><em>dies</em></strong></span> <span class='ocrx_word' id='word_1_48' title='bbox 1294 1062 1319 1085; x_wconf 88' lang='lat' dir='ltr'><strong><em>et</em></strong></span> <span class='ocrx_word' id='word_1_49' title='bbox 1332 1066 1416 1084; x_wconf 73' lang='lat' dir='ltr'><strong><em>annua</em></strong></span> <span class='ocrx_word' id='word_1_50' title='bbox 1431 1057 1585 1084; x_wconf 73' lang='lat' dir='ltr'><strong><em>emartualir</em></strong></span> <span class='ocrx_word' id='word_1_51' title='bbox 1601 1058 1740 1085; x_wconf 68' lang='lat' dir='ltr'><strong><em>statuitur.</em></strong></span> 
     </span>
    </p>
   </div>
   <div class='ocr_carea' id='block_1_10' title="bbox 351 1099 1966 1140">
    <p class='ocr_par' dir='ltr' id='par_1_10' title="bbox 351 1099 1966 1140">
     <span class='ocr_line' id='line_1_12' title="bbox 351 1099 1966 1140; baseline -0.002 -6"><span class='ocrx_word' id='word_1_52' title='bbox 351 1099 396 1134; x_wconf 82' lang='lat' dir='ltr'><strong><em>lll.</em></strong></span> <span class='ocrx_word' id='word_1_53' title='bbox 415 1106 481 1140; x_wconf 72' lang='lat' dir='ltr'><strong><em>Qua!</em></strong></span> <span class='ocrx_word' id='word_1_54' title='bbox 500 1106 634 1139; x_wconf 79' lang='lat' dir='ltr'><strong><em>scripserit</em></strong></span> <span class='ocrx_word' id='word_1_55' title='bbox 654 1104 804 1132; x_wconf 74' lang='lat' dir='ltr'><strong><em>Alexander</em></strong></span> <span class='ocrx_word' id='word_1_56' title='bbox 829 1105 863 1131; x_wconf 81' lang='lat' dir='ltr'><strong><em>ad</em></strong></span> <span class='ocrx_word' id='word_1_57' title='bbox 879 1105 1001 1132; x_wconf 74' lang='lat' dir='ltr'><strong><em>Itazresim</em></strong></span> <span class='ocrx_word' id='word_1_58' title='bbox 1017 1104 1148 1132; x_wconf 78' lang='lat' dir='ltr'><strong><em>Arianam</em></strong></span> <span class='ocrx_word' id='word_1_59' title='bbox 1168 1104 1380 1139; x_wconf 77' lang='lat' dir='ltr'><strong><em>oppugnandam.</em></strong></span> <span class='ocrx_word' id='word_1_60' title='bbox 1399 1104 1495 1131; x_wconf 71' lang='lat' dir='ltr'><strong><em>Exstat</em></strong></span> <span class='ocrx_word' id='word_1_61' title='bbox 1513 1104 1570 1138; x_wconf 70' lang='lat' dir='ltr'><strong><em>ejus</em></strong></span> <span class='ocrx_word' id='word_1_62' title='bbox 1593 1105 1715 1139; x_wconf 74' lang='lat' dir='ltr'><strong><em>cpistola,</em></strong></span> <span class='ocrx_word' id='word_1_63' title='bbox 1736 1103 1889 1131; x_wconf 73' lang='lat' dir='ltr'><strong><em>Alexandro</em></strong></span> <span class='ocrx_word' id='word_1_64' title='bbox 1907 1101 1966 1130; x_wconf 68' lang='lat' dir='ltr'><strong><em>(1P.</em></strong></span> 
     </span>
    </p>
   </div>
   <div class='ocr_carea' id='block_1_11' title="bbox 385 1141 661 1177">
    <p class='ocr_par' dir='ltr' id='par_1_11' title="bbox 385 1141 661 1177">
     <span class='ocr_line' id='line_1_13' title="bbox 385 1141 661 1177; baseline -0.011 -8"><span class='ocrx_word' id='word_1_65' title='bbox 385 1143 504 1177; x_wconf 70' lang='lat' dir='ltr'><strong><em>episcopo</em></strong></span> <span class='ocrx_word' id='word_1_66' title='bbox 523 1141 661 1175; x_wconf 79' lang='lat' dir='ltr'><strong><em>inscripta.</em></strong></span> 
     </span>
    </p>
   </div>
   <div class='ocr_carea' id='block_1_12' title="bbox 351 1185 945 1221">
    <p class='ocr_par' dir='ltr' id='par_1_12' title="bbox 351 1185 945 1221">
     <span class='ocr_line' id='line_1_14' title="bbox 351 1185 945 1221; baseline -0.005 -6"><span class='ocrx_word' id='word_1_67' title='bbox 351 1188 396 1215; x_wconf 73' lang='grc' dir='ltr'><strong><em>Π.</em></strong></span> <span class='ocrx_word' id='word_1_68' title='bbox 419 1187 455 1215; x_wconf 82' lang='lat' dir='ltr'><strong><em>De</em></strong></span> <span class='ocrx_word' id='word_1_69' title='bbox 464 1187 512 1214; x_wconf 84' lang='lat' dir='ltr'><strong><em>hac</em></strong></span> <span class='ocrx_word' id='word_1_70' title='bbox 526 1187 639 1221; x_wconf 77' lang='lat' dir='ltr'><strong><em>epistola</em></strong></span> <span class='ocrx_word' id='word_1_71' title='bbox 658 1185 789 1213; x_wconf 75' lang='lat' dir='ltr'><strong><em>Holstenii</em></strong></span> <span class='ocrx_word' id='word_1_72' title='bbox 808 1185 945 1212; x_wconf 70' lang='lat' dir='ltr'><strong><em>sententia.</em></strong></span> 
     </span>
    </p>
   </div>
   <div class='ocr_carea' id='block_1_13' title="bbox 351 1232 1967 1270">
    <p class='ocr_par' dir='ltr' id='par_1_13' title="bbox 351 1232 1967 1270">
     <span class='ocr_line' id='line_1_15' title="bbox 351 1232 1967 1270; baseline 0 -8"><span class='ocrx_word' id='word_1_73' title='bbox 351 1235 383 1263; x_wconf 78' lang='grc' dir='ltr'>ν.</span> <span class='ocrx_word' id='word_1_74' title='bbox 400 1235 496 1270; x_wconf 77' lang='lat' dir='ltr'><strong><em>Agitur</em></strong></span> <span class='ocrx_word' id='word_1_75' title='bbox 515 1234 547 1261; x_wconf 85' lang='lat' dir='ltr'><strong><em>de</em></strong></span> <span class='ocrx_word' id='word_1_76' title='bbox 567 1234 686 1261; x_wconf 82' lang='lat' dir='ltr'><strong><em>oratione</em></strong></span> <span class='ocrx_word' id='word_1_77' title='bbox 706 1233 850 1259; x_wconf 74' lang='lat' dir='ltr'><strong><em>Alexandri</em></strong></span> <span class='ocrx_word' id='word_1_78' title='bbox 868 1232 902 1258; x_wconf 80' lang='lat' dir='ltr'><strong><em>ad</em></strong></span> <span class='ocrx_word' id='word_1_79' title='bbox 922 1234 1133 1270; x_wconf 22' lang='lat' dir='ltr'><strong><em>presbyteros‘et</em></strong></span> <span class='ocrx_word' id='word_1_80' title='bbox 1152 1233 1276 1261; x_wconf 77' lang='lat' dir='ltr'><strong><em>diaconos</em></strong></span> <span class='ocrx_word' id='word_1_81' title='bbox 1303 1233 1496 1261; x_wconf 70' lang='lat' dir='ltr'><strong><em>Alexandrinos</em></strong></span> <span class='ocrx_word' id='word_1_82' title='bbox 1522 1238 1546 1260; x_wconf 78' lang='lat' dir='ltr'><strong><em>et</em></strong></span> <span class='ocrx_word' id='word_1_83' title='bbox 1564 1232 1733 1260; x_wconf 65' lang='lat' dir='ltr'><strong><em>Mareotica.</em></strong></span> <span class='ocrx_word' id='word_1_84' title='bbox 1757 1233 1824 1261; x_wconf 86' lang='lat' dir='ltr'><strong><em>Item</em></strong></span> <span class='ocrx_word' id='word_1_85' title='bbox 1843 1233 1875 1261; x_wconf 84' lang='lat' dir='ltr'><strong><em>de</em></strong></span> <span class='ocrx_word' id='word_1_86' title='bbox 1893 1234 1967 1262; x_wconf 68' lang='lat' dir='ltr'><strong><em>illius</em></strong></span> 
     </span>
    </p>
   </div>
   <div class='ocr_carea' id='block_1_14' title="bbox 381 1267 1462 1305">
    <p class='ocr_par' dir='ltr' id='par_1_14' title="bbox 381 1267 1462 1305">
     <span class='ocr_line' id='line_1_16' title="bbox 381 1267 1462 1305; baseline -0.003 -8"><span class='ocrx_word' id='word_1_87' title='bbox 381 1267 494 1305; x_wconf 65' lang='lat' dir='ltr'><strong><em>epistola</em></strong></span> <span class='ocrx_word' id='word_1_88' title='bbox 513 1269 655 1304; x_wconf 84' lang='lat' dir='ltr'><strong><em>encyclica,</em></strong></span> <span class='ocrx_word' id='word_1_89' title='bbox 674 1276 731 1303; x_wconf 65' lang='lat' dir='ltr'><strong><em>qua</em></strong></span> <span class='ocrx_word' id='word_1_90' title='bbox 750 1276 790 1294; x_wconf 78' lang='lat' dir='ltr'><strong><em>res</em></strong></span> <span class='ocrx_word' id='word_1_91' title='bbox 810 1272 895 1302; x_wconf 78' lang='lat' dir='ltr'><strong><em>gestas</em></strong></span> <span class='ocrx_word' id='word_1_92' title='bbox 916 1267 1017 1294; x_wconf 73' lang='lat' dir='ltr'><strong><em>exhibet</em></strong></span> <span class='ocrx_word' id='word_1_93' title='bbox 1036 1269 1064 1294; x_wconf 85' lang='lat' dir='ltr'><strong><em>in</em></strong></span> <span class='ocrx_word' id='word_1_94' title='bbox 1085 1268 1194 1296; x_wconf 77' lang='lat' dir='ltr'><strong><em>Ariame</em></strong></span> <span class='ocrx_word' id='word_1_95' title='bbox 1212 1269 1339 1296; x_wconf 63' lang='lat' dir='ltr'><strong><em>haereseos</em></strong></span> <span class='ocrx_word' id='word_1_96' title='bbox 1358 1273 1462 1295; x_wconf 72' lang='lat' dir='ltr'><strong><em>exortu.</em></strong></span> 
     </span>
    </p>
   </div>
   <div class='ocr_carea' id='block_1_15' title="bbox 384 1336 1966 1374">
    <p class='ocr_par' dir='ltr' id='par_1_15' title="bbox 384 1336 1966 1374">
     <span class='ocr_line' id='line_1_17' title="bbox 384 1336 1966 1374; baseline 0.001 -8"><span class='ocrx_word' id='word_1_97' title='bbox 384 1339 406 1368; x_wconf 80' lang='grc' dir='ltr'><strong><em>ἰ.</em></strong></span> <span class='ocrx_word' id='word_1_98' title='bbox 426 1339 538 1367; x_wconf 73' lang='lat' dir='ltr'><strong><em>Achillze</em></strong></span> <span class='ocrx_word' id='word_1_99' title='bbox 552 1339 598 1374; x_wconf 88' lang='lat' dir='ltr'><strong><em>qui</em></strong></span> <span class='ocrx_word' id='word_1_100' title='bbox 613 1338 710 1374; x_wconf 77' lang='lat' dir='ltr'><strong><em>exiguo</em></strong></span> <span class='ocrx_word' id='word_1_101' title='bbox 725 1343 845 1373; x_wconf 87' lang='lat' dir='ltr'><strong><em>tempore</em></strong></span> <span class='ocrx_word' id='word_1_102' title='bbox 862 1344 878 1364; x_wconf 93' lang='lat' dir='ltr'><strong><em>a</em></strong></span> <span class='ocrx_word' id='word_1_103' title='bbox 905 1336 978 1365; x_wconf 89' lang='lat' dir='ltr'><strong><em>Petri</em></strong></span> <span class='ocrx_word' id='word_1_104' title='bbox 1004 1339 1134 1373; x_wconf 79' lang='lat' dir='ltr'><strong><em>martyrio</em></strong></span> <span class='ocrx_word' id='word_1_105' title='bbox 1149 1345 1171 1372; x_wconf 70' lang='grc' dir='ltr'><strong>Α</strong></span> <span class='ocrx_word' id='word_1_106' title='bbox 1186 1347 1312 1374; x_wconf 78' lang='lat' dir='ltr'><strong><em>magnum</em></strong></span> <span class='ocrx_word' id='word_1_107' title='bbox 1323 1339 1480 1372; x_wconf 83' lang='lat' dir='ltr'><strong><em>concilium,</em></strong></span> <span class='ocrx_word' id='word_1_108' title='bbox 1497 1339 1524 1365; x_wconf 94' lang='lat' dir='ltr'><strong><em>in</em></strong></span> <span class='ocrx_word' id='word_1_109' title='bbox 1541 1346 1595 1374; x_wconf 89' lang='lat' dir='ltr'><strong><em>quo</em></strong></span> <span class='ocrx_word' id='word_1_110' title='bbox 1606 1339 1707 1374; x_wconf 84' lang='lat' dir='ltr'><strong><em>impius</em></strong></span> <span class='ocrx_word' id='word_1_111' title='bbox 1731 1339 1777 1366; x_wconf 88' lang='lat' dir='ltr'><strong><em>ille</em></strong></span> <span class='ocrx_word' id='word_1_112' title='bbox 1793 1340 1827 1367; x_wconf 89' lang='lat' dir='ltr'><strong><em>ab</em></strong></span> <span class='ocrx_word' id='word_1_113' title='bbox 1842 1339 1966 1369; x_wconf 75' lang='lat' dir='ltr'><strong><em>Ecclesia</em></strong></span> 
     </span>
    </p>
   </div>
   <div class='ocr_carea' id='block_1_16' title="bbox 350 1383 1135 1415">
    <p class='ocr_par' dir='ltr' id='par_1_16' title="bbox 350 1383 1135 1415">
     <span class='ocr_line' id='line_1_18' title="bbox 350 1383 1135 1415; baseline -0.001 -2"><span class='ocrx_word' id='word_1_114' title='bbox 350 1386 560 1414; x_wconf 88' lang='lat' dir='ltr'><strong><em>Alexandrinam</em></strong></span> <span class='ocrx_word' id='word_1_115' title='bbox 586 1385 734 1412; x_wconf 88' lang='lat' dir='ltr'><strong><em>Ecclesiam</em></strong></span> <span class='ocrx_word' id='word_1_116' title='bbox 758 1383 981 1415; x_wconf 75' lang='lat' dir='ltr'><strong><em>administravit,</em></strong></span> <span class='ocrx_word' id='word_1_117' title='bbox 1005 1383 1135 1412; x_wconf 82' lang='lat' dir='ltr'><strong><em>sull‘ectus</em></strong></span> 
     </span>
    </p>
   </div>
   <div class='ocr_carea' id='block_1_17' title="bbox 350 1428 1135 1465">
    <p class='ocr_par' dir='ltr' id='par_1_17' title="bbox 350 1428 1135 1465">
     <span class='ocr_line' id='line_1_19' title="bbox 350 1428 1135 1465; baseline -0.003 -5"><span class='ocrx_word' id='word_1_118' title='bbox 350 1436 392 1460; x_wconf 82' lang='lat' dir='ltr'><strong><em>est</em></strong></span> <span class='ocrx_word' id='word_1_119' title='bbox 417 1431 570 1459; x_wconf 81' lang='lat' dir='ltr'><strong><em>Alexander</em></strong></span> <span class='ocrx_word' id='word_1_120' title='bbox 592 1431 666 1458; x_wconf 90' lang='lat' dir='ltr'><strong><em>circa</em></strong></span> <span class='ocrx_word' id='word_1_121' title='bbox 696 1437 798 1457; x_wconf 87' lang='lat' dir='ltr'><strong><em>annum</em></strong></span> <span class='ocrx_word' id='word_1_122' title='bbox 827 1428 929 1456; x_wconf 83' lang='lat' dir='ltr'><strong><em>Christi</em></strong></span> <span class='ocrx_word' id='word_1_123' title='bbox 957 1429 1020 1457; x_wconf 73' lang='grc'><strong><em>512.</em></strong></span> <span class='ocrx_word' id='word_1_124' title='bbox 1048 1429 1135 1465; x_wconf 85' lang='lat' dir='ltr'><strong><em>Hujus</em></strong></span> 
     </span>
    </p>
   </div>
   <div class='ocr_carea' id='block_1_18' title="bbox 351 1475 1135 1512">
    <p class='ocr_par' dir='ltr' id='par_1_18' title="bbox 351 1475 1135 1512">
     <span class='ocr_line' id='line_1_20' title="bbox 351 1475 1135 1512; baseline -0.003 -7"><span class='ocrx_word' id='word_1_125' title='bbox 351 1478 476 1512; x_wconf 50' lang='lat' dir='ltr'><strong><em>praesulis</em></strong></span> <span class='ocrx_word' id='word_1_126' title='bbox 493 1476 607 1504; x_wconf 81' lang='lat' dir='ltr'><strong><em>eximias</em></strong></span> <span class='ocrx_word' id='word_1_127' title='bbox 623 1475 738 1502; x_wconf 82' lang='lat' dir='ltr'><strong><em>virtutes</em></strong></span> <span class='ocrx_word' id='word_1_128' title='bbox 763 1481 832 1510; x_wconf 89' lang='lat' dir='ltr'><strong><em>quas</em></strong></span> <span class='ocrx_word' id='word_1_129' title='bbox 855 1475 969 1502; x_wconf 89' lang='lat' dir='ltr'><strong><em>omnino</em></strong></span> <span class='ocrx_word' id='word_1_130' title='bbox 996 1476 1135 1510; x_wconf 64' lang='lat' dir='ltr'><strong><em>praeterire</em></strong></span> 
     </span>
    </p>
   </div>
   <div class='ocr_carea' id='block_1_19' title="bbox 350 1519 1135 1555">
    <p class='ocr_par' dir='ltr' id='par_1_19' title="bbox 350 1519 1135 1555">
     <span class='ocr_line' id='line_1_21' title="bbox 350 1519 1135 1555; baseline -0.003 -4"><span class='ocrx_word' id='word_1_131' title='bbox 350 1523 431 1551; x_wconf 88' lang='lat' dir='ltr'><strong><em>libuit</em></strong></span> <span class='ocrx_word' id='word_1_132' title='bbox 447 1522 577 1554; x_wconf 80' lang='lat' dir='ltr'><strong><em>Eusebio,</em></strong></span> <span class='ocrx_word' id='word_1_133' title='bbox 593 1522 662 1549; x_wconf 84' lang='lat' dir='ltr'><strong><em>alios</em></strong></span> <span class='ocrx_word' id='word_1_134' title='bbox 677 1521 826 1555; x_wconf 83' lang='lat' dir='ltr'><strong><em>scriptores</em></strong></span> <span class='ocrx_word' id='word_1_135' title='bbox 840 1519 1042 1548; x_wconf 86' lang='lat' dir='ltr'><strong><em>ecclesiasticos</em></strong></span> <span class='ocrx_word' id='word_1_136' title='bbox 1061 1522 1135 1549; x_wconf 89' lang='lat' dir='ltr'><strong><em>omni</em></strong></span> 
     </span>
    </p>
   </div>
   <div class='ocr_carea' id='block_1_20' title="bbox 350 1565 1134 1604">
    <p class='ocr_par' dir='ltr' id='par_1_20' title="bbox 350 1565 1134 1604">
     <span class='ocr_line' id='line_1_22' title="bbox 350 1565 1134 1604; baseline -0.005 -7"><span class='ocrx_word' id='word_1_137' title='bbox 350 1569 430 1597; x_wconf 91' lang='lat' dir='ltr'><strong><em>laude</em></strong></span> <span class='ocrx_word' id='word_1_138' title='bbox 452 1571 612 1604; x_wconf 83' lang='lat' dir='ltr'><strong><em>prosecutos</em></strong></span> <span class='ocrx_word' id='word_1_139' title='bbox 636 1574 698 1593; x_wconf 87' lang='lat' dir='ltr'><strong><em>esse</em></strong></span> <span class='ocrx_word' id='word_1_140' title='bbox 723 1566 911 1601; x_wconf 78' lang='lat' dir='ltr'><strong><em>intelligimus.</em></strong></span> <span class='ocrx_word' id='word_1_141' title='bbox 929 1565 1035 1594; x_wconf 85' lang='lat' dir='ltr'><strong><em>Passim</em></strong></span> <span class='ocrx_word' id='word_1_142' title='bbox 1062 1567 1134 1594; x_wconf 88' lang='lat' dir='ltr'><strong><em>enim</em></strong></span> 
     </span>
    </p>
   </div>
   <div class='ocr_carea' id='block_1_21' title="bbox 350 1612 1134 1648">
    <p class='ocr_par' dir='ltr' id='par_1_21' title="bbox 350 1612 1134 1648">
     <span class='ocr_line' id='line_1_23' title="bbox 350 1612 1134 1648; baseline -0.003 -6"><span class='ocrx_word' id='word_1_143' title='bbox 350 1615 426 1642; x_wconf 88' lang='lat' dir='ltr'><strong><em>audit</em></strong></span> <span class='ocrx_word' id='word_1_144' title='bbox 445 1624 454 1640; x_wconf 78' lang='grc' dir='ltr'><strong><em>ι</em></strong></span> <span class='ocrx_word' id='word_1_145' title='bbox 478 1613 640 1648; x_wconf 72' lang='lat' dir='ltr'><strong><em>evangelica:</em></strong></span> <span class='ocrx_word' id='word_1_146' title='bbox 657 1612 789 1639; x_wconf 61' lang='lat' dir='ltr'><strong><em>doctrinae</em></strong></span> <span class='ocrx_word' id='word_1_147' title='bbox 816 1616 1004 1647; x_wconf 75' lang='lat' dir='ltr'><strong><em>propugnator</em></strong></span> <span class='ocrx_word' id='word_1_148' title='bbox 1033 1614 1134 1640; x_wconf 86' lang='lat' dir='ltr'><strong><em>acerri-</em></strong></span> 
     </span>
    </p>
   </div>
   <div class='ocr_carea' id='block_1_22' title="bbox 349 1657 1134 1695">
    <p class='ocr_par' dir='ltr' id='par_1_22' title="bbox 349 1657 1134 1695">
     <span class='ocr_line' id='line_1_24' title="bbox 349 1657 1134 1695; baseline -0.004 -8"><span class='ocrx_word' id='word_1_149' title='bbox 349 1668 410 1688; x_wconf 91' lang='lat' dir='ltr'><strong><em>mus</em></strong></span> <span class='ocrx_word' id='word_1_150' title='bbox 425 1659 475 1695; x_wconf 59' lang='lat' dir='ltr'><strong><em>la),</em></strong></span> <span class='ocrx_word' id='word_1_151' title='bbox 497 1669 506 1685; x_wconf 77' lang='grc' dir='ltr'><strong><em>ι</em></strong></span> <span class='ocrx_word' id='word_1_152' title='bbox 527 1661 542 1685; x_wconf 84' lang='grc' dir='ltr'>ὁ</span> <span class='ocrx_word' id='word_1_153' title='bbox 555 1659 676 1693; x_wconf 79' lang='grc' dir='ltr'><strong><em>γενναῖος</em></strong></span> <span class='ocrx_word' id='word_1_154' title='bbox 696 1657 880 1685; x_wconf 78' lang='grc' dir='ltr'><strong><em>ἀποστολικῶν</em></strong></span> <span class='ocrx_word' id='word_1_155' title='bbox 899 1657 1039 1692; x_wconf 84' lang='grc' dir='ltr'><strong><em>δογμάτων</em></strong></span> <span class='ocrx_word' id='word_1_156' title='bbox 1059 1659 1134 1692; x_wconf 84' lang='grc' dir='ltr'>γενό-</span> 
     </span>
    </p>
   </div>
   <div class='ocr_carea' id='block_1_23' title="bbox 350 1703 1133 1742">
    <p class='ocr_par' dir='ltr' id='par_1_23' title="bbox 350 1703 1133 1742">
     <span class='ocr_line' id='line_1_25' title="bbox 350 1703 1133 1742; baseline -0.004 -9"><span class='ocrx_word' id='word_1_157' title='bbox 350 1715 428 1742; x_wconf 79' lang='grc' dir='ltr'>μενος</span> <span class='ocrx_word' id='word_1_158' title='bbox 445 1706 585 1741; x_wconf 75' lang='grc' dir='ltr'><strong><em>πρόμαχος</em></strong></span> <span class='ocrx_word' id='word_1_159' title='bbox 604 1713 610 1719; x_wconf 90' lang='grc'><strong>·</strong></span> <span class='ocrx_word' id='word_1_160' title='bbox 631 1714 640 1730; x_wconf 74' lang='grc' dir='ltr'><strong><em>ι</em></strong></span> <span class='ocrx_word' id='word_1_161' title='bbox 664 1704 877 1739; x_wconf 84' lang='lat' dir='ltr'><strong><em>apostolicorum</em></strong></span> <span class='ocrx_word' id='word_1_162' title='bbox 900 1703 1057 1739; x_wconf 79' lang='lat' dir='ltr'><strong><em>dogmatum</em></strong></span> <span class='ocrx_word' id='word_1_163' title='bbox 1073 1704 1133 1731; x_wconf 86' lang='lat' dir='ltr'><strong><em>vin-</em></strong></span> 
     </span>
    </p>
   </div>
   <div class='ocr_carea' id='block_1_24' title="bbox 349 1744 1133 1787">
    <p class='ocr_par' dir='ltr' id='par_1_24' title="bbox 349 1744 1133 1787">
     <span class='ocr_line' id='line_1_26' title="bbox 349 1744 1133 1787; baseline -0.004 -8"><span class='ocrx_word' id='word_1_164' title='bbox 349 1753 401 1780; x_wconf 85' lang='lat' dir='ltr'><strong><em>dex</em></strong></span> <span class='ocrx_word' id='word_1_165' title='bbox 415 1756 442 1779; x_wconf 86' lang='lat' dir='ltr'><strong><em>et</em></strong></span> <span class='ocrx_word' id='word_1_166' title='bbox 453 1755 584 1786; x_wconf 84' lang='lat' dir='ltr'><strong><em>patronus</em></strong></span> <span class='ocrx_word' id='word_1_167' title='bbox 600 1750 649 1787; x_wconf 81' lang='lat' dir='ltr'><strong><em>(bl,</em></strong></span> <span class='ocrx_word' id='word_1_168' title='bbox 669 1760 678 1776; x_wconf 80' lang='grc' dir='ltr'><strong><em>ι</em></strong></span> <span class='ocrx_word' id='word_1_169' title='bbox 694 1751 707 1776; x_wconf 86' lang='grc' dir='ltr'>ὁ</span> <span class='ocrx_word' id='word_1_170' title='bbox 723 1749 776 1776; x_wconf 82' lang='grc' dir='ltr'><strong><em>τῶν</em></strong></span> <span class='ocrx_word' id='word_1_171' title='bbox 790 1744 972 1776; x_wconf 74' lang='grc' dir='ltr'><strong><em>ἆποστολικῶν</em></strong></span> <span class='ocrx_word' id='word_1_172' title='bbox 994 1749 1133 1784; x_wconf 72' lang='grc' dir='ltr'><strong><em>δογμόπων</em></strong></span> 
     </span>
    </p>
   </div>
   <div class='ocr_carea' id='block_1_25' title="bbox 350 1795 1132 1834">
    <p class='ocr_par' dir='ltr' id='par_1_25' title="bbox 350 1795 1132 1834">
     <span class='ocr_line' id='line_1_27' title="bbox 350 1795 1132 1834; baseline -0.003 -9"><span class='ocrx_word' id='word_1_173' title='bbox 350 1799 499 1834; x_wconf 82' lang='grc' dir='ltr'><strong><em>συνήγορος</em></strong></span> <span class='ocrx_word' id='word_1_174' title='bbox 511 1806 517 1813; x_wconf 74' lang='grc' dir='ltr'><strong><em>ι</em></strong></span> <span class='ocrx_word' id='word_1_175' title='bbox 535 1803 616 1832; x_wconf 87' lang='lat' dir='ltr'><strong><em>atque</em></strong></span> <span class='ocrx_word' id='word_1_176' title='bbox 633 1797 668 1831; x_wconf 76' lang='grc' dir='ltr'><strong><em>(ο)</em></strong></span> <span class='ocrx_word' id='word_1_177' title='bbox 685 1797 781 1823; x_wconf 63' lang='lat' dir='ltr'><strong><em>divini:</em></strong></span> <span class='ocrx_word' id='word_1_178' title='bbox 807 1795 868 1830; x_wconf 82' lang='lat' dir='ltr'><strong><em>ﬁdei</em></strong></span> <span class='ocrx_word' id='word_1_179' title='bbox 892 1796 1059 1830; x_wconf 79' lang='lat' dir='ltr'><strong><em>episcopus...</em></strong></span> <span class='ocrx_word' id='word_1_180' title='bbox 1076 1796 1132 1831; x_wconf 85' lang='lat' dir='ltr'><strong><em>ple-</em></strong></span> 
     </span>
    </p>
   </div>
   <div class='ocr_carea' id='block_1_26' title="bbox 348 1840 1132 1878">
    <p class='ocr_par' dir='ltr' id='par_1_26' title="bbox 348 1840 1132 1878">
     <span class='ocr_line' id='line_1_28' title="bbox 348 1840 1132 1878; baseline -0.004 -8"><span class='ocrx_word' id='word_1_181' title='bbox 348 1852 396 1870; x_wconf 77' lang='lat' dir='ltr'><strong><em>nus</em></strong></span> <span class='ocrx_word' id='word_1_182' title='bbox 414 1844 555 1878; x_wconf 72' lang='lat' dir='ltr'><strong><em>sapientia,</em></strong></span> <span class='ocrx_word' id='word_1_183' title='bbox 580 1848 603 1869; x_wconf 89' lang='lat' dir='ltr'><strong><em>et</em></strong></span> <span class='ocrx_word' id='word_1_184' title='bbox 622 1843 723 1875; x_wconf 86' lang='lat' dir='ltr'><strong><em>Spiritu</em></strong></span> <span class='ocrx_word' id='word_1_185' title='bbox 748 1846 839 1868; x_wconf 79' lang='lat' dir='ltr'><strong><em>sancto</em></strong></span> <span class='ocrx_word' id='word_1_186' title='bbox 865 1841 978 1875; x_wconf 73' lang='lat' dir='ltr'><strong><em>feruens.</em></strong></span> <span class='ocrx_word' id='word_1_187' title='bbox 999 1840 1132 1868; x_wconf 87' lang='lat' dir='ltr'><strong><em>Nimirum</em></strong></span> 
     </span>
    </p>
   </div>
   <div class='ocr_carea' id='block_1_27' title="bbox 347 1887 1130 1923">
    <p class='ocr_par' dir='ltr' id='par_1_27' title="bbox 347 1887 1130 1923">
     <span class='ocr_line' id='line_1_29' title="bbox 347 1887 1130 1923; baseline -0.003 -7"><span class='ocrx_word' id='word_1_188' title='bbox 347 1889 499 1917; x_wconf 86' lang='lat' dir='ltr'><strong><em>Alexander</em></strong></span> <span class='ocrx_word' id='word_1_189' title='bbox 510 1889 605 1915; x_wconf 89' lang='lat' dir='ltr'><strong><em>Arium</em></strong></span> <span class='ocrx_word' id='word_1_190' title='bbox 624 1888 728 1923; x_wconf 87' lang='lat' dir='ltr'><strong><em>primus</em></strong></span> <span class='ocrx_word' id='word_1_191' title='bbox 751 1892 779 1915; x_wconf 85' lang='lat' dir='ltr'><strong><em>et</em></strong></span> <span class='ocrx_word' id='word_1_192' title='bbox 799 1887 901 1914; x_wconf 76' lang='lat' dir='ltr'><strong><em>detexit</em></strong></span> <span class='ocrx_word' id='word_1_193' title='bbox 922 1891 949 1914; x_wconf 88' lang='lat' dir='ltr'><strong><em>et</em></strong></span> <span class='ocrx_word' id='word_1_194' title='bbox 973 1887 1130 1920; x_wconf 80' lang='lat' dir='ltr'><strong><em>damnavit;</em></strong></span> 
     </span>
    </p>
   </div>
   <div class='ocr_carea' id='block_1_28' title="bbox 347 1933 1132 1970">
    <p class='ocr_par' dir='ltr' id='par_1_28' title="bbox 347 1933 1132 1970">
     <span class='ocr_line' id='line_1_30' title="bbox 347 1933 1132 1970; baseline -0.005 -7"><span class='ocrx_word' id='word_1_195' title='bbox 347 1943 542 1970; x_wconf 86' lang='lat' dir='ltr'><strong><em>sacrarumque</em></strong></span> <span class='ocrx_word' id='word_1_196' title='bbox 568 1935 719 1961; x_wconf 86' lang='lat' dir='ltr'><strong><em>litterarum</em></strong></span> <span class='ocrx_word' id='word_1_197' title='bbox 744 1934 866 1968; x_wconf 77' lang='lat' dir='ltr'><strong><em>vestigiis</em></strong></span> <span class='ocrx_word' id='word_1_198' title='bbox 888 1933 1029 1965; x_wconf 82' lang='lat' dir='ltr'><strong><em>insistens,</em></strong></span> <span class='ocrx_word' id='word_1_199' title='bbox 1046 1937 1075 1959; x_wconf 92' lang='lat' dir='ltr'><strong><em>ut</em></strong></span> <span class='ocrx_word' id='word_1_200' title='bbox 1095 1933 1132 1959; x_wconf 87' lang='lat' dir='ltr'><strong><em>ait</em></strong></span> 
     </span>
    </p>
   </div>
   <div class='ocr_carea' id='block_1_29' title="bbox 347 1978 1131 2015">
    <p class='ocr_par' dir='ltr' id='par_1_29' title="bbox 347 1978 1131 2015">
     <span class='ocr_line' id='line_1_31' title="bbox 347 1978 1131 2015; baseline -0.005 -6"><span class='ocrx_word' id='word_1_201' title='bbox 347 1982 528 2009; x_wconf 88' lang='lat' dir='ltr'><strong><em>Theodoritus</em></strong></span> <span class='ocrx_word' id='word_1_202' title='bbox 541 1980 591 2015; x_wconf 75' lang='grc' dir='ltr'><strong><em>(ά),</em></strong></span> <span class='ocrx_word' id='word_1_203' title='bbox 610 1979 708 2006; x_wconf 79' lang='lat' dir='ltr'><strong><em>Filium</em></strong></span> <span class='ocrx_word' id='word_1_204' title='bbox 722 1978 779 2011; x_wconf 83' lang='lat' dir='ltr'><strong><em>Dei,</em></strong></span> <span class='ocrx_word' id='word_1_205' title='bbox 794 1987 874 2014; x_wconf 90' lang='lat' dir='ltr'><strong><em>quem</em></strong></span> <span class='ocrx_word' id='word_1_206' title='bbox 890 1978 1034 2006; x_wconf 78' lang='lat' dir='ltr'><strong><em>hzereticus</em></strong></span> <span class='ocrx_word' id='word_1_207' title='bbox 1050 1978 1131 2005; x_wconf 91' lang='lat' dir='ltr'><strong><em>homo</em></strong></span> 
     </span>
    </p>
   </div>
   <div class='ocr_carea' id='block_1_30' title="bbox 1186 1385 1967 1423">
    <p class='ocr_par' dir='ltr' id='par_1_30' title="bbox 1186 1385 1967 1423">
     <span class='ocr_line' id='line_1_32' title="bbox 1186 1385 1967 1423; baseline 0.004 -11"><span class='ocrx_word' id='word_1_208' title='bbox 1186 1385 1347 1412; x_wconf 81' lang='lat' dir='ltr'><strong><em>exturbatus</em></strong></span> <span class='ocrx_word' id='word_1_209' title='bbox 1372 1385 1423 1412; x_wconf 79' lang='lat' dir='ltr'><strong><em>fuit</em></strong></span> <span class='ocrx_word' id='word_1_210' title='bbox 1444 1389 1526 1420; x_wconf 86' lang='lat' dir='ltr'><strong><em>atque</em></strong></span> <span class='ocrx_word' id='word_1_211' title='bbox 1551 1385 1731 1420; x_wconf 86' lang='lat' dir='ltr'><strong><em>proscriptus.</em></strong></span> <span class='ocrx_word' id='word_1_212' title='bbox 1746 1385 1779 1412; x_wconf 88' lang='lat' dir='ltr'><strong><em>Et</em></strong></span> <span class='ocrx_word' id='word_1_213' title='bbox 1793 1387 1894 1415; x_wconf 69' lang='lat' dir='ltr'><strong><em>multas</em></strong></span> <span class='ocrx_word' id='word_1_214' title='bbox 1909 1388 1967 1423; x_wconf 89' lang='lat' dir='ltr'><strong><em>qui-</em></strong></span> 
     </span>
    </p>
   </div>
   <div class='ocr_carea' id='block_1_31' title="bbox 1186 1430 1966 1465">
    <p class='ocr_par' dir='ltr' id='par_1_31' title="bbox 1186 1430 1966 1465">
     <span class='ocr_line' id='line_1_33' title="bbox 1186 1430 1966 1465; baseline 0.004 -8"><span class='ocrx_word' id='word_1_215' title='bbox 1186 1430 1246 1457; x_wconf 90' lang='lat' dir='ltr'><strong><em>dem</em></strong></span> <span class='ocrx_word' id='word_1_216' title='bbox 1273 1430 1462 1458; x_wconf 69' lang='lat' dir='ltr'><strong><em>aﬂIictation‘es</em></strong></span> <span class='ocrx_word' id='word_1_217' title='bbox 1494 1431 1648 1465; x_wconf 89' lang='lat' dir='ltr'><strong><em>multosque</em></strong></span> <span class='ocrx_word' id='word_1_218' title='bbox 1678 1431 1785 1459; x_wconf 84' lang='lat' dir='ltr'><strong><em>labores</em></strong></span> <span class='ocrx_word' id='word_1_219' title='bbox 1814 1432 1843 1458; x_wconf 88' lang='lat' dir='ltr'><strong><em>in</em></strong></span> <span class='ocrx_word' id='word_1_220' title='bbox 1868 1431 1966 1460; x_wconf 64' lang='lat' dir='ltr'><strong><em>heresi</em></strong></span> 
     </span>
    </p>
   </div>
   <div class='ocr_carea' id='block_1_32' title="bbox 1186 1474 1966 1510">
    <p class='ocr_par' dir='ltr' id='par_1_32' title="bbox 1186 1474 1966 1510">
     <span class='ocr_line' id='line_1_34' title="bbox 1186 1474 1966 1510; baseline 0.003 -8"><span class='ocrx_word' id='word_1_221' title='bbox 1186 1475 1285 1502; x_wconf 85' lang='lat' dir='ltr'><strong><em>Ariana</em></strong></span> <span class='ocrx_word' id='word_1_222' title='bbox 1303 1474 1470 1510; x_wconf 75' lang='lat' dir='ltr'><strong><em>proﬂiganda</em></strong></span> <span class='ocrx_word' id='word_1_223' title='bbox 1482 1475 1604 1509; x_wconf 84' lang='lat' dir='ltr'><strong><em>pertulit,</em></strong></span> <span class='ocrx_word' id='word_1_224' title='bbox 1619 1483 1745 1510; x_wconf 82' lang='lat' dir='ltr'><strong><em>quamvis</em></strong></span> <span class='ocrx_word' id='word_1_225' title='bbox 1758 1483 1851 1507; x_wconf 83' lang='lat' dir='ltr'><strong><em>senex,</em></strong></span> <span class='ocrx_word' id='word_1_226' title='bbox 1864 1476 1966 1504; x_wconf 86' lang='lat' dir='ltr'><strong><em>beatis-</em></strong></span> 
     </span>
    </p>
   </div>
   <div class='ocr_carea' id='block_1_33' title="bbox 1186 1519 1965 1555">
    <p class='ocr_par' dir='ltr' id='par_1_33' title="bbox 1186 1519 1965 1555">
     <span class='ocr_line' id='line_1_35' title="bbox 1186 1519 1965 1555; baseline 0.003 -9"><span class='ocrx_word' id='word_1_227' title='bbox 1186 1520 1272 1548; x_wconf 89' lang='lat' dir='ltr'><strong><em>simus</em></strong></span> <span class='ocrx_word' id='word_1_228' title='bbox 1282 1520 1451 1552; x_wconf 76' lang='lat' dir='ltr'><strong><em>Alexander;</em></strong></span> <span class='ocrx_word' id='word_1_229' title='bbox 1465 1520 1565 1554; x_wconf 87' lang='lat' dir='ltr'><strong><em>quibus</em></strong></span> <span class='ocrx_word' id='word_1_230' title='bbox 1578 1519 1685 1547; x_wconf 91' lang='lat' dir='ltr'><strong><em>demum</em></strong></span> <span class='ocrx_word' id='word_1_231' title='bbox 1703 1520 1862 1555; x_wconf 80' lang='lat' dir='ltr'><strong><em>perfunctus</em></strong></span> <span class='ocrx_word' id='word_1_232' title='bbox 1875 1520 1903 1548; x_wconf 92' lang='lat' dir='ltr'><strong><em>in</em></strong></span> <span class='ocrx_word' id='word_1_233' title='bbox 1917 1529 1965 1549; x_wconf 78' lang='lat' dir='ltr'><strong><em>ex-</em></strong></span> 
     </span>
    </p>
   </div>
   <div class='ocr_carea' id='block_1_34' title="bbox 1186 1565 1966 1601">
    <p class='ocr_par' dir='ltr' id='par_1_34' title="bbox 1186 1565 1966 1601">
     <span class='ocr_line' id='line_1_36' title="bbox 1186 1565 1966 1601; baseline 0.003 -8"><span class='ocrx_word' id='word_1_234' title='bbox 1186 1570 1270 1594; x_wconf 86' lang='lat' dir='ltr'><strong><em>trema</em></strong></span> <span class='ocrx_word' id='word_1_235' title='bbox 1293 1570 1432 1594; x_wconf 74' lang='lat' dir='ltr'><strong><em>senectute</em></strong></span> <span class='ocrx_word' id='word_1_236' title='bbox 1458 1566 1600 1600; x_wconf 87' lang='lat' dir='ltr'><strong><em>appositus</em></strong></span> <span class='ocrx_word' id='word_1_237' title='bbox 1616 1570 1657 1593; x_wconf 90' lang='lat' dir='ltr'><strong><em>est</em></strong></span> <span class='ocrx_word' id='word_1_238' title='bbox 1678 1565 1711 1592; x_wconf 86' lang='lat' dir='ltr'><strong><em>ad</em></strong></span> <span class='ocrx_word' id='word_1_239' title='bbox 1738 1570 1829 1601; x_wconf 88' lang='lat' dir='ltr'><strong><em>patres</em></strong></span> <span class='ocrx_word' id='word_1_240' title='bbox 1843 1575 1918 1600; x_wconf 83' lang='lat' dir='ltr'><strong><em>suos,</em></strong></span> <span class='ocrx_word' id='word_1_241' title='bbox 1934 1571 1966 1595; x_wconf 84' lang='lat' dir='ltr'><strong><em>ut</em></strong></span> 
     </span>
    </p>
   </div>
   <div class='ocr_carea' id='block_1_35' title="bbox 1185 1610 1964 1648">
    <p class='ocr_par' dir='ltr' id='par_1_35' title="bbox 1185 1610 1964 1648">
     <span class='ocr_line' id='line_1_37' title="bbox 1185 1610 1964 1648; baseline 0.004 -10"><span class='ocrx_word' id='word_1_242' title='bbox 1185 1611 1280 1639; x_wconf 88' lang='lat' dir='ltr'><strong><em>scribit</em></strong></span> <span class='ocrx_word' id='word_1_243' title='bbox 1303 1614 1415 1639; x_wconf 89' lang='lat' dir='ltr'><strong><em>sanctus</em></strong></span> <span class='ocrx_word' id='word_1_244' title='bbox 1436 1610 1602 1639; x_wconf 81' lang='lat' dir='ltr'><strong><em>Athanasius</em></strong></span> <span class='ocrx_word' id='word_1_245' title='bbox 1630 1611 1681 1646; x_wconf 86' lang='lat' dir='ltr'><strong><em>(e);</em></strong></span> <span class='ocrx_word' id='word_1_246' title='bbox 1706 1611 1753 1647; x_wconf 91' lang='lat' dir='ltr'><strong><em>qui</em></strong></span> <span class='ocrx_word' id='word_1_247' title='bbox 1781 1615 1809 1640; x_wconf 88' lang='lat' dir='ltr'><strong><em>et</em></strong></span> <span class='ocrx_word' id='word_1_248' title='bbox 1827 1611 1891 1641; x_wconf 80' lang='lat' dir='ltr'><strong><em>alibi</em></strong></span> <span class='ocrx_word' id='word_1_249' title='bbox 1905 1612 1938 1648; x_wconf 77' lang='grc'><strong><em>(1)</em></strong></span> <span class='ocrx_word' id='word_1_250' title='bbox 1956 1623 1964 1641; x_wconf 90' lang='lat'><strong>:</strong></span> 
     </span>
    </p>
   </div>
   <div class='ocr_carea' id='block_1_36' title="bbox 1187 1652 1965 1693">
    <p class='ocr_par' dir='ltr' id='par_1_36' title="bbox 1187 1652 1965 1693">
     <span class='ocr_line' id='line_1_38' title="bbox 1187 1652 1965 1693; baseline 0.005 -11"><span class='ocrx_word' id='word_1_251' title='bbox 1187 1665 1196 1681; x_wconf 82' lang='grc' dir='ltr'><strong><em>ι</em></strong></span> <span class='ocrx_word' id='word_1_252' title='bbox 1215 1655 1354 1684; x_wconf 82' lang='lat' dir='ltr'><strong><em>Mensibus</em></strong></span> <span class='ocrx_word' id='word_1_253' title='bbox 1369 1659 1500 1693; x_wconf 90' lang='lat' dir='ltr'><strong><em>quinque,</em></strong></span> <span class='ocrx_word' id='word_1_254' title='bbox 1517 1657 1556 1684; x_wconf 84' lang='lat' dir='ltr'><strong><em>ait</em></strong></span> <span class='ocrx_word' id='word_1_255' title='bbox 1569 1658 1595 1691; x_wconf 89' lang='lat' dir='ltr'><strong><em>(a</em></strong></span> <span class='ocrx_word' id='word_1_256' title='bbox 1610 1657 1698 1685; x_wconf 91' lang='lat' dir='ltr'><strong><em>reditu</em></strong></span> <span class='ocrx_word' id='word_1_257' title='bbox 1717 1656 1827 1693; x_wconf 70' lang='lat' dir='ltr'><strong><em>Niceze),</em></strong></span> <span class='ocrx_word' id='word_1_258' title='bbox 1842 1652 1965 1686; x_wconf 69' lang='lat' dir='ltr'><strong><em>nonduin</em></strong></span> 
     </span>
    </p>
   </div>
   <div class='ocr_carea' id='block_1_37' title="bbox 1183 1702 1965 1737">
    <p class='ocr_par' dir='ltr' id='par_1_37' title="bbox 1183 1702 1965 1737">
     <span class='ocr_line' id='line_1_39' title="bbox 1183 1702 1965 1737; baseline 0.004 -9"><span class='ocrx_word' id='word_1_259' title='bbox 1183 1702 1298 1732; x_wconf 85' lang='lat' dir='ltr'><strong><em>exactis.</em></strong></span> <span class='ocrx_word' id='word_1_260' title='bbox 1315 1709 1471 1737; x_wconf 88' lang='lat' dir='ltr'><strong><em>supremum</em></strong></span> <span class='ocrx_word' id='word_1_261' title='bbox 1488 1703 1558 1730; x_wconf 89' lang='lat' dir='ltr'><strong><em>diem</em></strong></span> <span class='ocrx_word' id='word_1_262' title='bbox 1575 1703 1641 1730; x_wconf 84' lang='lat' dir='ltr'><strong><em>obiit</em></strong></span> <span class='ocrx_word' id='word_1_263' title='bbox 1659 1703 1744 1730; x_wconf 68' lang='lat' dir='ltr'><strong><em>beatae</em></strong></span> <span class='ocrx_word' id='word_1_264' title='bbox 1758 1704 1895 1731; x_wconf 61' lang='lat' dir='ltr'><strong><em>memoria</em></strong></span> <span class='ocrx_word' id='word_1_265' title='bbox 1905 1704 1965 1733; x_wconf 89' lang='lat' dir='ltr'><strong><em>Ale-</em></strong></span> 
     </span>
    </p>
   </div>
   <div class='ocr_carea' id='block_1_38' title="bbox 1188 1747 1972 1785">
    <p class='ocr_par' dir='ltr' id='par_1_38' title="bbox 1188 1747 1972 1785">
     <span class='ocr_line' id='line_1_40' title="bbox 1188 1747 1972 1785; baseline 0.009 -11"><span class='ocrx_word' id='word_1_266' title='bbox 1188 1748 1289 1775; x_wconf 87' lang='lat' dir='ltr'><strong><em>xander</em></strong></span> <span class='ocrx_word' id='word_1_267' title='bbox 1304 1755 1310 1773; x_wconf 77' lang='grc' dir='ltr'><strong>Ζ</strong></span> <span class='ocrx_word' id='word_1_268' title='bbox 1332 1757 1341 1774; x_wconf 78' lang='grc' dir='ltr'><strong><em>ι</em></strong></span> <span class='ocrx_word' id='word_1_269' title='bbox 1358 1747 1433 1774; x_wconf 76' lang='grc' dir='ltr'><strong><em>οὔπω</em></strong></span> <span class='ocrx_word' id='word_1_270' title='bbox 1456 1747 1510 1783; x_wconf 78' lang='grc' dir='ltr'><strong><em>γὰρ</em></strong></span> <span class='ocrx_word' id='word_1_271' title='bbox 1528 1748 1607 1774; x_wconf 80' lang='grc' dir='ltr'><strong><em>πέντε</em></strong></span> <span class='ocrx_word' id='word_1_272' title='bbox 1630 1747 1713 1783; x_wconf 86' lang='grc' dir='ltr'><strong><em>μῆνες</em></strong></span> <span class='ocrx_word' id='word_1_273' title='bbox 1735 1749 1886 1785; x_wconf 82' lang='grc' dir='ltr'><strong><em>παρῆλθον,</em></strong></span> <span class='ocrx_word' id='word_1_274' title='bbox 1901 1753 1946 1780; x_wconf 76' lang='grc' dir='ltr'><strong><em>καὶ</em></strong></span> <span class='ocrx_word' id='word_1_275' title='bbox 1957 1754 1972 1780; x_wconf 80' lang='grc'>6</span> 
     </span>
    </p>
   </div>
   <div class='ocr_carea' id='block_1_39' title="bbox 1188 1793 1972 1832">
    <p class='ocr_par' dir='ltr' id='par_1_39' title="bbox 1188 1793 1972 1832">
     <span class='ocr_line' id='line_1_41' title="bbox 1188 1793 1972 1832; baseline 0.009 -13"><span class='ocrx_word' id='word_1_276' title='bbox 1188 1793 1236 1828; x_wconf 83' lang='grc' dir='ltr'><strong><em>μὲν</em></strong></span> <span class='ocrx_word' id='word_1_277' title='bbox 1261 1794 1415 1830; x_wconf 80' lang='grc' dir='ltr'><strong><em>μακαρίτης</em></strong></span> <span class='ocrx_word' id='word_1_278' title='bbox 1440 1793 1610 1830; x_wconf 75' lang='grc' dir='ltr'><strong><em>Ἀλέξανδρος</em></strong></span> <span class='ocrx_word' id='word_1_279' title='bbox 1622 1794 1822 1831; x_wconf 79' lang='grc' dir='ltr'><strong><em>τετελεύτηκεν.</em></strong></span> <span class='ocrx_word' id='word_1_280' title='bbox 1838 1797 1926 1832; x_wconf 81' lang='lat' dir='ltr'><strong><em>Atque</em></strong></span> <span class='ocrx_word' id='word_1_281' title='bbox 1943 1799 1972 1827; x_wconf 89' lang='lat' dir='ltr'><strong><em>in</em></strong></span> 
     </span>
    </p>
   </div>
   <div class='ocr_carea' id='block_1_40' title="bbox 1183 1837 1964 1874">
    <p class='ocr_par' dir='ltr' id='par_1_40' title="bbox 1183 1837 1964 1874">
     <span class='ocr_line' id='line_1_42' title="bbox 1183 1837 1964 1874; baseline 0.003 -9"><span class='ocrx_word' id='word_1_282' title='bbox 1183 1838 1305 1866; x_wconf 82' lang='lat' dir='ltr'><strong><em>eamdem</em></strong></span> <span class='ocrx_word' id='word_1_283' title='bbox 1323 1839 1486 1867; x_wconf 87' lang='lat' dir='ltr'><strong><em>sententiam</em></strong></span> <span class='ocrx_word' id='word_1_284' title='bbox 1501 1837 1683 1866; x_wconf 84' lang='lat' dir='ltr'><strong><em>Theodoritus</em></strong></span> <span class='ocrx_word' id='word_1_285' title='bbox 1700 1839 1736 1874; x_wconf 59' lang='lat' dir='ltr'><strong><em>lg)</em></strong></span> <span class='ocrx_word' id='word_1_286' title='bbox 1759 1848 1765 1866; x_wconf 89' lang='lat'><strong>:</strong></span> <span class='ocrx_word' id='word_1_287' title='bbox 1785 1848 1795 1864; x_wconf 84' lang='grc'><strong>(</strong></span> <span class='ocrx_word' id='word_1_288' title='bbox 1815 1839 1903 1872; x_wconf 51' lang='lat' dir='ltr'><strong><em>Cum;</em></strong></span> <span class='ocrx_word' id='word_1_289' title='bbox 1919 1840 1964 1867; x_wconf 88' lang='lat' dir='ltr'><strong><em>in-</em></strong></span> 
     </span>
    </p>
   </div>
   <div class='ocr_carea' id='block_1_41' title="bbox 1183 1884 1964 1921">
    <p class='ocr_par' dir='ltr' id='par_1_41' title="bbox 1183 1884 1964 1921">
     <span class='ocr_line' id='line_1_43' title="bbox 1183 1884 1964 1921; baseline 0.004 -11"><span class='ocrx_word' id='word_1_290' title='bbox 1183 1884 1252 1918; x_wconf 88' lang='lat' dir='ltr'><strong><em>quit,</em></strong></span> <span class='ocrx_word' id='word_1_291' title='bbox 1270 1885 1440 1913; x_wconf 86' lang='lat' dir='ltr'><strong><em>admirabilis</em></strong></span> <span class='ocrx_word' id='word_1_292' title='bbox 1457 1885 1503 1913; x_wconf 90' lang='lat' dir='ltr'><strong><em>ille</em></strong></span> <span class='ocrx_word' id='word_1_293' title='bbox 1517 1885 1663 1920; x_wconf 87' lang='lat' dir='ltr'><strong><em>episcopus</em></strong></span> <span class='ocrx_word' id='word_1_294' title='bbox 1678 1885 1830 1912; x_wconf 85' lang='lat' dir='ltr'><strong><em>Alexander</em></strong></span> <span class='ocrx_word' id='word_1_295' title='bbox 1842 1886 1890 1921; x_wconf 92' lang='lat' dir='ltr'><strong><em>qui</em></strong></span> <span class='ocrx_word' id='word_1_296' title='bbox 1904 1885 1964 1913; x_wconf 81' lang='lat' dir='ltr'><strong><em>Arii</em></strong></span> 
     </span>
    </p>
   </div>
   <div class='ocr_carea' id='block_1_42' title="bbox 1183 1924 1962 1966">
    <p class='ocr_par' dir='ltr' id='par_1_42' title="bbox 1183 1924 1962 1966">
     <span class='ocr_line' id='line_1_44' title="bbox 1183 1924 1962 1966; baseline 0.004 -10"><span class='ocrx_word' id='word_1_297' title='bbox 1183 1929 1379 1964; x_wconf 85' lang='lat' dir='ltr'><strong><em>blasphemiam</em></strong></span> <span class='ocrx_word' id='word_1_298' title='bbox 1404 1924 1579 1966; x_wconf 72' lang='lat' dir='ltr'><strong><em>expugnavit,</em></strong></span> <span class='ocrx_word' id='word_1_299' title='bbox 1599 1935 1661 1966; x_wconf 88' lang='lat' dir='ltr'><strong><em>post</em></strong></span> <span class='ocrx_word' id='word_1_300' title='bbox 1677 1931 1798 1966; x_wconf 88' lang='lat' dir='ltr'><strong><em>quinque</em></strong></span> <span class='ocrx_word' id='word_1_301' title='bbox 1821 1939 1931 1960; x_wconf 84' lang='lat' dir='ltr'><strong><em>menses</em></strong></span> <span class='ocrx_word' id='word_1_302' title='bbox 1946 1938 1962 1959; x_wconf 67' lang='grc' dir='ltr'><strong><em>η</em></strong></span> 
     </span>
    </p>
   </div>
   <div class='ocr_carea' id='block_1_43' title="bbox 1183 1976 1963 2011">
    <p class='ocr_par' dir='ltr' id='par_1_43' title="bbox 1183 1976 1963 2011">
     <span class='ocr_line' id='line_1_45' title="bbox 1183 1976 1963 2011; baseline 0.003 -9"><span class='ocrx_word' id='word_1_303' title='bbox 1183 1976 1286 2011; x_wconf 87' lang='lat' dir='ltr'><strong><em>synodo</em></strong></span> <span class='ocrx_word' id='word_1_304' title='bbox 1301 1976 1407 2004; x_wconf 54' lang='lat' dir='ltr'><strong><em>Nicena</em></strong></span> <span class='ocrx_word' id='word_1_305' title='bbox 1419 1976 1525 2004; x_wconf 89' lang='lat' dir='ltr'><strong><em>vivendi</em></strong></span> <span class='ocrx_word' id='word_1_306' title='bbox 1541 1976 1621 2004; x_wconf 77' lang='lat' dir='ltr'><strong><em>fluent</em></strong></span> <span class='ocrx_word' id='word_1_307' title='bbox 1636 1976 1756 2008; x_wconf 83' lang='lat' dir='ltr'><strong><em>iecisset,</em></strong></span> <span class='ocrx_word' id='word_1_308' title='bbox 1771 1976 1963 2005; x_wconf 68' lang='lat' dir='ltr'><strong><em>Alexandrinae</em></strong></span> 
     </span>
    </p>
   </div>
   <div class='ocr_carea' id='block_1_44' title="bbox 346 2012 1962 2058">
    <p class='ocr_par' dir='ltr' id='par_1_44' title="bbox 346 2012 1962 2058">
     <span class='ocr_line' id='line_1_46' title="bbox 346 2012 1962 2058; baseline -0.003 -3"><span class='ocrx_word' id='word_1_309' title='bbox 346 2032 501 2056; x_wconf 85' lang='lat' dir='ltr'><strong><em>creaturam</em></strong></span> <span class='ocrx_word' id='word_1_310' title='bbox 518 2031 544 2054; x_wconf 89' lang='lat' dir='ltr'><strong><em>et</em></strong></span> <span class='ocrx_word' id='word_1_311' title='bbox 567 2026 700 2053; x_wconf 77' lang='lat' dir='ltr'><strong><em>facturam</em></strong></span> <span class='ocrx_word' id='word_1_312' title='bbox 716 2025 841 2056; x_wconf 84' lang='lat' dir='ltr'><strong><em>vocabat,</em></strong></span> <span class='ocrx_word' id='word_1_313' title='bbox 873 2024 995 2058; x_wconf 83' lang='lat' dir='ltr'><strong><em>ejusdem</em></strong></span> <span class='ocrx_word' id='word_1_314' title='bbox 1009 2032 1071 2051; x_wconf 87' lang='lat' dir='ltr'><strong><em>esse</em></strong></span> <span class='ocrx_word' id='word_1_315' title='bbox 1085 2024 1127 2051; x_wconf 91' lang='lat' dir='ltr'><strong><em>di-</em></strong></span> <span class='ocrx_word' id='word_1_316' title='bbox 1145 2012 1166 2039; x_wconf 75' lang='grc' dir='ltr'><strong>Β</strong></span> <span class='ocrx_word' id='word_1_317' title='bbox 1183 2021 1311 2050; x_wconf 74' lang='lat' dir='ltr'><strong><em>Ecclesia:</em></strong></span> <span class='ocrx_word' id='word_1_318' title='bbox 1331 2023 1505 2057; x_wconf 69' lang='lat' dir='ltr'><strong><em>praesulatum</em></strong></span> <span class='ocrx_word' id='word_1_319' title='bbox 1526 2023 1694 2050; x_wconf 83' lang='lat' dir='ltr'><strong><em>Athanasius</em></strong></span> <span class='ocrx_word' id='word_1_320' title='bbox 1712 2023 1842 2058; x_wconf 87' lang='lat' dir='ltr'><strong><em>suscepit.</em></strong></span> <span class='ocrx_word' id='word_1_321' title='bbox 1864 2032 1873 2049; x_wconf 87' lang='lat' dir='ltr'><strong>I</strong></span> <span class='ocrx_word' id='word_1_322' title='bbox 1897 2022 1962 2050; x_wconf 71' lang='lat' dir='ltr'><strong><em>Haec</em></strong></span> 
     </span>
    </p>
   </div>
   <div class='ocr_carea' id='block_1_45' title="bbox 345 2070 1129 2110">
    <p class='ocr_par' dir='ltr' id='par_1_45' title="bbox 345 2070 1129 2110">
     <span class='ocr_line' id='line_1_47' title="bbox 345 2070 1129 2110; baseline -0.006 -9"><span class='ocrx_word' id='word_1_323' title='bbox 345 2074 456 2110; x_wconf 76' lang='lat' dir='ltr'><strong><em>gnilatis</em></strong></span> <span class='ocrx_word' id='word_1_324' title='bbox 470 2075 530 2100; x_wconf 87' lang='lat' dir='ltr'><strong><em>cum</em></strong></span> <span class='ocrx_word' id='word_1_325' title='bbox 542 2072 632 2104; x_wconf 85' lang='lat' dir='ltr'><strong><em>Patre,</em></strong></span> <span class='ocrx_word' id='word_1_326' title='bbox 650 2071 827 2106; x_wconf 82' lang='lat' dir='ltr'><strong><em>eamdemque</em></strong></span> <span class='ocrx_word' id='word_1_327' title='bbox 839 2078 900 2097; x_wconf 87' lang='lat' dir='ltr'><strong><em>cum</em></strong></span> <span class='ocrx_word' id='word_1_328' title='bbox 913 2070 967 2097; x_wconf 89' lang='lat' dir='ltr'><strong><em>Deo</em></strong></span> <span class='ocrx_word' id='word_1_329' title='bbox 980 2070 1026 2105; x_wconf 90' lang='lat' dir='ltr'><strong><em>qui</em></strong></span> <span class='ocrx_word' id='word_1_330' title='bbox 1041 2070 1129 2105; x_wconf 83' lang='lat' dir='ltr'><strong><em>ipsum</em></strong></span> 
     </span>
    </p>
   </div>
   <div class='ocr_carea' id='block_1_46' title="bbox 345 2116 893 2154">
    <p class='ocr_par' dir='ltr' id='par_1_46' title="bbox 345 2116 893 2154">
     <span class='ocr_line' id='line_1_48' title="bbox 345 2116 893 2154; baseline -0.007 -8"><span class='ocrx_word' id='word_1_331' title='bbox 345 2119 448 2154; x_wconf 74' lang='lat' dir='ltr'><strong><em>genuit,</em></strong></span> <span class='ocrx_word' id='word_1_332' title='bbox 471 2118 569 2145; x_wconf 87' lang='lat' dir='ltr'><strong><em>habere</em></strong></span> <span class='ocrx_word' id='word_1_333' title='bbox 581 2117 762 2144; x_wconf 77' lang='lat' dir='ltr'><strong><em>substantiam</em></strong></span> <span class='ocrx_word' id='word_1_334' title='bbox 774 2116 893 2142; x_wconf 77' lang='lat' dir='ltr'><strong><em>edocuit.</em></strong></span> 
     </span>
    </p>
   </div>
   <div class='ocr_carea' id='block_1_47' title="bbox 381 2160 1130 2196">
    <p class='ocr_par' dir='ltr' id='par_1_47' title="bbox 381 2160 1130 2196">
     <span class='ocr_line' id='line_1_49' title="bbox 381 2160 1130 2196; baseline -0.001 -8"><span class='ocrx_word' id='word_1_335' title='bbox 381 2162 413 2189; x_wconf 88' lang='lat' dir='ltr'><strong><em>ll.</em></strong></span> <span class='ocrx_word' id='word_1_336' title='bbox 433 2161 465 2188; x_wconf 82' lang='lat' dir='ltr'><strong><em>Et</em></strong></span> <span class='ocrx_word' id='word_1_337' title='bbox 482 2161 599 2196; x_wconf 79' lang='lat' dir='ltr'><strong><em>primum</em></strong></span> <span class='ocrx_word' id='word_1_338' title='bbox 627 2161 736 2195; x_wconf 81' lang='lat' dir='ltr'><strong><em>quidem</em></strong></span> <span class='ocrx_word' id='word_1_339' title='bbox 762 2160 873 2187; x_wconf 88' lang='lat' dir='ltr'><strong><em>monitis</em></strong></span> <span class='ocrx_word' id='word_1_340' title='bbox 898 2165 924 2187; x_wconf 82' lang='lat' dir='ltr'><strong><em>et</em></strong></span> <span class='ocrx_word' id='word_1_341' title='bbox 943 2160 1065 2188; x_wconf 83' lang='lat' dir='ltr'><strong><em>consiliis</em></strong></span> <span class='ocrx_word' id='word_1_342' title='bbox 1080 2160 1130 2187; x_wconf 46' lang='lat' dir='ltr'><strong><em>hor</em></strong></span> 
     </span>
    </p>
   </div>
   <div class='ocr_carea' id='block_1_48' title="bbox 344 2206 1127 2234">
    <p class='ocr_par' dir='ltr' id='par_1_48' title="bbox 344 2206 1127 2234">
     <span class='ocr_line' id='line_1_50' title="bbox 344 2206 1127 2234; baseline 0 -1"><span class='ocrx_word' id='word_1_343' title='bbox 344 2208 443 2234; x_wconf 80' lang='lat' dir='ltr'><strong><em>minem</em></strong></span> <span class='ocrx_word' id='word_1_344' title='bbox 458 2207 491 2233; x_wconf 87' lang='lat' dir='ltr'><strong><em>ab</em></strong></span> <span class='ocrx_word' id='word_1_345' title='bbox 516 2207 641 2233; x_wconf 89' lang='lat' dir='ltr'><strong><em>instituto</em></strong></span> <span class='ocrx_word' id='word_1_346' title='bbox 664 2213 792 2233; x_wconf 86' lang='lat' dir='ltr'><strong><em>revocare</em></strong></span> <span class='ocrx_word' id='word_1_347' title='bbox 818 2206 932 2233; x_wconf 89' lang='lat' dir='ltr'><strong><em>studuit.</em></strong></span> <span class='ocrx_word' id='word_1_348' title='bbox 956 2206 989 2232; x_wconf 90' lang='lat' dir='ltr'><strong><em>At</em></strong></span> <span class='ocrx_word' id='word_1_349' title='bbox 1006 2207 1050 2233; x_wconf 86' lang='lat' dir='ltr'><strong><em>ubi</em></strong></span> <span class='ocrx_word' id='word_1_350' title='bbox 1067 2215 1127 2233; x_wconf 88' lang='lat' dir='ltr'><strong><em>eum</em></strong></span> 
     </span>
    </p>
   </div>
   <div class='ocr_carea' id='block_1_49' title="bbox 345 2251 1129 2286">
    <p class='ocr_par' dir='ltr' id='par_1_49' title="bbox 345 2251 1129 2286">
     <span class='ocr_line' id='line_1_51' title="bbox 345 2251 1129 2286; baseline -0.001 -7"><span class='ocrx_word' id='word_1_351' title='bbox 345 2253 465 2281; x_wconf 86' lang='lat' dir='ltr'><strong><em>insanire</em></strong></span> <span class='ocrx_word' id='word_1_352' title='bbox 482 2259 614 2286; x_wconf 82' lang='lat' dir='ltr'><strong><em>suamque</em></strong></span> <span class='ocrx_word' id='word_1_353' title='bbox 629 2251 793 2286; x_wconf 87' lang='lat' dir='ltr'><strong><em>impielatem</em></strong></span> <span class='ocrx_word' id='word_1_354' title='bbox 810 2252 898 2286; x_wconf 85' lang='lat' dir='ltr'><strong><em>palam</em></strong></span> <span class='ocrx_word' id='word_1_355' title='bbox 911 2252 1059 2286; x_wconf 75' lang='lat' dir='ltr'><strong><em>przedicarc</em></strong></span> <span class='ocrx_word' id='word_1_356' title='bbox 1071 2253 1129 2278; x_wconf 90' lang='lat' dir='ltr'><strong><em>aui-</em></strong></span> 
     </span>
    </p>
   </div>
   <div class='ocr_carea' id='block_1_50' title="bbox 326 2297 1128 2329">
    <p class='ocr_par' dir='ltr' id='par_1_50' title="bbox 326 2297 1128 2329">
     <span class='ocr_line' id='line_1_52' title="bbox 326 2297 1128 2329; baseline -0.001 -5"><span class='ocrx_word' id='word_1_357' title='bbox 326 2298 488 2325; x_wconf 49' lang='lat' dir='ltr'><strong><em>ariadvertit</em></strong></span> <span class='ocrx_word' id='word_1_358' title='bbox 499 2303 610 2325; x_wconf 82' lang='lat' dir='ltr'><strong><em>sanctus</em></strong></span> <span class='ocrx_word' id='word_1_359' title='bbox 625 2297 739 2324; x_wconf 89' lang='lat' dir='ltr'><strong><em>antistes</em></strong></span> <span class='ocrx_word' id='word_1_360' title='bbox 750 2317 757 2329; x_wconf 85' lang='lat'><strong><em>,</em></strong></span> <span class='ocrx_word' id='word_1_361' title='bbox 779 2297 949 2324; x_wconf 82' lang='lat' dir='ltr'><strong><em>Alexandriae</em></strong></span> <span class='ocrx_word' id='word_1_362' title='bbox 968 2303 1060 2324; x_wconf 84' lang='lat' dir='ltr'><strong><em>coacta</em></strong></span> <span class='ocrx_word' id='word_1_363' title='bbox 1075 2305 1128 2324; x_wconf 89' lang='lat' dir='ltr'><strong><em>una</em></strong></span> 
     </span>
    </p>
   </div>
   <div class='ocr_carea' id='block_1_51' title="bbox 343 2342 1127 2378">
    <p class='ocr_par' dir='ltr' id='par_1_51' title="bbox 343 2342 1127 2378">
     <span class='ocr_line' id='line_1_53' title="bbox 343 2342 1127 2378; baseline -0.001 -7"><span class='ocrx_word' id='word_1_364' title='bbox 343 2348 369 2371; x_wconf 91' lang='lat' dir='ltr'><strong><em>et</em></strong></span> <span class='ocrx_word' id='word_1_365' title='bbox 385 2346 470 2371; x_wconf 72' lang='lat' dir='ltr'><strong><em>altera</em></strong></span> <span class='ocrx_word' id='word_1_366' title='bbox 489 2343 592 2378; x_wconf 87' lang='lat' dir='ltr'><strong><em>synodo</em></strong></span> <span class='ocrx_word' id='word_1_367' title='bbox 607 2342 798 2377; x_wconf 82' lang='lat' dir='ltr'><strong><em>episcoporum</em></strong></span> <span class='ocrx_word' id='word_1_368' title='bbox 816 2342 936 2378; x_wconf 65' lang='lat' dir='ltr'><strong><em>Egypti,</em></strong></span> <span class='ocrx_word' id='word_1_369' title='bbox 960 2350 992 2370; x_wconf 79' lang='lat' dir='ltr'><strong><em>ex</em></strong></span> <span class='ocrx_word' id='word_1_370' title='bbox 1013 2343 1127 2378; x_wconf 87' lang='lat' dir='ltr'><strong><em>presby-</em></strong></span> 
     </span>
    </p>
   </div>
   <div class='ocr_carea' id='block_1_52' title="bbox 346 2387 1127 2422">
    <p class='ocr_par' dir='ltr' id='par_1_52' title="bbox 346 2387 1127 2422">
     <span class='ocr_line' id='line_1_54' title="bbox 346 2387 1127 2422; baseline -0.003 -6"><span class='ocrx_word' id='word_1_371' title='bbox 346 2395 467 2416; x_wconf 85' lang='lat' dir='ltr'><strong><em>terorum</em></strong></span> <span class='ocrx_word' id='word_1_372' title='bbox 484 2389 578 2416; x_wconf 89' lang='lat' dir='ltr'><strong><em>ordine</em></strong></span> <span class='ocrx_word' id='word_1_373' title='bbox 596 2389 671 2415; x_wconf 92' lang='lat' dir='ltr'><strong><em>illum</em></strong></span> <span class='ocrx_word' id='word_1_374' title='bbox 696 2388 830 2422; x_wconf 85' lang='lat' dir='ltr'><strong><em>dcjcctum</em></strong></span> <span class='ocrx_word' id='word_1_375' title='bbox 850 2387 979 2415; x_wconf 62' lang='lat' dir='ltr'><strong><em>Ecl-lesize</em></strong></span> <span class='ocrx_word' id='word_1_376' title='bbox 1006 2395 1127 2415; x_wconf 90' lang='lat' dir='ltr'><strong><em>commu—</em></strong></span> 
     </span>
    </p>
   </div>
   <div class='ocr_carea' id='block_1_53' title="bbox 345 2432 1127 2467">
    <p class='ocr_par' dir='ltr' id='par_1_53' title="bbox 345 2432 1127 2467">
     <span class='ocr_line' id='line_1_55' title="bbox 345 2432 1127 2467; baseline -0.003 -7"><span class='ocrx_word' id='word_1_377' title='bbox 345 2435 426 2460; x_wconf 85' lang='lat' dir='ltr'><strong><em>nione</em></strong></span> <span class='ocrx_word' id='word_1_378' title='bbox 447 2434 572 2467; x_wconf 80' lang='lat' dir='ltr'><strong><em>privavit.</em></strong></span> <span class='ocrx_word' id='word_1_379' title='bbox 594 2432 662 2459; x_wconf 88' lang='lat' dir='ltr'><strong><em>Tum</em></strong></span> <span class='ocrx_word' id='word_1_380' title='bbox 685 2439 751 2459; x_wconf 88' lang='lat' dir='ltr'><strong><em>vero</em></strong></span> <span class='ocrx_word' id='word_1_381' title='bbox 775 2432 931 2466; x_wconf 87' lang='lat' dir='ltr'><strong><em>hujusmodi</em></strong></span> <span class='ocrx_word' id='word_1_382' title='bbox 957 2433 1127 2460; x_wconf 84' lang='lat' dir='ltr'><strong><em>anathemate</em></strong></span> 
     </span>
    </p>
   </div>
   <div class='ocr_carea' id='block_1_54' title="bbox 343 2477 1127 2513">
    <p class='ocr_par' dir='ltr' id='par_1_54' title="bbox 343 2477 1127 2513">
     <span class='ocr_line' id='line_1_56' title="bbox 343 2477 1127 2513; baseline -0.003 -7"><span class='ocrx_word' id='word_1_383' title='bbox 343 2479 484 2513; x_wconf 84' lang='lat' dir='ltr'><strong><em>perculsus</em></strong></span> <span class='ocrx_word' id='word_1_384' title='bbox 500 2478 693 2509; x_wconf 62' lang='lat' dir='ltr'><strong><em>hatresiarcha,</em></strong></span> <span class='ocrx_word' id='word_1_385' title='bbox 710 2485 772 2504; x_wconf 90' lang='lat' dir='ltr'><strong><em>cum</em></strong></span> <span class='ocrx_word' id='word_1_386' title='bbox 789 2477 875 2511; x_wconf 79' lang='lat' dir='ltr'><strong><em>magis</em></strong></span> <span class='ocrx_word' id='word_1_387' title='bbox 887 2477 975 2504; x_wconf 86' lang='lat' dir='ltr'><strong><em>adhuc</em></strong></span> <span class='ocrx_word' id='word_1_388' title='bbox 988 2477 1127 2512; x_wconf 77' lang='lat' dir='ltr'><strong><em>magisque</em></strong></span> 
     </span>
    </p>
   </div>
   <div class='ocr_carea' id='block_1_55' title="bbox 342 2521 1126 2559">
    <p class='ocr_par' dir='ltr' id='par_1_55' title="bbox 342 2521 1126 2559">
     <span class='ocr_line' id='line_1_57' title="bbox 342 2521 1126 2559; baseline -0.003 -9"><span class='ocrx_word' id='word_1_389' title='bbox 342 2525 433 2552; x_wconf 79' lang='lat' dir='ltr'><strong><em>furere</em></strong></span> <span class='ocrx_word' id='word_1_390' title='bbox 458 2527 591 2559; x_wconf 76' lang='lat' dir='ltr'><strong><em>pergeret,</em></strong></span> <span class='ocrx_word' id='word_1_391' title='bbox 614 2530 686 2550; x_wconf 90' lang='lat' dir='ltr'><strong><em>anno</em></strong></span> <span class='ocrx_word' id='word_1_392' title='bbox 703 2522 812 2549; x_wconf 85' lang='lat' dir='ltr'><strong><em>tandem</em></strong></span> <span class='ocrx_word' id='word_1_393' title='bbox 841 2522 893 2549; x_wconf 75' lang='grc'><strong><em>525</em></strong></span> <span class='ocrx_word' id='word_1_394' title='bbox 918 2521 1014 2549; x_wconf 64' lang='lat' dir='ltr'><strong><em>Nicaeae</em></strong></span> <span class='ocrx_word' id='word_1_395' title='bbox 1030 2522 1056 2548; x_wconf 88' lang='lat' dir='ltr'><strong><em>in</em></strong></span> <span class='ocrx_word' id='word_1_396' title='bbox 1082 2521 1126 2548; x_wconf 93' lang='lat' dir='ltr'><strong><em>Bi—</em></strong></span> 
     </span>
    </p>
   </div>
   <div class='ocr_carea' id='block_1_56' title="bbox 341 2568 1126 2606">
    <p class='ocr_par' dir='ltr' id='par_1_56' title="bbox 341 2568 1126 2606">
     <span class='ocr_line' id='line_1_58' title="bbox 341 2568 1126 2606; baseline -0.003 -9"><span class='ocrx_word' id='word_1_397' title='bbox 341 2571 434 2606; x_wconf 87' lang='lat' dir='ltr'><strong><em>thynia</em></strong></span> <span class='ocrx_word' id='word_1_398' title='bbox 454 2578 485 2598; x_wconf 83' lang='lat' dir='ltr'><strong><em>ex</em></strong></span> <span class='ocrx_word' id='word_1_399' title='bbox 499 2570 627 2597; x_wconf 87' lang='lat' dir='ltr'><strong><em>universo</em></strong></span> <span class='ocrx_word' id='word_1_400' title='bbox 641 2569 798 2597; x_wconf 86' lang='lat' dir='ltr'><strong><em>Christiano</em></strong></span> <span class='ocrx_word' id='word_1_401' title='bbox 814 2568 878 2596; x_wconf 83' lang='lat' dir='ltr'><strong><em>orbe</em></strong></span> <span class='ocrx_word' id='word_1_402' title='bbox 891 2572 1069 2596; x_wconf 90' lang='lat' dir='ltr'><strong><em>convocatum</em></strong></span> <span class='ocrx_word' id='word_1_403' title='bbox 1084 2571 1126 2595; x_wconf 88' lang='lat' dir='ltr'><strong><em>est</em></strong></span> 
     </span>
    </p>
   </div>
   <div class='ocr_carea' id='block_1_57' title="bbox 375 2658 970 2700">
    <p class='ocr_par' dir='ltr' id='par_1_57' title="bbox 375 2658 970 2700">
     <span class='ocr_line' id='line_1_59' title="bbox 375 2658 970 2700; baseline -0.002 -14"><span class='ocrx_word' id='word_1_404' title='bbox 375 2659 414 2700; x_wconf 72' lang='grc' dir='ltr'><strong><em>ςᾳ)</em></strong></span> <span class='ocrx_word' id='word_1_405' title='bbox 432 2658 569 2700; x_wconf 60' lang='lat' dir='ltr'><strong><em>Theodor.</em></strong></span> <span class='ocrx_word' id='word_1_406' title='bbox 590 2658 663 2686; x_wconf 79' lang='lat' dir='ltr'><strong><em>Hist.</em></strong></span> <span class='ocrx_word' id='word_1_407' title='bbox 679 2658 755 2690; x_wconf 85' lang='lat' dir='ltr'><strong><em>eccl.,</em></strong></span> <span class='ocrx_word' id='word_1_408' title='bbox 767 2658 815 2686; x_wconf 89' lang='lat' dir='ltr'><strong><em>lib.</em></strong></span> <span class='ocrx_word' id='word_1_409' title='bbox 834 2665 854 2690; x_wconf 87' lang='lat' dir='ltr'><strong><em>I,</em></strong></span> <span class='ocrx_word' id='word_1_410' title='bbox 868 2666 928 2693; x_wconf 87' lang='lat' dir='ltr'><strong><em>cap.</em></strong></span> <span class='ocrx_word' id='word_1_411' title='bbox 943 2658 970 2686; x_wconf 73' lang='grc'><strong><em>2.</em></strong></span> 
     </span>
    </p>
   </div>
   <div class='ocr_carea' id='block_1_58' title="bbox 374 2693 1036 2764">
    <p class='ocr_par' dir='ltr' id='par_1_58' title="bbox 374 2693 1036 2764">
     <span class='ocr_line' id='line_1_60' title="bbox 375 2693 553 2728; baseline 0.006 -8"><span class='ocrx_word' id='word_1_412' title='bbox 375 2695 413 2728; x_wconf 80' lang='grc' dir='ltr'><strong><em>(ιη</em></strong></span> <span class='ocrx_word' id='word_1_413' title='bbox 432 2693 470 2721; x_wconf 92' lang='lat' dir='ltr'><strong><em>ld.</em></strong></span> <span class='ocrx_word' id='word_1_414' title='bbox 489 2693 553 2721; x_wconf 82' lang='lat' dir='ltr'><strong><em>ibid.</em></strong></span> 
     </span>
     <span class='ocr_line' id='line_1_61' title="bbox 374 2727 1036 2764; baseline -0.003 -9"><span class='ocrx_word' id='word_1_415' title='bbox 374 2730 410 2764; x_wconf 78' lang='grc' dir='ltr'><strong><em>(ι)</em></strong></span> <span class='ocrx_word' id='word_1_416' title='bbox 426 2729 546 2756; x_wconf 80' lang='lat' dir='ltr'><strong><em>Marcell.</em></strong></span> <span class='ocrx_word' id='word_1_417' title='bbox 560 2734 587 2756; x_wconf 87' lang='lat' dir='ltr'><strong><em>et</em></strong></span> <span class='ocrx_word' id='word_1_418' title='bbox 602 2728 695 2756; x_wconf 83' lang='lat' dir='ltr'><strong><em>Faust.</em></strong></span> <span class='ocrx_word' id='word_1_419' title='bbox 712 2728 804 2756; x_wconf 81' lang='lat' dir='ltr'><strong><em>Libell.</em></strong></span> <span class='ocrx_word' id='word_1_420' title='bbox 818 2736 899 2762; x_wconf 86' lang='lat' dir='ltr'><strong><em>prec.,</em></strong></span> <span class='ocrx_word' id='word_1_421' title='bbox 914 2728 965 2756; x_wconf 85' lang='lat' dir='ltr'><strong><em>sub</em></strong></span> <span class='ocrx_word' id='word_1_422' title='bbox 978 2727 1036 2754; x_wconf 89' lang='lat' dir='ltr'><strong><em>init.</em></strong></span> 
     </span>
    </p>
   </div>
   <div class='ocr_carea' id='block_1_59' title="bbox 375 2764 641 2799">
    <p class='ocr_par' dir='ltr' id='par_1_59' title="bbox 375 2764 641 2799">
     <span class='ocr_line' id='line_1_62' title="bbox 375 2764 641 2799; baseline 0.008 -10"><span class='ocrx_word' id='word_1_423' title='bbox 375 2764 414 2799; x_wconf 80' lang='grc' dir='ltr'><strong><em>(ά)</em></strong></span> <span class='ocrx_word' id='word_1_424' title='bbox 429 2764 566 2799; x_wconf 69' lang='lat' dir='ltr'><strong><em>Theodor.</em></strong></span> <span class='ocrx_word' id='word_1_425' title='bbox 582 2764 601 2790; x_wconf 92' lang='grc'>1.</span> <span class='ocrx_word' id='word_1_426' title='bbox 616 2771 641 2791; x_wconf 92' lang='lat' dir='ltr'><strong><em>c.</em></strong></span> 
     </span>
    </p>
   </div>
   <div class='ocr_carea' id='block_1_60' title="bbox 339 2795 1119 2871">
    <p class='ocr_par' dir='ltr' id='par_1_60' title="bbox 339 2795 1119 2871">
     <span class='ocr_line' id='line_1_63' title="bbox 339 2795 1119 2871; baseline -0.003 -45"><span class='ocrx_word' id='word_1_427' title='bbox 339 2795 523 2871; x_wconf 34' lang='lat' dir='ltr'><strong><em>ngfﬁtan.</em></strong></span> <span class='ocrx_word' id='word_1_428' title='bbox 537 2795 622 2834; x_wconf 71' lang='lat' dir='ltr'><strong><em>Epist.</em></strong></span> <span class='ocrx_word' id='word_1_429' title='bbox 639 2799 673 2826; x_wconf 80' lang='lat' dir='ltr'><strong><em>ad</em></strong></span> <span class='ocrx_word' id='word_1_430' title='bbox 687 2799 767 2833; x_wconf 73' lang='lat' dir='ltr'><strong><em>episc.</em></strong></span> <span class='ocrx_word' id='word_1_431' title='bbox 780 2798 900 2834; x_wconf 60' lang='lat' dir='ltr'><strong><em>Egypt,</em></strong></span> <span class='ocrx_word' id='word_1_432' title='bbox 925 2798 938 2832; x_wconf 83' lang='lat'><strong>§</strong></span> <span class='ocrx_word' id='word_1_433' title='bbox 953 2797 998 2830; x_wconf 72' lang='lat'><strong><em>2|,</em></strong></span> <span class='ocrx_word' id='word_1_434' title='bbox 1015 2801 1081 2825; x_wconf 89' lang='lat' dir='ltr'><strong><em>tom.</em></strong></span> <span class='ocrx_word' id='word_1_435' title='bbox 1100 2796 1119 2830; x_wconf 93' lang='grc'><strong><em>1,</em></strong></span> 
     </span>
    </p>
   </div>
   <div class='ocr_carea' id='block_1_61' title="bbox 1182 2068 1962 2104">
    <p class='ocr_par' dir='ltr' id='par_1_61' title="bbox 1182 2068 1962 2104">
     <span class='ocr_line' id='line_1_64' title="bbox 1182 2068 1962 2104; baseline 0.003 -10"><span class='ocrx_word' id='word_1_436' title='bbox 1182 2069 1236 2096; x_wconf 89' lang='lat' dir='ltr'><strong><em>ille.</em></strong></span> <span class='ocrx_word' id='word_1_437' title='bbox 1254 2069 1340 2102; x_wconf 82' lang='lat' dir='ltr'><strong><em>Quam</em></strong></span> <span class='ocrx_word' id='word_1_438' title='bbox 1352 2069 1462 2104; x_wconf 88' lang='lat' dir='ltr'><strong><em>quidem</em></strong></span> <span class='ocrx_word' id='word_1_439' title='bbox 1474 2069 1603 2103; x_wconf 87' lang='lat' dir='ltr'><strong><em>temporis</em></strong></span> <span class='ocrx_word' id='word_1_440' title='bbox 1618 2069 1797 2101; x_wconf 81' lang='lat' dir='ltr'><strong><em>notationem,</em></strong></span> <span class='ocrx_word' id='word_1_441' title='bbox 1823 2073 1853 2096; x_wconf 90' lang='lat' dir='ltr'><strong><em>ut</em></strong></span> <span class='ocrx_word' id='word_1_442' title='bbox 1866 2068 1962 2096; x_wconf 86' lang='lat' dir='ltr'><strong><em>adver-</em></strong></span> 
     </span>
    </p>
   </div>
   <div class='ocr_carea' id='block_1_62' title="bbox 1181 2114 1962 2150">
    <p class='ocr_par' dir='ltr' id='par_1_62' title="bbox 1181 2114 1962 2150">
     <span class='ocr_line' id='line_1_65' title="bbox 1181 2114 1962 2150; baseline 0.003 -9"><span class='ocrx_word' id='word_1_443' title='bbox 1181 2114 1212 2141; x_wconf 92' lang='lat' dir='ltr'><strong><em>lit</em></strong></span> <span class='ocrx_word' id='word_1_444' title='bbox 1234 2115 1357 2143; x_wconf 83' lang='lat' dir='ltr'><strong><em>eruditus</em></strong></span> <span class='ocrx_word' id='word_1_445' title='bbox 1381 2114 1546 2150; x_wconf 87' lang='lat' dir='ltr'><strong><em>Lequienius</em></strong></span> <span class='ocrx_word' id='word_1_446' title='bbox 1562 2114 1610 2150; x_wconf 76' lang='lat' dir='ltr'><strong><em>(In),</em></strong></span> <span class='ocrx_word' id='word_1_447' title='bbox 1638 2115 1665 2142; x_wconf 92' lang='lat' dir='ltr'><strong><em>in</em></strong></span> <span class='ocrx_word' id='word_1_448' title='bbox 1687 2115 1818 2150; x_wconf 68' lang='lat' dir='ltr'><strong><em>singulari</em></strong></span> <span class='ocrx_word' id='word_1_449' title='bbox 1842 2114 1962 2150; x_wconf 85' lang='lat' dir='ltr'><strong><em>quadam</em></strong></span> 
     </span>
    </p>
   </div>
   <div class='ocr_carea' id='block_1_63' title="bbox 1179 2159 1961 2188">
    <p class='ocr_par' dir='ltr' id='par_1_63' title="bbox 1179 2159 1961 2188">
     <span class='ocr_line' id='line_1_66' title="bbox 1179 2159 1961 2188; baseline 0.003 -2"><span class='ocrx_word' id='word_1_450' title='bbox 1179 2160 1417 2188; x_wconf 86' lang='lat' dir='ltr'><strong><em>dissertatiuncula</em></strong></span> <span class='ocrx_word' id='word_1_451' title='bbox 1428 2161 1580 2188; x_wconf 83' lang='lat' dir='ltr'><strong><em>edissercns</em></strong></span> <span class='ocrx_word' id='word_1_452' title='bbox 1594 2160 1769 2188; x_wconf 85' lang='lat' dir='ltr'><strong><em>doctissimus</em></strong></span> <span class='ocrx_word' id='word_1_453' title='bbox 1791 2159 1961 2188; x_wconf 75' lang='lat' dir='ltr'><strong><em>Montl‘auco-</em></strong></span> 
     </span>
    </p>
   </div>
   <div class='ocr_carea' id='block_1_64' title="bbox 1179 2205 1960 2239">
    <p class='ocr_par' dir='ltr' id='par_1_64' title="bbox 1179 2205 1960 2239">
     <span class='ocr_line' id='line_1_67' title="bbox 1179 2205 1960 2239; baseline 0.001 -6"><span class='ocrx_word' id='word_1_454' title='bbox 1179 2208 1252 2239; x_wconf 86' lang='lat' dir='ltr'><strong><em>nius,</em></strong></span> <span class='ocrx_word' id='word_1_455' title='bbox 1268 2207 1387 2235; x_wconf 86' lang='lat' dir='ltr'><strong><em>ostendit</em></strong></span> <span class='ocrx_word' id='word_1_456' title='bbox 1399 2207 1580 2234; x_wconf 81' lang='lat' dir='ltr'><strong><em>Alexandrum</em></strong></span> <span class='ocrx_word' id='word_1_457' title='bbox 1595 2207 1696 2234; x_wconf 87' lang='lat' dir='ltr'><strong><em>obiisse</em></strong></span> <span class='ocrx_word' id='word_1_458' title='bbox 1717 2206 1761 2234; x_wconf 90' lang='lat' dir='ltr'><strong><em>die</em></strong></span> <span class='ocrx_word' id='word_1_459' title='bbox 1770 2205 1805 2233; x_wconf 75' lang='lat'><strong>22</strong></span> <span class='ocrx_word' id='word_1_460' title='bbox 1816 2206 1960 2234; x_wconf 70' lang='lat' dir='ltr'><strong><em>Barmudte</em></strong></span> 
     </span>
    </p>
   </div>
   <div class='ocr_carea' id='block_1_65' title="bbox 1180 2251 1959 2287">
    <p class='ocr_par' dir='ltr' id='par_1_65' title="bbox 1180 2251 1959 2287">
     <span class='ocr_line' id='line_1_68' title="bbox 1180 2251 1959 2287; baseline -0.001 -7"><span class='ocrx_word' id='word_1_461' title='bbox 1180 2261 1228 2280; x_wconf 87' lang='lat' dir='ltr'><strong><em>seu</em></strong></span> <span class='ocrx_word' id='word_1_462' title='bbox 1253 2252 1424 2284; x_wconf 82' lang='lat' dir='ltr'><strong><em>Pharmuthi,</em></strong></span> <span class='ocrx_word' id='word_1_463' title='bbox 1445 2252 1512 2279; x_wconf 81' lang='lat' dir='ltr'><strong><em>feria</em></strong></span> <span class='ocrx_word' id='word_1_464' title='bbox 1533 2260 1563 2284; x_wconf 79' lang='grc' dir='ltr'>ιι,</span> <span class='ocrx_word' id='word_1_465' title='bbox 1589 2251 1689 2287; x_wconf 86' lang='lat' dir='ltr'><strong><em>Aprilis</em></strong></span> <span class='ocrx_word' id='word_1_466' title='bbox 1714 2252 1800 2279; x_wconf 82' lang='lat' dir='ltr'><strong><em>nostri</em></strong></span> <span class='ocrx_word' id='word_1_467' title='bbox 1818 2252 1862 2283; x_wconf 85' lang='grc' dir='ltr'><strong><em>Π,</em></strong></span> <span class='ocrx_word' id='word_1_468' title='bbox 1885 2259 1959 2280; x_wconf 77' lang='lat' dir='ltr'><strong><em>anno</em></strong></span> 
     </span>
    </p>
   </div>
   <div class='ocr_carea' id='block_1_66' title="bbox 1179 2297 1959 2333">
    <p class='ocr_par' dir='ltr' id='par_1_66' title="bbox 1179 2297 1959 2333">
     <span class='ocr_line' id='line_1_69' title="bbox 1179 2297 1959 2333; baseline 0 -8"><span class='ocrx_word' id='word_1_469' title='bbox 1179 2299 1293 2333; x_wconf 86' lang='lat' dir='ltr'><strong><em>proinde</em></strong></span> <span class='ocrx_word' id='word_1_470' title='bbox 1319 2299 1404 2326; x_wconf 86' lang='lat' dir='ltr'><strong><em>altero</em></strong></span> <span class='ocrx_word' id='word_1_471' title='bbox 1436 2302 1498 2333; x_wconf 90' lang='lat' dir='ltr'><strong><em>post</em></strong></span> <span class='ocrx_word' id='word_1_472' title='bbox 1525 2297 1659 2325; x_wconf 69' lang='lat' dir='ltr'><strong><em>Nicaenam</em></strong></span> <span class='ocrx_word' id='word_1_473' title='bbox 1695 2297 1849 2332; x_wconf 86' lang='lat' dir='ltr'><strong><em>synodum,</em></strong></span> <span class='ocrx_word' id='word_1_474' title='bbox 1883 2297 1959 2325; x_wconf 83' lang='lat' dir='ltr'><strong><em>scili-</em></strong></span> 
     </span>
    </p>
   </div>
   <div class='ocr_carea' id='block_1_67' title="bbox 1179 2345 1313 2371">
    <p class='ocr_par' dir='ltr' id='par_1_67' title="bbox 1179 2345 1313 2371">
     <span class='ocr_line' id='line_1_70' title="bbox 1179 2345 1313 2371; baseline 0 0"><span class='ocrx_word' id='word_1_475' title='bbox 1179 2348 1222 2371; x_wconf 89' lang='lat' dir='ltr'><strong><em>cet</em></strong></span> <span class='ocrx_word' id='word_1_476' title='bbox 1237 2345 1299 2371; x_wconf 74' lang='lat'><strong><em>3‘26.</em></strong></span> <span class='ocrx_word' id='word_1_477' title='bbox 1309 2352 1313 2357; x_wconf 91' lang='grc'><strong>·</strong></span> 
     </span>
    </p>
   </div>
   <div class='ocr_carea' id='block_1_68' title="bbox 1214 2388 1959 2425">
    <p class='ocr_par' dir='ltr' id='par_1_68' title="bbox 1214 2388 1959 2425">
     <span class='ocr_line' id='line_1_71' title="bbox 1214 2388 1959 2425; baseline 0.001 -9"><span class='ocrx_word' id='word_1_478' title='bbox 1214 2389 1257 2418; x_wconf 87' lang='lat' dir='ltr'><strong><em>lll.</em></strong></span> <span class='ocrx_word' id='word_1_479' title='bbox 1280 2390 1396 2425; x_wconf 87' lang='lat' dir='ltr'><strong><em>Scripsit</em></strong></span> <span class='ocrx_word' id='word_1_480' title='bbox 1421 2388 1574 2417; x_wconf 82' lang='lat' dir='ltr'><strong><em>Alexander</em></strong></span> <span class='ocrx_word' id='word_1_481' title='bbox 1599 2388 1752 2423; x_wconf 83' lang='lat' dir='ltr'><strong><em>encyclicas</em></strong></span> <span class='ocrx_word' id='word_1_482' title='bbox 1778 2389 1811 2416; x_wconf 91' lang='lat' dir='ltr'><strong><em>ad</em></strong></span> <span class='ocrx_word' id='word_1_483' title='bbox 1834 2390 1959 2425; x_wconf 74' lang='lat' dir='ltr'><strong><em>singulos</em></strong></span> 
     </span>
    </p>
   </div>
   <div class='ocr_carea' id='block_1_69' title="bbox 1177 2433 1960 2470">
    <p class='ocr_par' dir='ltr' id='par_1_69' title="bbox 1177 2433 1960 2470">
     <span class='ocr_line' id='line_1_72' title="bbox 1177 2433 1960 2470; baseline 0.001 -8"><span class='ocrx_word' id='word_1_484' title='bbox 1177 2435 1319 2470; x_wconf 74' lang='lat' dir='ltr'><strong><em>episcopos</em></strong></span> <span class='ocrx_word' id='word_1_485' title='bbox 1347 2436 1461 2467; x_wconf 87' lang='lat' dir='ltr'><strong><em>litteras,</em></strong></span> <span class='ocrx_word' id='word_1_486' title='bbox 1483 2436 1539 2466; x_wconf 77' lang='grc' dir='ltr'><strong><em>τοῖς</em></strong></span> <span class='ocrx_word' id='word_1_487' title='bbox 1561 2433 1715 2468; x_wconf 82' lang='grc' dir='ltr'>ἁπανταχοῦ</span> <span class='ocrx_word' id='word_1_488' title='bbox 1732 2434 1801 2461; x_wconf 77' lang='grc' dir='ltr'>κατὰ</span> <span class='ocrx_word' id='word_1_489' title='bbox 1816 2435 1903 2466; x_wconf 76' lang='grc' dir='ltr'><strong><em>πόλιν,</em></strong></span> <span class='ocrx_word' id='word_1_490' title='bbox 1928 2441 1960 2463; x_wconf 91' lang='lat' dir='ltr'><strong><em>ut</em></strong></span> 
     </span>
    </p>
   </div>
   <div class='ocr_carea' id='block_1_70' title="bbox 1177 2479 1959 2515">
    <p class='ocr_par' dir='ltr' id='par_1_70' title="bbox 1177 2479 1959 2515">
     <span class='ocr_line' id='line_1_73' title="bbox 1177 2479 1959 2515; baseline 0 -8"><span class='ocrx_word' id='word_1_491' title='bbox 1177 2488 1209 2507; x_wconf 85' lang='lat' dir='ltr'><strong><em>ex</em></strong></span> <span class='ocrx_word' id='word_1_492' title='bbox 1224 2479 1335 2508; x_wconf 86' lang='lat' dir='ltr'><strong><em>Socrate</em></strong></span> <span class='ocrx_word' id='word_1_493' title='bbox 1348 2481 1531 2515; x_wconf 89' lang='lat' dir='ltr'><strong><em>comperimus</em></strong></span> <span class='ocrx_word' id='word_1_494' title='bbox 1549 2479 1592 2515; x_wconf 76' lang='grc' dir='ltr'><strong><em>(ἰ),</em></strong></span> <span class='ocrx_word' id='word_1_495' title='bbox 1609 2480 1709 2514; x_wconf 89' lang='lat' dir='ltr'><strong><em>quibus</em></strong></span> <span class='ocrx_word' id='word_1_496' title='bbox 1730 2480 1853 2507; x_wconf 61' lang='lat' dir='ltr'><strong><em>haeresim</em></strong></span> <span class='ocrx_word' id='word_1_497' title='bbox 1877 2481 1959 2507; x_wconf 81' lang='lat' dir='ltr'><strong><em>Aria-</em></strong></span> 
     </span>
    </p>
   </div>
   <div class='ocr_carea' id='block_1_71' title="bbox 1176 2525 1958 2561">
    <p class='ocr_par' dir='ltr' id='par_1_71' title="bbox 1176 2525 1958 2561">
     <span class='ocr_line' id='line_1_74' title="bbox 1176 2525 1958 2561; baseline 0.001 -9"><span class='ocrx_word' id='word_1_498' title='bbox 1176 2533 1238 2552; x_wconf 90' lang='lat' dir='ltr'><strong><em>nam</em></strong></span> <span class='ocrx_word' id='word_1_499' title='bbox 1257 2526 1447 2561; x_wconf 78' lang='lat' dir='ltr'><strong><em>oppugnabat;</em></strong></span> <span class='ocrx_word' id='word_1_500' title='bbox 1464 2533 1565 2560; x_wconf 85' lang='lat' dir='ltr'><strong><em>easque</em></strong></span> <span class='ocrx_word' id='word_1_501' title='bbox 1579 2525 1663 2553; x_wconf 74' lang='lat' dir='ltr'><strong><em>ferme</em></strong></span> <span class='ocrx_word' id='word_1_502' title='bbox 1686 2527 1855 2561; x_wconf 77' lang='lat' dir='ltr'><strong><em>septuaginta</em></strong></span> <span class='ocrx_word' id='word_1_503' title='bbox 1870 2525 1958 2554; x_wconf 75' lang='lat' dir='ltr'><strong><em>fuisse</em></strong></span> 
     </span>
    </p>
   </div>
   <div class='ocr_carea' id='block_1_72' title="bbox 1176 2569 1958 2606">
    <p class='ocr_par' dir='ltr' id='par_1_72' title="bbox 1176 2569 1958 2606">
     <span class='ocr_line' id='line_1_75' title="bbox 1176 2569 1958 2606; baseline 0.001 -10"><span class='ocrx_word' id='word_1_504' title='bbox 1176 2570 1258 2598; x_wconf 77' lang='lat' dir='ltr'><strong><em>refert</em></strong></span> <span class='ocrx_word' id='word_1_505' title='bbox 1271 2569 1439 2605; x_wconf 77' lang='lat' dir='ltr'><strong><em>Epiphanius</em></strong></span> <span class='ocrx_word' id='word_1_506' title='bbox 1455 2571 1497 2606; x_wconf 72' lang='grc' dir='ltr'><strong><em>υ).</em></strong></span> <span class='ocrx_word' id='word_1_507' title='bbox 1515 2570 1584 2598; x_wconf 88' lang='lat' dir='ltr'><strong><em>Suas</em></strong></span> <span class='ocrx_word' id='word_1_508' title='bbox 1600 2572 1680 2606; x_wconf 80' lang='lat' dir='ltr'><strong><em>porro</em></strong></span> <span class='ocrx_word' id='word_1_509' title='bbox 1695 2571 1824 2606; x_wconf 89' lang='lat' dir='ltr'><strong><em>epistolas</em></strong></span> <span class='ocrx_word' id='word_1_510' title='bbox 1840 2571 1958 2606; x_wconf 74' lang='lat' dir='ltr'><strong><em>vigilan-</em></strong></span> 
     </span>
    </p>
   </div>
   <div class='ocr_carea' id='block_1_73' title="bbox 1214 2655 1906 2695">
    <p class='ocr_par' dir='ltr' id='par_1_73' title="bbox 1214 2655 1906 2695">
     <span class='ocr_line' id='line_1_76' title="bbox 1214 2655 1906 2695; baseline 0.001 -10"><span class='ocrx_word' id='word_1_511' title='bbox 1214 2659 1247 2693; x_wconf 76' lang='grc' dir='ltr'><strong><em>(Ῑ)</em></strong></span> <span class='ocrx_word' id='word_1_512' title='bbox 1266 2658 1304 2695; x_wconf 58' lang='grc' dir='ltr'>ω.</span> <span class='ocrx_word' id='word_1_513' title='bbox 1327 2655 1537 2695; x_wconf 34' lang='grc' dir='ltr'><strong><em>Αρὸιοῃ-ἱροηιτ.</em></strong></span> <span class='ocrx_word' id='word_1_514' title='bbox 1557 2659 1663 2695; x_wconf 66' lang='lat' dir='ltr'><strong><em>Arium,</em></strong></span> <span class='ocrx_word' id='word_1_515' title='bbox 1682 2659 1753 2695; x_wconf 77' lang='lat'><strong><em>§59,</em></strong></span> <span class='ocrx_word' id='word_1_516' title='bbox 1768 2666 1828 2695; x_wconf 74' lang='lat' dir='ltr'><strong><em>pag.</em></strong></span> <span class='ocrx_word' id='word_1_517' title='bbox 1845 2657 1906 2686; x_wconf 83' lang='lat' dir='ltr'><strong><em>l78.</em></strong></span> 
     </span>
    </p>
   </div>
   <div class='ocr_carea' id='block_1_74' title="bbox 1243 2667 1809 2729">
    <p class='ocr_par' dir='ltr' id='par_1_74' title="bbox 1243 2667 1809 2729">
     <span class='ocr_line' id='line_1_77' title="bbox 1243 2667 1809 2721; baseline 0.005 -37"><span class='ocrx_word' id='word_1_518' title='bbox 1243 2667 1247 2690; x_wconf 71' lang='grc' dir='ltr'><strong><em>ι</em></strong></span> <span class='ocrx_word' id='word_1_519' title='bbox 1266 2667 1304 2685; x_wconf 68' lang='grc' dir='ltr'>ιιι.</span> <span class='ocrx_word' id='word_1_520' title='bbox 1327 2667 1437 2693; x_wconf 72' lang='lat' dir='ltr'><strong><em>Apotag.</em></strong></span> <span class='ocrx_word' id='word_1_521' title='bbox 1451 2667 1537 2699; x_wconf 61' lang='lat' dir='ltr'><strong><em>contr.</em></strong></span> <span class='ocrx_word' id='word_1_522' title='bbox 1557 2667 1663 2699; x_wconf 75' lang='grc' dir='ltr'><strong><em>Ανιᾳη..</em></strong></span> <span class='ocrx_word' id='word_1_523' title='bbox 1682 2667 1809 2721; x_wconf 52' lang='lat' dir='ltr'><strong><em>sumptu</em></strong></span> 
     </span>
     <span class='ocr_line' id='line_1_78' title="bbox 1243 2693 1809 2729; baseline 0.004 -9"><span class='ocrx_word' id='word_1_524' title='bbox 1243 2696 1250 2727; x_wconf 89' lang='lat'><strong>)</strong></span> <span class='ocrx_word' id='word_1_525' title='bbox 1267 2694 1402 2721; x_wconf 86' lang='lat' dir='ltr'><strong><em>Theodor.</em></strong></span> <span class='ocrx_word' id='word_1_526' title='bbox 1421 2693 1581 2729; x_wconf 37' lang='grc' dir='ltr'><strong><em>ῌιειηεεειη</em></strong></span> <span class='ocrx_word' id='word_1_527' title='bbox 1597 2694 1645 2721; x_wconf 81' lang='lat' dir='ltr'><strong><em>lib.</em></strong></span> <span class='ocrx_word' id='word_1_528' title='bbox 1659 2702 1678 2727; x_wconf 91' lang='lat' dir='ltr'><strong><em>I,</em></strong></span> <span class='ocrx_word' id='word_1_529' title='bbox 1689 2702 1748 2729; x_wconf 83' lang='lat' dir='ltr'><strong><em>cap.</em></strong></span> <span class='ocrx_word' id='word_1_530' title='bbox 1782 2697 1809 2722; x_wconf 83' lang='grc' dir='ltr'><strong><em>ϋ.</em></strong></span> 
     </span>
    </p>
   </div>
   <div class='ocr_carea' id='block_1_75' title="bbox 1213 2698 1872 2765">
    <p class='ocr_par' dir='ltr' id='par_1_75' title="bbox 1213 2698 1872 2765">
     <span class='ocr_line' id='line_1_79' title="bbox 1243 2698 1809 2729; baseline 0.004 -9"><span class='ocrx_word' id='word_1_531' title='bbox 1243 2698 1250 2727; x_wconf 83' lang='grc'><strong>)</strong></span> <span class='ocrx_word' id='word_1_532' title='bbox 1267 2698 1402 2721; x_wconf 80' lang='lat' dir='ltr'><strong><em>&#39;l&#39;heodor.</em></strong></span> <span class='ocrx_word' id='word_1_533' title='bbox 1421 2698 1491 2720; x_wconf 71' lang='lat' dir='ltr'><strong><em>ﬂist.</em></strong></span> <span class='ocrx_word' id='word_1_534' title='bbox 1507 2698 1581 2725; x_wconf 59' lang='grc' dir='ltr'><strong><em>κει,</em></strong></span> <span class='ocrx_word' id='word_1_535' title='bbox 1597 2698 1645 2721; x_wconf 86' lang='lat' dir='ltr'><strong><em>lib.</em></strong></span> <span class='ocrx_word' id='word_1_536' title='bbox 1659 2702 1678 2727; x_wconf 89' lang='lat' dir='ltr'><strong><em>I,</em></strong></span> <span class='ocrx_word' id='word_1_537' title='bbox 1689 2702 1748 2729; x_wconf 85' lang='lat' dir='ltr'><strong><em>cap.</em></strong></span> <span class='ocrx_word' id='word_1_538' title='bbox 1763 2698 1809 2722; x_wconf 74' lang='lat'><strong><em>26.</em></strong></span> 
     </span>
     <span class='ocr_line' id='line_1_80' title="bbox 1213 2698 1872 2765; baseline 0 -11"><span class='ocrx_word' id='word_1_539' title='bbox 1213 2698 1251 2764; x_wconf 44' lang='grc' dir='ltr'><strong><em>ᾖ)</em></strong></span> <span class='ocrx_word' id='word_1_540' title='bbox 1264 2728 1398 2765; x_wconf 55' lang='lat' dir='ltr'><strong><em>Lequieu.</em></strong></span> <span class='ocrx_word' id='word_1_541' title='bbox 1420 2727 1467 2755; x_wconf 91' lang='lat' dir='ltr'><strong><em>0r.</em></strong></span> <span class='ocrx_word' id='word_1_542' title='bbox 1485 2727 1596 2765; x_wconf 58' lang='grc' dir='ltr'><strong><em>ϐΙιιζὶβι.⁷</em></strong></span> <span class='ocrx_word' id='word_1_543' title='bbox 1613 2734 1680 2757; x_wconf 82' lang='grc' dir='ltr'>ιοιιι.</span> <span class='ocrx_word' id='word_1_544' title='bbox 1692 2729 1725 2762; x_wconf 83' lang='grc' dir='ltr'><strong><em>ΙΙ,</em></strong></span> <span class='ocrx_word' id='word_1_545' title='bbox 1736 2737 1798 2765; x_wconf 72' lang='lat' dir='ltr'><strong><em>pag.</em></strong></span> <span class='ocrx_word' id='word_1_546' title='bbox 1811 2726 1872 2756; x_wconf 68' lang='lat'><strong><em>390.</em></strong></span> 
     </span>
    </p>
   </div>
   <div class='ocr_carea' id='block_1_76' title="bbox 1212 2763 1730 2800">
    <p class='ocr_par' dir='ltr' id='par_1_76' title="bbox 1212 2763 1730 2800">
     <span class='ocr_line' id='line_1_81' title="bbox 1212 2763 1730 2800; baseline 0 -10"><span class='ocrx_word' id='word_1_547' title='bbox 1212 2764 1244 2798; x_wconf 84' lang='lat' dir='ltr'><strong><em>(i)</em></strong></span> <span class='ocrx_word' id='word_1_548' title='bbox 1261 2764 1338 2800; x_wconf 58' lang='grc' dir='ltr'><strong><em>ξοοξι·ἶ</em></strong></span> <span class='ocrx_word' id='word_1_549' title='bbox 1357 2763 1430 2800; x_wconf 72' lang='lat' dir='ltr'><strong><em>Hist.</em></strong></span> <span class='ocrx_word' id='word_1_550' title='bbox 1446 2764 1510 2791; x_wconf 73' lang='grc' dir='ltr'><strong><em>θεοί,</em></strong></span> <span class='ocrx_word' id='word_1_551' title='bbox 1530 2763 1576 2800; x_wconf 79' lang='lat' dir='ltr'><strong><em>lib.</em></strong></span> <span class='ocrx_word' id='word_1_552' title='bbox 1594 2772 1612 2796; x_wconf 84' lang='grc' dir='ltr'><strong><em>ι,</em></strong></span> <span class='ocrx_word' id='word_1_553' title='bbox 1626 2772 1687 2800; x_wconf 86' lang='lat' dir='ltr'><strong><em>cap.</em></strong></span> <span class='ocrx_word' id='word_1_554' title='bbox 1703 2764 1730 2792; x_wconf 82' lang='lat'><strong><em>6.</em></strong></span> 
     </span>
    </p>
   </div>
   <div class='ocr_carea' id='block_1_77' title="bbox 1210 2798 1604 2834">
    <p class='ocr_par' dir='ltr' id='par_1_77' title="bbox 1210 2798 1604 2834">
     <span class='ocr_line' id='line_1_82' title="bbox 1210 2798 1604 2834; baseline 0.003 -8"><span class='ocrx_word' id='word_1_555' title='bbox 1210 2800 1243 2834; x_wconf 86' lang='lat' dir='ltr'><strong><em>(j)</em></strong></span> <span class='ocrx_word' id='word_1_556' title='bbox 1262 2798 1358 2834; x_wconf 81' lang='lat' dir='ltr'><strong><em>Epiph.</em></strong></span> <span class='ocrx_word' id='word_1_557' title='bbox 1374 2798 1438 2826; x_wconf 53' lang='lat' dir='ltr'><strong><em>liter.</em></strong></span> <span class='ocrx_word' id='word_1_558' title='bbox 1458 2806 1532 2832; x_wconf 79' lang='lat' dir='ltr'><strong><em>inx,</em></strong></span> <span class='ocrx_word' id='word_1_559' title='bbox 1548 2798 1562 2833; x_wconf 62' lang='grc' dir='ltr'><strong>ἓ</strong></span> <span class='ocrx_word' id='word_1_560' title='bbox 1577 2800 1604 2827; x_wconf 76' lang='grc'><strong><em>4.</em></strong></span> 
     </span>
    </p>
   </div>
  </div>
