2145 3163
693 185 721 212 5.
742 183 952 212 ALEXANDER
971 180 1074 210 ALEX.
1089 197 1124 202 —
1135 179 1285 209 NOTITIA.

1762 179 1814 209 επ

199 245 337 273 tissimum
361 243 504 280 praesulem
526 249 588 270 cum
611 241 646 270 iis
668 249 737 276 quas
764 241 798 268 ad
825 241 914 276 ipsum
938 247 983 268 re-
998 243 1023 272 Α
1035 239 1169 266 circulum
1184 238 1270 267 missa
1282 237 1435 265 ostendam.
1455 235 1548 273 Neque
1567 244 1618 273 ego
1632 237 1678 265 hic
1689 234 1817 266 Theodo-

200 290 370 325 scripoerunt
382 287 503 324 episcopi
518 294 567 322 per
591 287 712 321 singulas
732 286 814 314 urbes
829 286 983 317 constituti,

201 344 251 372 pro
264 335 405 363 catholica!
416 333 559 361 sententia:
574 332 732 360 defensione
751 333 779 359 iu
805 339 888 358 unum
905 331 983 358 volu-

206 390 265 410 men
278 380 461 415 congessisse.
476 383 574 414 praater
589 376 730 405 Socratem
747 377 786 413 (α)
802 379 919 404 testatur
934 375 985 403 So-

203 435 334 455 zomenus
346 426 396 462 (θ).
410 426 445 453 At
454 433 488 452 ex
507 425 634 453 omnibus
648 425 771 460 epistolis
781 431 851 459 quas
866 423 985 450 Alexan-

201 474 282 501 drum
298 472 492 507 perscripsisse
509 471 593 498 tradit
606 471 767 506 antiquitas,
788 470 849 497 dua:
864 473 984 496 tantum—

200 520 283 549 modo
289 521 400 554 integrte
407 519 488 546 hodie
496 517 743 557 superantmuibus
752 516 855 545 accedit
862 516 984 551 ejusdem

201 565 349 593 Alexandri
365 565 456 592 brevis
469 564 599 592 allocutio
613 559 647 591 de
661 564 718 590 Arii
735 568 762 591 et
777 563 913 589 sociorum
936 562 985 589 de-

203 611 338 642 positione
349 611 383 637 ad
396 611 571 646 presbyteros
587 614 614 637 ct
630 609 762 636 diaconos
773 607 943 636 Alexandria:
959 611 986 634 et

203 657 338 685 Mareotaz.
363 657 544 692 Epistolarum
561 656 652 690 itaque
670 655 744 689 prior
758 661 838 689 quam
860 652 986 680 Theodo-

203 704 257 730 rito
267 707 406 738 acceptam
421 702 565 730 referimus
588 701 635 736 (ε),
651 701 816 735 homonymo
832 698 986 726 Alexandro

205 749 503 784 Constantinopolitano
516 748 645 783 episcopo
656 746 825 774 inscribitur.
839 744 914 771 Hanc
923 751 986 771 vero

205 796 349 832 epistolam
366 799 426 831 post
437 795 602 823 celebratam
627 792 761 828 synodum
775 790 985 818 Alexandrinam

205 840 291 868 fuisse
313 843 465 871 exaratam,
484 847 517 867 ex
538 839 572 866 iis
592 840 760 872 compertum
779 836 910 863 habemus
926 841 986 869 quae

203 886 256 919 sub
267 886 375 914 initium
389 889 548 914 occurrunt.
565 885 611 912 Sic
625 885 697 912 enim
711 887 822 911 sanctus
834 881 915 908 Pater
925 879 963 915 (ά)
977 889 983 907 :

1037 284 1091 311 rito
1110 284 1215 312 [utilem
1235 283 1336 311 Gelasii
1358 283 1484 320 Cyziceni
1508 283 1662 312 Diobolaris
1692 285 1818 320 ῥαψῳδοῢ

1036 331 1228 357 auctoritatem
1250 329 1434 365 opposuerim.
1458 330 1505 365 qui
1522 330 1706 358 Alexandrum
1732 331 1817 358 istum

1035 376 1088 403 hoc
1102 380 1225 411 tempore
1238 374 1292 403 CP.
1309 375 1438 403 Ecclesia
1454 375 1571 403 necdum
1591 376 1734 412 praefuisse
1746 376 1819 403 auir-

1035 426 1110 455 mat;
1123 428 1260 457 quemque
1273 422 1355 457 paulo
1381 425 1444 457 post
1466 421 1576 449 Nicaano
1590 423 1708 450 concilio
1725 423 1819 458 priva-

1036 471 1093 495 tum
1110 468 1200 495 adhuc
1213 468 1403 503 presbyterum
1428 475 1478 503 pro
1501 468 1676 504 Metrophane
1694 474 1819 497 extrema

1036 517 1176 541 senectute
1194 513 1319 542 confecto
1342 513 1501 544 interfuisse
1517 514 1623 542 scribit.
1637 513 1722 549 Cujus
1739 515 1819 542 ﬁdem

1037 559 1135 586 incerti
1147 564 1256 594 quoque
1268 560 1522 588 auctoris-narratio
1534 560 1568 588 de
1581 567 1697 588 cccxvnt
1715 560 1819 588 Niceni

1036 604 1145 632 concilii
1162 604 1288 632 Patribus
1303 606 1437 640 sequitur,
1452 613 1513 640 qua
1527 605 1555 632 in
1580 605 1701 632 Historia
1714 611 1820 633 sancto-

1037 659 1095 677 rum
1109 650 1254 685 Lipomani
1266 656 1373 685 exstat;
1388 652 1468 687 cujus
1481 652 1621 687 exemplar
1635 659 1670 680 ex
1687 653 1761 687 regio
1770 647 1820 680 co-

1036 695 1097 722 dice
1110 696 1137 722 in
1153 694 1249 723 Galliis
1264 696 1411 731 aliquando
1421 703 1464 723 me
1476 695 1685 732 transcripsisse
1697 696 1818 724 memini.

1037 740 1111 774 Haec,
1127 741 1250 777 inquam,
1266 742 1334 769 tanti
1350 749 1403 769 non
1420 746 1494 774 sunt,
1515 746 1545 769 ut
1567 741 1726 770 Theodoriti
1750 741 1819 769 alio-

1037 794 1153 823 rumque
1167 788 1312 816 meliorum
1338 791 1481 815 auctorum
1507 788 1588 816 ﬁdem
1604 788 1677 823 apud
1695 795 1748 816 nos
1764 788 1820 815 ele-

1035 837 1110 861 vem.
1131 843 1141 860 ι
1156 831 1295 861 Hactenus
1311 833 1479 862 ﬂelstenius.
1499 833 1594 869 Neque
1615 834 1665 862 abs
1683 842 1715 862 re
1739 833 1822 861 fuerit

1037 881 1181 909 consulere
1206 880 1450 914 Monttauconium,
1476 881 1523 916 qui
1544 880 1651 908 erudite
1674 880 1820 907 admodum

206 942 216 958 ι
237 934 276 961 Ac
291 941 343 961 nos
360 934 479 968 quidem.
495 933 594 968 inquit,
611 937 674 959 cum
689 938 719 958 ea
745 936 806 965 quae
828 929 889 955 vita:
912 928 985 962 ipso-
1002 936 1022 962 Β
1040 925 1155 961 inquirit
1169 925 1212 961 (ἰ),
1234 925 1300 960 quid
1316 926 1352 953 sit
1371 925 1423 952 hac
1438 925 1497 960 ipsa
1513 925 1542 952 in
1557 924 1673 960 epistola
1689 924 1721 960 υ)
1738 924 1821 959 τόμος

201 988 264 1008 rum
280 980 465 1016 (Arianorum)
478 986 511 1006 ac
525 979 638 1006 nefariis
654 976 800 1005 conatibus
814 978 982 1009 competunt,

203 1027 293 1056 serius
307 1031 416 1063 propter
433 1027 553 1061 ipsorum
564 1024 682 1052 latebras
693 1021 983 1058 deprehendit-scmus;

203 1074 343 1101 communi
358 1073 480 1100 omnium
495 1071 625 1107 suffragio
639 1078 673 1098 ex
685 1066 757 1097 coetu
778 1067 907 1095 Ecclesia!
925 1073 986 1102 quae

203 1120 306 1149 Christi
320 1119 489 1148 divinitatem
504 1118 608 1150 adorat,
624 1124 672 1145 eos
684 1116 825 1151 ejecitnus.
842 1124 852 1140 ›
870 1113 985 1141 Praeter-

203 1175 248 1200 ea,
262 1171 292 1194 ut
309 1166 437 1194 observat
450 1166 486 1193 cl.
499 1163 636 1196 Valesius,
650 1171 683 1191 ex
707 1163 761 1190 alio
780 1161 903 1197 ejusdem
928 1159 986 1195 epi-

205 1213 283 1241 stolae
294 1213 358 1240 loco
374 1211 408 1248 (ε)
420 1211 552 1239 discimus
566 1218 626 1238 eam
642 1209 789 1245 scripsisse
801 1207 986 1235 Alexandrum

205 1263 268 1287 ante
285 1259 359 1286 illam
374 1265 455 1294 quam
468 1257 501 1284 ad
518 1264 614 1284 omnes
629 1255 766 1283 Ecclesias
774 1254 882 1282 direxit.
896 1252 987 1287 Siqui-

205 1304 268 1332 dem
283 1312 316 1332 eo
330 1304 384 1332 loci
403 1305 443 1332 sic
458 1303 578 1338 loquitur
593 1302 690 1330 beatus
709 1300 842 1328 antistes:
860 1309 870 1326 t
890 1298 988 1327 Nescio

205 1359 261 1387 quo
274 1351 355 1378 modo
369 1350 486 1378 ordinati
495 1351 524 1377 in
537 1349 614 1385 Syria
625 1353 681 1376 tres
691 1347 822 1382 episcopi,
837 1346 892 1374 illis
904 1344 988 1376 (Aria-

206 1397 261 1430 nis)
280 1395 487 1427 consentiendo,
501 1402 549 1422 eos
561 1393 594 1420 ad
607 1393 700 1429 pejora
713 1392 837 1419 incitant.
859 1400 868 1415 ι
886 1390 988 1417 Intelli-

205 1441 243 1476 δὴ
257 1441 397 1471 nimirum,
414 1441 452 1467 ait
463 1440 504 1466 vir
514 1440 628 1467 criticus
639 1438 684 1473 (ι’),
699 1437 845 1465 Eusebium
859 1435 989 1463 Caesareae

206 1487 359 1514 Palaestinae
384 1486 563 1521 episcopum,
597 1484 767 1512 Theodotum
794 1481 935 1509 Laodiceae
961 1485 989 1508 et

206 1533 350 1560 Paulinum
365 1531 431 1568 Tyri
451 1542 459 1559 :
485 1532 535 1559 hos
556 1531 629 1559 enim
652 1530 824 1557 anathemate
846 1528 989 1555 damnatos

207 1580 291 1607 fuisse
308 1586 323 1605 a
338 1583 433 1606 nostro
450 1578 565 1613 przesule
576 1576 762 1605 Alexandrino
776 1578 892 1602 testatur
908 1573 989 1600 Arius

206 1626 234 1652 in
244 1623 360 1660 epistola
373 1624 406 1651 ad
419 1624 564 1651 Eusebium
575 1622 809 1650 Nicomodiensem
818 1621 988 1655 episcopum,

206 1679 288 1706 quam
302 1670 399 1698 recitat
414 1669 597 1696 Tbeodoritus
611 1668 660 1704 (ς).
676 1667 760 1702 Cujus
781 1667 892 1702 quidem
909 1666 990 1693 Nico-

207 1717 355 1744 mediensis
367 1715 488 1751 episcopi
506 1715 670 1742 mentionem
688 1713 778 1741 facere
793 1712 866 1740 haud
879 1713 990 1739 omisis-

207 1767 250 1790 set
265 1762 417 1790 Alexander
431 1763 458 1789 in
477 1761 530 1796 _bac
549 1760 583 1788 ad
602 1760 790 1795 cognominem
808 1758 989 1786 Alexandrum

207 1809 333 1844 epistola.
351 1811 374 1836 si
386 1816 446 1836 eam
460 1808 522 1835 loco
532 1808 683 1842 posteriore
697 1805 866 1840 scripsisset.

243 1854 287 1882 IV.
306 1854 438 1882 Caeterum
452 1854 487 1882 ad
499 1853 621 1889 ejusdem
638 1853 760 1888 epistolae
783 1851 990 1886 inscriptiOnem

207 1904 280 1939 quod
299 1904 405 1935 attinet,
430 1906 528 1938 pater
542 1909 574 1930 ea
587 1909 648 1936 quae
672 1901 705 1928 ad
728 1901 801 1927 illam
818 1909 850 1927 ex
868 1899 951 1935 Pagio
963 1904 991 1926 ct

208 1949 320 1978 Baluxio
338 1950 539 1981 adnotavimus,
552 1948 714 1976 sententiam
727 1945 863 1974 Holstenii
876 1947 928 1973 viri
940 1946 989 1972 do-

209 1995 325 2023 ctissimi
344 1995 397 2022 huc
406 1995 549 2023 ‘adducere
561 1995 673 2029 jnverit.
692 1993 739 2021 Sic
755 1993 838 2028 igitur
860 1993 905 2020 ille
923 1992 961 2027 (h)
983 2002 989 2019 :

211 2049 222 2066 α
239 2040 309 2068 Cum
332 2041 359 2067 in
386 2041 437 2067 bac
453 2040 579 2075 epistola,
605 2048 661 2067 non
685 2046 768 2066 unum
794 2038 923 2073 aliquem.
943 2038 991 2064 sed

201 2086 302 2126 plures
317 2086 433 2114 subinde
446 2087 602 2121 alloquatnr
612 2085 827 2117 Alexander;....
856 2083 921 2110 mihi
939 2082 990 2109 lixa

209 2132 267 2160 haec
290 2133 365 2160 sedet
379 2133 524 2165 sententia,
550 2140 605 2159 non
632 2131 764 2167 privatam
789 2130 908 2164 aliquam
936 2129 992 2156 sive

210 2179 397 2206 tractatoriam
420 2179 490 2206 hanc
513 2178 655 2214 epistolam
679 2185 751 2209 esse,
766 2176 813 2203 sed
829 2175 991 2202 circularem

210 2231 242 2251 ac
257 2223 422 2259 generalem,
442 2224 554 2251 missam
568 2223 600 2249 ad
613 2223 737 2249 diversos
755 2219 870 2254 Europa:
884 2218 992 2253 episco-

210 2277 269 2304 pos.
285 2269 363 2303 Quod
378 2277 457 2297 nemo
471 2270 550 2297 facile
569 2269 716 2304 negaverit,
732 2267 778 2302 qui
794 2266 876 2300 hujus
887 2265 989 2299 episto—
1007 2278 1031 2305 ι)

211 2317 244 2343 ιω
258 2320 361 2350 partem
377 2320 536 2346 extremam,
555 2320 581 2343 et
591 2313 840 2342 ecclesiasticarum
862 2310 992 2346 epistola-

212 2368 272 2388 rum
289 2360 404 2388 formam
415 2362 579 2396 modumque
590 2369 644 2388 non
662 2361 741 2395 plane
756 2359 921 2394 ignoret.....
932 2355 992 2382 Non

213 2411 242 2434 ut
270 2407 422 2435 Alexandro
447 2406 741 2441 Constantinopolitano
766 2404 895 2439 episcopo
923 2404 993 2429 hanc

212 2453 354 2489 epistolam
374 2453 505 2488 scriptam
522 2461 633 2489 negem;
648 2452 694 2480 sed
711 2455 739 2478 ut
758 2451 790 2478 ad
805 2450 873 2477 alios
885 2455 995 2484 quoque

212 2501 318 2528 vicinos
343 2500 498 2535 episcopos,
520 2500 561 2527 vel
583 2500 610 2526 in
637 2498 710 2533 regia
731 2497 799 2524 urbe
824 2495 993 2530 negotiorum

213 2553 295 2573 causa
308 2550 367 2572 tum
385 2550 535 2577 versantes,
551 2545 673 2580 ejusdem
686 2550 793 2578 quoque
808 2542 932 2576 exempla
947 2546 995 2574 per

250 2635 288 2670 (ιι)
306 2633 383 2660 Socr.
400 2632 419 2660 ι.
435 2641 457 2660 ε.
475 2634 527 2661 sub
541 2633 586 2660 fin.

250 2670 287 2696 ib)
304 2668 413 2695 Sozom.
428 2667 498 2694 Hist.
515 2668 577 2695 ccci.
592 2669 606 2694 Ii

280 2663 287 2700 ᾗ
301 2668 413 2709 ἓρῑοιςι.
428 2667 498 2709 Hist.
515 2668 577 2695 ccci.
590 2669 671 2709 lib._t.
685 2675 746 2701 cap.
760 2666 785 2696 1,
798 2664 849 2709 sub
860 2663 904 2690 ﬁn.

262 2713 275 2731 c
301 2703 437 2730 Theodor.
454 2703 525 2731 Hist.
542 2703 605 2730 erat.
621 2703 669 2731 lib.
686 2711 705 2734 ι,
721 2700 781 2737 cap.
793 2700 821 2728 4.

305 2740 382 2766 Alex.
399 2738 482 2772 Epist.
501 2739 526 2770 Ι,
543 2738 556 2773 §
571 2737 598 2764 2.

261 2705 289 2811 ’ᾖ
299 2774 347 2811 _l_d.
364 2773 507 2811 ibid.‘._§r9.
530 2808 536 2811 _
599 2807 631 2811 __
729 2808 733 2811 _

252 2746 277 2775 ιιι
305 2746 382 2766 Alex.
399 2746 482 2772 epist.
501 2746 526 2770 ι,

252 2746 289 2811 (εἶ
306 2774 344 2801 Id.
364 2773 469 2836 ibidqé
480 2774 507 2800 9.

252 2811 285 2836 tn
299 2808 389 2836 Vales.
400 2808 434 2835 ad
470 2810 526 2835 hem

299 2808 434 2851 Yaleszad
446 2803 582 2851 ineptior.
594 2807 666 2834 Hist.
680 2808 826 2842 ecct.,pag.
839 2803 882 2850 ili,
895 2807 959 2832 note
967 2803 996 2838 2,

217 2843 283 2876 edit;
300 2844 430 2872 Cantabr.
445 2843 523 2871 “20.

252 2881 290 2914 (9)
305 2879 439 2906 Theodor.
456 2879 524 2905 Hist.
541 2877 668 2914 ecclLlib.
683 2885 705 2914 _I,
718 2884 778 2914 cap.

252 2882 290 2941 (ί)
305 2882 439 2906 Theodor.
456 2882 524 2905 Hist.
541 2882 604 2904 eccl.
623 2882 668 2904 lib.
686 2885 705 2908 I,
718 2884 778 2908 cap.
790 2882 818 2903 5.
870 2910 876 2916 .

253 2917 264 2952 (
282 2915 292 2951 )
307 2915 429 2943 Holsten.
442 2914 476 2943 ad
490 2911 735 2946 calcemTheodor.
748 2911 839 2940 Vales.
850 2910 959 2940 dissert.
975 2917 996 2943 ι,

1037 973 1095 1001 sive
1109 976 1200 1000 tomus
1221 973 1277 1005 ille,
1289 980 1368 1007 quem
1379 972 1514 1006 episcopis
1528 979 1577 1006 per
1591 972 1685 999 orbem
1698 971 1821 999 subscri-

1036 1019 1156 1046 bendum
1178 1019 1332 1046 Alexander
1350 1018 1551 1046 Alexandrinus
1575 1018 1610 1045 ad
1633 1017 1820 1046 Alexandrum

1036 1065 1196 1101 Byzantium
1211 1065 1295 1093 misit.

1072 1111 1105 1138 V.
1126 1111 1163 1139 De
1188 1111 1301 1146 reliquis
1323 1111 1431 1139 duobus
1457 1111 1609 1138 litterarum
1635 1109 1819 1137 monumentis

1036 1165 1098 1192 qua
1121 1157 1247 1192 superius
1268 1157 1418 1192 excipiunt.
1435 1165 1498 1184 cum
1512 1164 1544 1184 ea
1562 1157 1618 1184 sint
1634 1164 1667 1183 ex
1688 1156 1820 1190 praeclara

1037 1202 1286 1230 Athanasianorum
1306 1202 1425 1230 editione
1446 1202 1595 1238 descripta,
1622 1205 1732 1236 prastat
1756 1208 1822 1236 pro-

1038 1253 1132 1283 pterea
1145 1249 1291 1284 ipsummet
1304 1249 1512 1276 celeberrimum
1525 1249 1657 1276 editorem
1679 1249 1717 1276 ita
1730 1247 1764 1275 de
1785 1249 1821 1276 iis

1038 1295 1250 1330 praloquentem
1263 1295 1358 1322 audire
1369 1294 1406 1330 (It)
1420 1303 1428 1322 :
1445 1303 1456 1320 ι
1470 1294 1594 1326 Edimus,
1609 1294 1706 1328 inquit,
1719 1294 1823 1321 Καθαί-

1034 1348 1124 1373 pectr-
1137 1347 1185 1367 seu
1202 1339 1397 1374 Depositionern
1412 1341 1468 1367 Arii
1482 1345 1510 1367 et
1518 1340 1669 1371 sociorum,
1685 1339 1722 1366 ita
1747 1339 1823 1367 scili-

1039 1391 1082 1414 cet
1097 1391 1280 1422 nuncupatnm
1295 1386 1323 1413 in
1335 1385 1432 1413 codice
1441 1386 1522 1421 Regio
1537 1385 1609 1413 unde
1633 1393 1664 1412 ea
1680 1384 1824 1419 desumpta

1039 1436 1102 1464 est;
1118 1432 1181 1459 licet
1197 1432 1306 1467 proprie
1317 1431 1385 1458 nihil
1400 1432 1445 1458 illa
1462 1432 1498 1458 sit
1512 1430 1586 1458 aliud
1601 1431 1655 1458 nisi
1669 1431 1756 1457 oratio
1769 1437 1824 1465 qua

1040 1476 1195 1503 Alexander
1227 1476 1452 1511 archiepiscopus
1486 1476 1590 1503 accitos
1624 1474 1824 1503 Alexandrinos

1040 1521 1255 1557 Mareoticosqne
1276 1522 1451 1557 presbyteros
1473 1527 1554 1557 atque
1568 1522 1709 1554 diaconos,
1732 1528 1826 1548 coram

1040 1568 1176 1600 hortatur,
1194 1572 1224 1594 ut
1239 1568 1405 1603 encyclicam
1419 1575 1499 1594 suam
1513 1567 1657 1602 epistolam
1683 1574 1736 1602 qua
1759 1575 1826 1594 nar-

1043 1617 1119 1640 ratur
1142 1614 1200 1640 Arii
1217 1614 1409 1648 sociorumque
1421 1612 1570 1645 damnatio,
1587 1613 1712 1640 muniant
1727 1611 1828 1640 suifra-

1042 1659 1086 1693 gio
1103 1667 1153 1686 suo
1169 1665 1250 1694 atque
1262 1659 1473 1693 subscriptione.
1492 1658 1549 1685 Hoc
1568 1658 1730 1692 opusculum
1745 1662 1826 1685 antea

1042 1705 1176 1732 ineditum
1191 1705 1223 1733 ι’.
1239 1705 1268 1734 C.
1284 1705 1437 1733 Cotelerius
1452 1705 1510 1732 suis
1521 1704 1555 1731 ad
1570 1704 1622 1731 PP.
1634 1704 1714 1739 primi
1731 1705 1826 1732 seaculi

1043 1754 1116 1781 notis
1133 1752 1247 1780 inseruit
1263 1751 1306 1786 (ι),
1324 1759 1358 1779 ne
1371 1752 1475 1778 scilicet
1489 1758 1602 1786 prorsus
1618 1751 1753 1778 interiret.
1770 1750 1825 1778 Sed

1041 1807 1103 1826 cum
1119 1801 1196 1825 extra
1219 1797 1359 1832 proprium
1387 1797 1477 1823 locum
1504 1796 1540 1823 ibi
1566 1796 1685 1831 positum
1707 1796 1754 1828 sit.
1771 1796 1826 1824 huc

1042 1846 1130 1872 visum
1144 1847 1185 1870 est
1202 1843 1332 1877 adjicere,
1348 1850 1410 1869 cum
1427 1842 1578 1876 praesertim
1601 1842 1827 1876 implicatissimis

1042 1892 1206 1918 Arianorum
1221 1889 1342 1917 exordiis
1359 1889 1429 1916 haud
1446 1897 1540 1924 parum
1556 1889 1625 1915 lucis
1637 1888 1740 1915 aderat.

1079 1935 1147 1964 Huic
1164 1935 1339 1970 adjungimus
1353 1934 1522 1969 encyclicam
1547 1933 1693 1961 Alexandri
1721 1934 1825 1968 episto-

1043 1983 1108 2014 lam.
1132 1989 1193 2017 qua:
1218 1982 1255 2008 ita
1279 1980 1441 2016 praecedenti
1469 1979 1631 2014 Depositiom‘
1648 1979 1775 2011 cohaeret,
1797 1984 1827 2006 ut

1043 2029 1200 2055 nullatenus
1219 2027 1316 2055 debeat
1331 2027 1365 2053 ab
1381 2034 1412 2053 ea
1439 2026 1575 2061 segregari
1599 2035 1606 2053 :
1632 2034 1717 2062 quare
1739 2034 1828 2061 operte

1043 2074 1160 2108 pretium
1183 2073 1234 2099 fuit
1253 2072 1314 2100 illas
1327 2072 1444 2099 invicem
1470 2072 1610 2106 sejunctas
1626 2071 1670 2099 hic
1686 2072 1826 2106 copulare,

1043 2125 1123 2154 prout
1139 2120 1165 2146 in
1179 2119 1273 2146 eodem
1282 2117 1363 2153 Regio
1384 2118 1479 2146 codice
1497 2118 1600 2152 jacent.
1625 2117 1745 2145 ﬂabetur
1770 2117 1828 2145 haec

1043 2166 1158 2200 epistola
1175 2165 1247 2199 apud
1260 2163 1400 2191 Socratem
1419 2163 1478 2198 (γη),
1494 2163 1541 2190 sed
1556 2163 1651 2190 multis
1663 2163 1768 2190 mendis
1781 2170 1827 2190 re—

1044 2218 1149 2245 spersa,
1180 2210 1425 2244 desideranturque
1440 2209 1476 2236 ibi
1490 2208 1666 2236 Alexandrini
1682 2209 1746 2236 cleri
1760 2209 1825 2236 sub-

1045 2257 1223 2292 scriptiones.
1237 2255 1303 2283 item
1317 2255 1468 2290 legiturilla
1478 2254 1549 2289 apud
1562 2254 1699 2282 Gelasium
1714 2254 1752 2290 (η)
1764 2262 1827 2283 cum

1046 2303 1308 2338 subscriptionibus,
1325 2302 1373 2330 sed
1390 2301 1497 2329 mendis
1513 2301 1595 2328 etiam
1620 2300 1708 2328 obsita
1728 2309 1735 2326 :
1761 2300 1828 2330 sub-

1045 2350 1265 2384 scriptionesque
1292 2347 1360 2374 adeo
1389 2346 1492 2374 mutila:
1527 2350 1602 2376 sunt,
1626 2350 1657 2372 ut
1686 2352 1828 2372 necessum

1046 2403 1160 2431 prorsus
1186 2395 1268 2422 fuerit
1297 2400 1394 2420 novam
1417 2392 1477 2426 ejus
1502 2391 1648 2418 editionem
1677 2396 1783 2424 parare.
1799 2394 1827 2416 ut

1046 2441 1202 2476 inspicienti
1218 2440 1318 2474 cuique
1332 2438 1420 2473 palam
1433 2437 1494 2463 erit.
1510 2435 1608 2462 Narrat
1620 2435 1664 2462 hic
1677 2432 1828 2462 Alnst

1047 2495 1090 2515 res
1103 2491 1195 2522 gestas
1210 2486 1238 2513 in
1251 2489 1349 2513 exortu
1370 2483 1479 2510 Arianae
1499 2481 1623 2513 haeresis,
1637 2480 1718 2511 inque
1732 2479 1788 2506 Arii
1803 2484 1827 2506 el

1047 2536 1214 2560 sectatorum
1240 2529 1433 2562 damnatione;
1458 2532 1604 2562 monetque
1628 2525 1771 2560 episcopos
1795 2532 1828 2553 ne

1049 2630 1110 2658 pag.
1126 2621 1189 2658 606,
1207 2621 1275 2658 edit.
1289 2620 1418 2648 Cantabr.

1066 2696 1069 2701 I
1083 2649 1113 2694 ὃ)
1128 2649 1274 2715 Μοῐίιῐειιιὲ.
1303 2657 1409 2715 ιέταεϊειῑ.
1426 2652 1474 2715 2aud
1502 2657 1569 2680 tom.
1602 2651 1624 2678 ΙΙ
1643 2651 1753 2679 Collect.
1769 2649 1829 2677 PP.

1066 2701 1124 2715 ,νινε
1140 2714 1145 2715 γ
1158 2699 1246 2715 animo
1270 2699 1294 2715 ν.
1330 2712 1336 2715 .
1353 2698 1414 2715 Da“.
1465 2707 1472 2714 ι

1049 2689 1146 2725 (ἑγόεη
1158 2691 1294 2718 animadv.
1304 2689 1336 2720 '6.
1353 2698 1414 2724 pag.
1426 2689 1472 2715 20.

1084 2728 1117 2763 (j)
1131 2728 1208 2754 Alex.
1218 2726 1302 2763 Epist
1316 2726 1357 2763 At,
1373 2724 1387 2760 ς

1085 2757 1122 2808 ρι’)
1138 2757 1299 2794 Manliano,
1311 2757 1386 2796 Opp:
1397 2760 1512 2790 Auram,
1526 2762 1593 2785 tom.
1609 2757 1630 2789 l,
1646 2758 1717 2791 part.
1734 2762 1754 2786 ι,
1766 2761 1830 2789 μου,

1049 2799 1118 2864 596i)
1133 2832 1220 2861 Cotel.
1238 2831 1270 2859 ad
1291 2831 1384 2858 Const.
1402 2833 1488 2863 αροει.
1508 2827 1556 2854 lib.
1570 2834 1630 2859 vin,
1645 2833 1706 2860 cap.
1723 2824 1770 2853 28.

1086 2838 1134 2904 2m)
1152 2868 1230 2904 §ocr.
1245 2866 1316 2904 Hist.
1331 2865 1395 2904 sccl.
1413 2865 1460 2891 lib.
1475 2871 1494 2897 ι,
1505 2871 1566 2904 φρ..
1714 2903 1719 2904 7
1734 2903 1738 2904 γ
1767 2894 1770 2903 1

1145 2894 1236 2932 Getas.
1248 2901 1319 2938 εἰμί
1330 2901 1402 2929 Hist.
1418 2894 1493 2928 conc.
1508 2894 1570 2926 Nic.
1586 2897 1635 2926 lib.
1651 2904 1680 2930 ιι,
1693 2903 1754 2930 cap.
1767 2894 1796 2923 ὅ.
