2145 3163
345 160 397 188 5ὶῖ

877 164 906 193 S.
924 165 1135 195 ALEXANDER
1148 166 1430 200 ALEXANDRINUS.

343 218 464 268 Eusebio
476 219 676 268 Nicomediensi
691 221 750 268 Arii
765 227 882 258 patrono
902 232 1004 253 morem
1018 232 1125 262 gerant,
1142 231 1165 260 Α
1177 230 1329 266 politanum
1343 231 1514 267 episcopum,
1537 239 1599 268 qua
1623 231 1695 268 apud
1720 234 1847 260 sanctum
1870 231 1960 260 laxi.

341 265 366 293 si
379 265 489 301 quidem
505 266 533 294 in
548 266 736 296 haeresiarchas
747 269 863 305 gratiam
874 270 978 299 litteras
993 271 1039 300 ille
1057 273 1127 301 scri-

341 311 437 346 pserit.
465 321 475 338 »
502 311 562 339 Huc
591 319 679 348 usque
701 313 744 341 vir
772 314 882 344 doetus.
916 316 969 349 Qui
997 317 1124 354 deinceps

343 361 488 393 utrumque
503 358 669 392 opusculum
685 360 785 388 iterum
810 361 960 390 illustravit
976 363 1014 398 (ο)
1030 363 1126 393 adver-

341 411 388 431 sus
399 403 500 439 placita
514 403 694 440 Tillemontii,
711 407 759 442 qui
773 411 836 435 acta
860 408 1040 444 depositionis
1066 411 1125 439 Arii

339 453 366 477 et
380 449 517 478 sociorum
534 458 616 480 secus
632 452 800 481 intellexisse
813 453 929 482 videtur.

373 495 422 524 His
436 504 520 532 porro
538 498 628 525 sancti
644 498 732 526 Patris
759 499 870 535 scriptis
895 499 1047 537 fragmenta
1069 503 1123 530 duo

338 542 505 577 subiecimus
521 551 555 572 ex
568 543 690 580 ejusdem
705 545 819 580 epistola
834 545 867 573 ad
878 546 1023 582 Eglonem
1038 548 1123 584 Cyno-

338 619 412 680 cftﬁ
425 618 575 682 Ιῶξιίῗῗὲιᾶζ
597 620 855 691 ἕτῖξὲι.¹ἓά²δοω.
882 622 904 650 ll
923 622 1034 652 Collect.
1059 623 1119 652 PP.

1180 284 1255 304 mum
1270 277 1455 306 confessorem
1468 277 1596 313 leguntur
1606 278 1656 314 (ὸ).

1211 321 1355 350 Postremo
1376 322 1436 350 loco
1458 317 1586 350 lectorem
1603 323 1737 351 monitum
1761 323 1898 357 volumus,
1924 321 1959 351 ad

1177 367 1280 395 calcem
1296 360 1456 397 Theodoriti
1469 366 1608 396 Valesiani
1630 369 1699 398 duas
1720 373 1830 398 exstare
1854 369 1960 397 disser-

1177 412 1295 441 tationes
1327 412 1471 445 Holstenii,
1503 412 1604 448 quibus
1634 414 1677 441 vir
1712 414 1758 442 ille
1782 413 1958 442 doctissimus

1178 460 1323 493 utramque
1348 456 1496 485 Alexandri
1519 456 1641 492 episcopi
1655 457 1832 486 Alexandrini
1852 458 1957 494 episto-

1176 504 1243 536 lam,
1255 508 1286 532 nt
1296 505 1379 540 paulo
1389 509 1452 533 ante
1464 504 1616 538 innuimus,
1629 505 1739 541 egregie
1747 505 1875 534 illustrat.

1401 634 1418 690 ἓ
1439 629 1508 656 tom.
1524 623 1558 660 ιι,
1575 633 1637 662 pag.
1651 625 1781 660 152455,
1793 625 1859 655 edit.
1874 624 1957 654 Com-

1174 624 1334 695 ieif’ii'rié‘.‘
1345 625 1428 690 i’é’l‘s'.

346 730 1948 753 ___________________

822 811 1032 870 LUCIE
1079 812 1466 872 HOLSTENII

503 922 843 954 DISSERTATIONES
860 921 953 954 DUE
968 923 1023 955 DE
1040 924 1154 956 LOCIS
1176 923 1408 962 QUIBUSDAM
1423 925 1597 958 CONClLlI
1613 925 1763 957 NICENI

790 1016 954 1062 DISSE
966 1016 1188 1064 RTATIO
1225 1010 1496 1063 PRIMA“).

1107 1172 1109 1177 ,
1127 1156 1148 1184 υ
1162 1159 1215 1187 que
1224 1150 1375 1178 divinitatis
1386 1156 1503 1181 movere,
1514 1148 1704 1177 etCreatorem
1714 1149 1742 1177 in
1751 1153 1882 1178 creatura:
1891 1156 1954 1178 cen-

330 1192 423 1230 ltaque
438 1195 473 1222 ab
503 1202 564 1226 ovo,
578 1195 650 1231 quod
682 1195 769 1228 aiunt,
790 1203 847 1223 rem
865 1197 996 1230 exordiri,
1011 1202 1038 1224 et
1052 1205 1113 1233 quae

329 1245 477 1276 supersunt
497 1241 598 1269 Niczni
617 1242 727 1270 concilii
748 1242 962 1277 ἁποσπασμάτια
979 1243 1032 1270 sub
1047 1251 1113 1271 exa-

329 1294 391 1314 men
413 1294 541 1315 revocare
556 1288 658 1323 placuit
671 1297 679 1315 :
691 1288 772 1323 cujus
785 1288 885 1323 privati
899 1288 1002 1316 laboris
1015 1296 1046 1316 ac
1057 1293 1113 1316 stu-

328 1333 365 1360 dii
381 1334 519 1369 specimen
540 1334 568 1361 in
584 1334 694 1369 publico
718 1334 770 1362 hoc
787 1341 919 1362 consessu
940 1334 1020 1363 vobis
1034 1335 1112 1363 exhi-

328 1379 446 1408 bendum
460 1379 536 1412 duxi,
556 1380 777 1416 quandoquidem
797 1381 949 1409 disserendi
962 1382 1112 1410 necessita-

326 1429 381 1453 tem
395 1429 485 1454 vestra
498 1426 654 1461 benignius
666 1426 731 1453 mihi
742 1427 882 1462 imposuit.
894 1426 938 1454 Ea:
948 1431 1038 1455 autem
1048 1419 1115 1456 sunt

326 1472 386 1498 duae
401 1471 546 1499 Alexandri
555 1471 726 1499 Alexandria
736 1472 857 1508 episcopi
869 1472 1000 1508 epistolae,
1011 1481 1071 1509 qua
1078 1482 1112 1502 ex

328 1516 447 1544 Socratis
454 1522 481 1544 et
490 1516 653 1545 Theodoreti
668 1517 845 1545 ecclesiastica
854 1517 976 1546 Historia
983 1519 1112 1554 deprom-

327 1566 378 1596 pta:
409 1558 636 1598 προπαρασκευὴι
669 1562 779 1590 concilii
806 1561 909 1590 Niwni
930 1564 1110 1593 constituunt.

325 1606 438 1642 Egregie
455 1616 522 1635 sane
540 1607 593 1635 illae
604 1613 631 1635 et
644 1607 738 1640 δεινῶς
758 1608 877 1643 scriptae,
895 1609 996 1644 quibus
1015 1609 1112 1638 Latina

324 1652 566 1688 Christophorsoni
581 1654 673 1681 versio
686 1654 864 1689 adiungitur;
889 1656 936 1681 sed
951 1663 965 1682 a
977 1654 1108 1683 Romanis

323 1697 475 1726 editoribus
490 1699 631 1726 nonnullis
643 1699 671 1725 in
681 1699 749 1726 locis
764 1699 936 1734 interpolata.
951 1700 990 1727 Ita
1005 1701 1110 1728 scilicet

324 1750 377 1770 non
394 1742 481 1771 solum
496 1743 629 1771 versionis
645 1742 834 1775 Conciliorttm,
856 1743 904 1771 sed
922 1744 1054 1772 universae
1067 1745 1110 1772 hi-

270 1806 273 1807 ν
323 1787 415 1814 storias
428 1787 621 1815 ecclesiastica:
634 1791 743 1823 gustum
759 1789 876 1823 aliquem
890 1797 934 1817 me
946 1790 1025 1818 vobis
1039 1798 1109 1826 pra-

1166 1204 1226 1225 sum
1243 1196 1362 1232 dejicere
1378 1195 1539 1222 conabatur.
1560 1194 1590 1222 In
1617 1195 1716 1230 quibus
1740 1196 1871 1224 nonnulla
1886 1200 1954 1225 sunt

1165 1250 1260 1278 parum
1278 1247 1352 1269 recte
1371 1240 1519 1269 constituta
1540 1240 1569 1268 in
1588 1239 1683 1268 Greco
1698 1244 1783 1273 textu,
1799 1242 1841 1270 vel
1860 1242 1954 1272 minus

1165 1290 1292 1315 accurate
1305 1286 1340 1313 ab
1354 1285 1502 1320 interprete
1516 1285 1669 1320 observata,
1684 1287 1727 1314 vel
1742 1287 1769 1314 in
1783 1287 1884 1323 quibus
1898 1294 1951 1314 ano

1163 1334 1256 1369 tiquus
1272 1333 1405 1367 interpres
1414 1331 1581 1368 Epiphanius
1594 1331 1792 1366 Scholasticus,
1807 1332 1888 1360 aliam
1899 1339 1951 1360 suo

1164 1384 1286 1416 tempore
1299 1379 1444 1408 lectionem
1460 1383 1571 1408 secutus
1586 1379 1702 1408 videtur.
1718 1379 1785 1413 Quae
1797 1387 1860 1408 cum
1870 1387 1951 1416 pres-

1164 1427 1247 1454 sioris
1267 1425 1322 1453 sint
1343 1424 1580 1457 considerationis,
1604 1432 1818 1454 commemorare
1841 1425 1950 1461 singula

1164 1471 1231 1499 nihil
1245 1471 1350 1498 attinet.
1367 1469 1436 1498 Illud
1454 1470 1642 1503 indicandum,
1661 1470 1843 1506 interrogatos
1851 1471 1948 1499 Arium

1164 1524 1197 1544 ac
1209 1516 1309 1549 socios,
1323 1515 1447 1551 nunquid
1459 1522 1524 1551 ergo
1535 1514 1654 1543 Verbum
1665 1514 1725 1547 Dei,
1737 1516 1808 1551 quod
1821 1514 1860 1542 illi
1871 1523 1948 1544 crea-

1163 1569 1222 1592 tum
1237 1563 1405 1595 asserebant,
1422 1561 1522 1589 mutari
1535 1563 1639 1596 posset,
1651 1561 1878 1596 quemadmodum
1892 1561 1948 1589 dia-

1163 1609 1242 1637 bolus
1253 1612 1371 1636 mutatus
1380 1607 1479 1641 fuerat,
1487 1614 1543 1634 non
1558 1606 1659 1634 veritos
1667 1606 1841 1642 respondere,
1853 1614 1945 1642 posse.

1163 1655 1273 1683 Addunt
1299 1654 1432 1681 rationem
1453 1653 1494 1681 sic
1509 1653 1538 1680 in
1555 1652 1677 1680 Romana
1693 1652 1812 1680 editione
1832 1660 1947 1688 expres-

1162 1708 1221 1729 sam
1235 1710 1242 1728 :
1253 1699 1380 1736 Τρεπτῆς
1390 1699 1444 1734 γὰρ
1451 1698 1557 1733 φύσεώς
1566 1699 1624 1726 ἑστι
1633 1699 1756 1734 γενητὸς,
1769 1698 1946 1737 καὶητρεπτὸς

1162 1746 1301 1783 ὑπάρχων.
1318 1744 1396 1779 Quod
1412 1748 1522 1773 vertunt
1538 1754 1546 1772 :
1564 1743 1637 1772 Nam
1652 1749 1678 1772 et
1695 1744 1828 1772 mutabilia
1841 1749 1945 1773 natura

1161 1793 1248 1828 fectus
1261 1797 1311 1826 est,
1333 1797 1360 1820 et
1375 1792 1511 1820 mutabilis
1525 1791 1639 1820 exsistit.
1658 1790 1717 1825 Qua
1732 1791 1761 1819 in
1775 1799 1805 1818 re
1817 1795 1845 1819 et
1860 1791 1944 1819 inten-

323 1834 441 1861 liiturum
459 1834 562 1869 putavi.
579 1833 632 1861 Sed
648 1835 715 1862 mibi
726 1840 816 1862 vestra
830 1835 966 1871 principio
979 1836 1110 1871 patientia
1123 1834 1144 1863 C
1162 1839 1247 1874 prelis
1260 1838 1382 1866 Britanni
1402 1842 1430 1867 et
1444 1837 1630 1866 Romanorum
1644 1837 1792 1866 editionem
1808 1836 1943 1872 judiciu-

323 1880 460 1907 exoranda
474 1883 527 1912 est,
544 1884 574 1907 ut
590 1888 668 1915 atquo
682 1881 773 1908 animo
790 1889 839 1916 per
853 1881 1020 1917 confragosae
1047 1889 1110 1909 ora-

323 1925 406 1953 tionis
422 1926 543 1953 salebras
557 1926 726 1961 aspirantem
741 1927 870 1962 subsequi
894 1935 949 1955 non
966 1933 1106 1963 gravetur.

320 1971 390 1998 Cum
406 1972 463 1999 sive
479 1979 570 2004 casus,
585 1973 643 2000 sive
659 1972 804 1999 consilium
821 1980 881 2000 eam
894 1973 960 2001 mihi
976 1974 1108 2008 obiecerit

322 2017 472 2050 materiam,
489 2026 549 2053 qua:
566 2019 698 2047 orationis
712 2019 814 2046 cultum
828 2019 1038 2055 haudquaquam
1055 2021 1105 2050 ad-

320 2064 413 2096 mittit,
428 2068 455 2091 et
469 2064 540 2099 quod
556 2069 696 2092 oratorum
711 2066 838 2100 princeps
852 2065 886 2093 de
901 2066 984 2094 rebus
996 2075 1106 2103 geogra-

318 2110 408 2145 phicis
422 2110 521 2142 aiebat,
533 2110 806 2147 ἀνθηρογραφεῖσθαι,
817 2112 893 2140 nullo
906 2112 988 2139 modo
1003 2117 1115 2147 potest.-

355 2155 395 2183 Ad
410 2155 467 2183 haec
480 2164 542 2183 cum
559 2157 586 2183 in
598 2157 687 2184 alieno
703 2157 795 2185 labore
809 2157 910 2193 ingenii
923 2165 1037 2185 acumen
1052 2165 1100 2185 ex-

319 2201 401 2235 periri
417 2204 442 2229 et
455 2201 550 2236 judicii
564 2209 709 2228 censuram
724 2209 852 2230 exercere
874 2202 1049 2236 instituerim,
1072 2206 1101 2229 ut

318 2253 369 2282 ego
392 2254 522 2282 germano
545 2248 662 2275 candore
688 2255 719 2275 ac
741 2247 793 2275 (ide
807 2247 911 2283 optima
933 2248 1101 2276 calumniam

318 2293 406 2328 ejuro,
425 2293 461 2320 ita
475 2293 603 2320 invidiam
616 2293 756 2327 deprecor.
768 2301 803 2321 ne
814 2293 877 2328 quis
893 2293 989 2321 alienis
1003 2293 1101 2321 erratis

318 2337 488 2372 exagitandis
505 2338 636 2365 doctrina:
655 2341 701 2363 aut
716 2337 858 2366 industria;
875 2339 981 2366 laudem
997 2346 1040 2366 me
1053 2346 1101 2365 au-

318 2383 412 2420 cuparl
423 2384 570 2411 existimet.
586 2383 695 2410 Publica
721 2383 778 2411 haec
796 2384 885 2412 studia
902 2389 976 2418 sunt,
999 2385 1099 2420 quibus

318 2431 509 2466 promovendis
540 2428 673 2465 publieam
698 2431 854 2464 utilitatem,
885 2440 939 2459 non
964 2433 1097 2467 privatam

318 2477 422 2505 laudem
436 2473 590 2513 quaerimus.
614 2474 670 2503 Vos
683 2484 756 2508 vero,
772 2478 979 2505 eminentissimi
994 2479 1096 2513 princi-

1159 1885 1280 1919 requiro.
1292 1883 1361 1911 Nam
1373 1889 1403 1911 ut
1417 1888 1521 1911 taceam
1531 1890 1644 1911 sensum
1654 1883 1706 1910 loci
1716 1883 1773 1917 jam
1786 1882 1851 1910 olim
1865 1890 1881 1909 a
1896 1890 1943 1909 ve-

1158 1931 1210 1958 teri
1221 1930 1369 1966 interprete
1383 1933 1458 1958 recte
1469 1936 1640 1965 expressum,
1653 1929 1716 1964 quis
1730 1928 1845 1956 rationis
1859 1927 1941 1963 hujus

1157 1975 1278 2010 pondera
1295 1983 1327 2003 ac
1347 1978 1485 2003 momenta
1511 1973 1699 2010 perpendens,
1721 1973 1761 2001 vel
1783 1972 1939 2000 Graecorum

1157 2021 1271 2049 lectione
1286 2021 1368 2057 paulo
1380 2021 1565 2053 exercitatior,
1578 2027 1635 2048 non
1649 2019 1727 2048 facile
1745 2019 1941 2048 animadvertit

1154 2074 1188 2095 ex
1207 2068 1264 2102 ipsa
1286 2067 1414 2103 loquendi
1435 2065 1642 2099 consuetudine,
1655 2065 1746 2093 minus
1761 2070 1864 2093 rectam
1878 2065 1940 2094 dis-

1156 2113 1315 2140 tinctionem
1335 2113 1460 2141 vitiosam
1476 2111 1615 2148 peperisse
1629 2111 1782 2139 versionem
1791 2111 1804 2138 τ
1816 2110 1941 2139 Anima-

1153 2158 1199 2185 bat
1211 2158 1293 2186 Arius
1306 2157 1405 2186 Filium
1420 2157 1478 2191 Dei,
1494 2158 1541 2185 τὸν
1555 2157 1650 2192 Λάγον,
1664 2164 1745 2192 posse
1755 2157 1870 2191 mutari;
1887 2156 1937 2184 ad-

1149 2203 1267 2238 jungens
1287 2203 1431 2235 rationem,
1447 2202 1568 2238 τρεπτῆς
1587 2201 1642 2237 γὰρ
1658 2200 1764 2235 φύσεώς
1779 2201 1851 2229 ἐστι.
1868 2199 1938 2228 Nam

1151 2253 1255 2276 natura
1268 2249 1406 2276 mutabilis
1421 2253 1473 2280 est,
1491 2248 1533 2275 vel
1547 2251 1672 2275 naturam
1690 2246 1850 2273 mutabilem
1864 2245 1937 2274 obti-

1150 2298 1207 2327 net,
1225 2294 1337 2330 γενητὸς
1349 2293 1517 2329 καὶτρεπτὺς
1524 2293 1665 2328 ὑπάρχων,
1675 2291 1775 2326 quippe
1786 2290 1833 2326 qui
1845 2289 1935 2319 lactus

1150 2340 1208 2367 sive
1231 2346 1351 2372 creatus,
1374 2347 1406 2367 ac
1422 2338 1535 2375 proinde
1555 2337 1695 2365 mutabilis
1722 2340 1774 2365 est.
1797 2336 1934 2370 Quocirca

1151 2385 1361 2420 haudquaquam
1378 2384 1538 2420 negligenda
1554 2383 1606 2411 hoc
1619 2384 1680 2411 loco
1694 2391 1747 2411 vox
1762 2383 1885 2419 γενητός,
1904 2386 1933 2412 in

1149 2438 1202 2465 qua
1217 2431 1259 2459 vis
1275 2432 1365 2458 omnis
1392 2438 1424 2457 ac
1447 2437 1545 2457 nervus
1564 2429 1652 2463 impia:
1674 2429 1747 2456 illius
1770 2429 1932 2457 assertionis

1149 2477 1295 2504 consistit:
1314 2484 1395 2512 quam
1419 2476 1477 2511 ipse
1496 2475 1648 2503 Alexander
1668 2475 1791 2510 sequenti
1815 2475 1932 2510 epistola

316 2531 373 2557 pes,
382 2523 516 2551 submisse
529 2529 595 2557 rogo
607 2526 637 2549 ut
650 2530 712 2549 cum
723 2523 848 2550 voluntas
860 2528 940 2559 atque
950 2525 1098 2552 auctoritas
1115 2517 1137 2545 Ῐ)
1150 2523 1247 2558 irpetit
1259 2543 1265 2554 ,
1291 2522 1338 2550 sed
1363 2522 1454 2550 verbis
1484 2522 1570 2556 magis
1594 2521 1745 2556 perspicuis
1771 2521 1929 2549 deductam.

317 2573 403 2596 vestra
416 2568 442 2594 in
454 2567 526 2594 hunc
537 2575 579 2595 me
589 2569 754 2603 protraxerit
765 2569 864 2602 locum,
877 2569 1052 2597 humanitatis
1065 2577 1096 2597 ac

318 2612 507 2640 rmnevolentie
522 2617 620 2641 vestrae
638 2620 720 2645 aura.
739 2613 872 2641 orationis
891 2622 1002 2641 cursum
1024 2615 1094 2642 inter

314 2660 402 2692 syrtes
414 2661 442 2685 et
462 2657 552 2685 brevia
568 2663 728 2686 aestuantem
746 2659 900 2698 sublevetis.

346 2701 445 2731 Narrat
461 2704 612 2731 Alexander
633 2705 690 2731 Arii
713 2705 878 2740 apostasiam
898 2709 925 2732 et
939 2706 1093 2740 blasphema

312 2747 436 2783 dogmata
455 2749 555 2784 quibus
578 2749 715 2778 Christum
732 2749 876 2777 Dominum
900 2754 971 2777 statu
990 2750 1091 2785 gradu-

1151 2570 1244 2602 Aiunt,
1261 2570 1360 2605 inquit,
1376 2568 1474 2596 Filium
1497 2568 1543 2597 Dei
1560 2576 1622 2596 cum
1642 2572 1721 2596 antea
1738 2576 1793 2596 non
1819 2567 1929 2599 fuisset,

1149 2619 1242 2650 postea
1265 2614 1378 2647 factum,
1401 2613 1557 2649 factumque
1573 2614 1664 2647 talem,
1685 2614 1732 2642 ubi
1758 2613 1849 2642 factus
1865 2612 1926 2644 l‘uit.

1144 2661 1237 2695 quales
1259 2660 1349 2688 caeteri
1363 2663 1428 2688 sunt
1446 2660 1579 2687 homines.
1594 2659 1881 2695 Συναναλιμσάνονιες
1892 2659 1927 2694 τῇ

1143 2707 1197 2734 τῶν
1214 2708 1339 2734 ἁπάντων
1354 2707 1441 2734 κτίσει
1455 2707 1502 2734 καὶ
1515 2707 1559 2733 τὸν
1575 2707 1637 2734 Υῐὸν
1651 2706 1697 2733 τοῦ
1712 2706 1791 2738 Θεοῦ,
1811 2713 1928 2739 compre-

1143 2752 1280 2780 hendentes
1293 2754 1373 2784 etiam
1388 2752 1486 2780 Filium
1512 2753 1560 2781 Dei
1585 2754 1746 2789 reliquarum
1776 2757 1927 2780 creatori-

345 2834 383 2867 (α)
401 2834 496 2871 Habita
523 2834 614 2862 Romae
643 2835 668 2862 in
692 2835 835 2863 Academia
862 2835 1008 2866 Basiliam.
1031 2835 1109 2871 1655,
1130 2838 1304 2868 audientibus
1315 2839 1539 2870 eminentissimis
1560 2841 1744 2870 cardinalibus
1761 2840 1785 2868 ι.
1800 2840 1830 2868 Β.
1846 2839 1928 2867 Palm-

310 2869 404 2903 philio.
419 2869 463 2896 Fr.
477 2870 635 2902 Barberino,
649 2871 826 2898 Brancacuio.
