2145 3163
919 194 1071 226 NOTI'I'IA.

1765 192 1816 218 ﬁt)

201 263 290 283 rerum
303 262 420 282 numero.
435 253 533 281 Statim
544 253 704 290 subjunglt:
719 252 766 287 οἷς
776 254 928 286 tantadem;
938 255 983 281 και
998 258 1021 285 Α
1036 261 1048 280 a

968 255 983 281 ιι
998 258 1021 285 Α
1036 253 1158 289 adeoque
1177 251 1244 287 πρὸς
1269 250 1318 286 τὴν
1339 249 1534 285 damnatorum
1552 247 1600 276 καὶ
1621 246 1815 282 συναϊδιόντητα,

201 309 285 338 φασιν
299 301 380 329 αὐτὸν
401 300 520 336 epam-ii;
539 297 608 328 εἷναι
631 301 748 336 φύσεως,
775 300 876 337 ἀρετῆς
892 308 921 327 τε
937 301 984 328 καὶ

201 347 301 379 κακίας
314 345 448 379 δεκτικόν*
463 345 565 378 Quibus
578 346 658 379 etiam
671 350 856 381 consequenter
872 346 983 378 addunt,

201 401 261 421 eum
276 391 411 420 mutabilis
425 399 483 419 om
496 396 610 424 natura.
627 396 653 419 et
669 392 774 419 uirtutis
786 396 812 419 et
833 392 890 419 uitii
903 400 984 426 capa-

201 445 268 465 cem.
286 435 390 464 Videtis
406 435 547 471 supposito
563 436 626 471 hoc.
649 435 748 463 Filium
762 435 809 464 Dei
828 436 928 464 factum
943 437 985 465 vel

200 483 323 509 creatum
338 487 411 512 esse,
426 484 457 507 ut
477 481 662 508 necessarium
686 481 750 509 inde
768 480 866 509 deduci
885 489 985 510 conse-

201 527 352 562 quentiam.
365 527 490 554 eumdem
508 535 617 563 quoque
630 527 746 563 τρεπτόν
759 527 816 556 sive
829 528 984 556 mutabilem

200 579 272 601 esse.
284 571 374 608 Atque
397 573 440 600 sic
453 573 632 600 ratiocinatur
647 573 832 601 Damascenus
860 573 908 601 lib.
926 581 933 600 ι
948 573 986 601 De

201 618 305 645 orthod.
323 618 386 653 ﬁde,
395 625 456 654 cap.
471 618 489 645 5
502 627 510 646 :
522 619 562 646 Τὰ
576 618 684 651 mm,
695 618 804 651 πάντως
813 618 860 646 καὶ
870 620 984 655 span-rd.

201 659 252 690 Ὧν
276 663 332 698 γὰρ
352 663 382 690 τὸ
406 661 476 691 εἶναι
498 663 553 691 ἀπὸ
586 663 690 700 τροπῆς
709 663 820 699 ἡρξατο,
841 664 928 691 ταῦτα
952 666 985 700 τῇ

201 709 289 744 τροπῇ
319 707 492 736 emtam
513 708 632 741 πάντως.
653 709 670 744 η
687 709 862 746 φθειρόμενα.
881 708 898 743 η
917 710 987 738 κατά

202 752 362 788 προαίρεσιν
390 753 578 789 ἁλλοιούμινα.
606 753 721 787 Creata,‘
748 755 853 790 inquit,
881 756 986 783 omnino

199 798 280 826 etiam
296 799 437 826 mutationi
455 799 579 827 obnoxia.
596 798 714 832 Quorum
733 800 803 828 enim
820 809 877 830 om
891 810 908 828 a
926 810 986 828 mu-

205 844 305 871 tatione
318 844 422 880 incipit.
437 852 469 873 ea
487 846 635 873 mutatio
646 846 788 874 mutationi
803 847 985 882 subjacebunt,

200 889 264 917 dum
275 890 314 918 ac!
328 890 470 923 intersunt.
483 891 524 918 vel
540 891 672 919 voluntate
685 891 843 921 atteruntur.
859 892 898 921 Ita
911 894 987 921 scili-

201 939 245 962 cet
259 934 343 964 Arius
356 934 453 962 Filium
464 935 511 963 Dei
527 936 628 973 ἀρετῆς
637 937 684 964 χαι
695 937 794 970 κακιας
802 937 925 966 δεκτικὸν
942 946 987 966 as-
1002 925 1025 955 Β

200 981 310 1010 serebat
321 991 328 1009 :
339 981 568 1017 quandoquidem,
575 986 605 1010 ut
614 982 736 1011 Justinus
742 983 843 1021 Martyr
853 985 950 1013 alicubi
959 986 986 1013 in

201 1026 396 1060 amationibus
413 1028 507 1056 scribit
518 1038 526 1056 ;
539 1028 649 1065 Τροπῆς
662 1029 816 1066 γνώρισμα,
827 1030 899 1057 τὸτὰ
919 1031 988 1058 καλὰ

201 1073 250 1100 καὶ
272 1072 307 1100 τὰ
329 1073 402 1100 κακὰ
422 1073 569 1109 λαμϐάνειν
591 1075 632 1106 εἰς
651 1074 764 1103 ἔννοιαν·
782 1075 939 1104 Πιιαιίοηίε
951 1077 989 1104 si-

200 1123 281 1154 με*
304 1126 335 1145 ac
351 1123 415 1147 nota
431 1124 487 1154 est,
503 1121 571 1148 bona
595 1129 628 1148 ac
651 1122 724 1150 mala
744 1122 774 1149 in
797 1122 916 1150 animum
937 1123 989 1151 sibi

200 1163 332 1192 inducere.

235 1208 373 1245 Expositis
387 1209 444 1237 Arii
459 1209 640 1246 dogmatibus,
652 1213 792 1242 catholicae
799 1213 928 1243 Ecclesiae
943 1222 990 1242 or-

199 1255 349 1283 thodoxam
366 1257 530 1284 sententiam
545 1258 700 1287 Alexander
720 1260 844 1295 opponit,
866 1265 897 1289 ut
919 1262 990 1290 veri-

200 1302 266 1330 tatis
282 1301 344 1330 luce
359 1302 466 1338 prolata
489 1302 581 1340 Stygis
602 1305 729 1334 tenebras
749 1305 890 1335 discutiat.
906 1306 990 1344 Urget

200 1345 407 1383 Χρισεομὰχους
420 1348 482 1376 illos
496 1348 528 1377 D.
542 1349 656 1378 Joannis
666 1351 828 1380 auctoritate
842 1362 849 1380 :
868 1353 916 1388 qui
923 1353 989 1382 Ver-

201 1392 267 1420 bum
281 1393 312 1421 in
333 1394 468 1430 principio
487 1395 591 1429 fuisse,
613 1399 695 1432 atque
717 1397 809 1426 omnia
826 1407 875 1434 per
899 1399 989 1435 ipsum

200 1437 272 1466 facta
288 1439 426 1474 pradicat.
444 1440 508 1469 Inde
528 1442 682 1471 rationibus
704 1443 789 1472 instat
802 1437 810 1472 ἰ
828 1445 853 1473 si
868 1444 989 1474 Verbum

200 1487 244 1512 est
258 1485 414 1521 unigenitus
427 1487 512 1515 Filius
521 1486 578 1522 Dei,
593 1489 731 1523 quomodo
744 1494 871 1518 asserunt
878 1491 934 1524 isti,
949 1491 989 1518 ὅτι

201 1528 242 1563 sic
257 1531 316 1558 tm
329 1531 383 1559 τῶν
396 1533 574 1569 ποιημάτωνς
590 1533 676 1569 ipsum
696 1543 777 1562 unum
795 1544 851 1564 esse
869 1544 901 1564 ea;
913 1545 988 1564 crea-

1004 1559 1011 1577 \

1036 303 1131 327 contra
1152 298 1270 325 Arianos
1297 295 1498 332 exprimendam
1516 299 1559 323 est
1586 293 1818 330 percommodum.

1036 345 1099 373 Haec
1112 351 1198 380 pauca
1215 343 1249 371 ad
1268 343 1386 379 priorem
1408 341 1553 369 Alexandri
1577 339 1721 376 epistolam
1737 346 1818 375 ency-

1036 391 1131 418 clicam
1157 390 1229 418 illam
1250 390 1309 418 sive
1327 387 1488 415 catholicam
1515 387 1676 414 observasse
1692 385 1816 414 sulliciet.

1072 436 1201 472 Sequitur
1223 443 1296 463 nunc
1317 435 1402 462 altera
1423 433 1562 468 ejusdem,
1585 432 1772 467 ἀνεπίγραφος
1791 432 1818 458 in

1036 481 1159 510 Romana
1173 481 1302 513 editione,
1327 479 1400 516 quod
1416 478 1510 506 nescio
1524 485 1578 514 qua
1593 478 1699 506 incuria
1713 477 1740 505 in
1763 482 1817 504 tam

1036 528 1158 564 diligenti
1175 535 1258 563 opere
1268 527 1418 555 admissum
1430 525 1513 552 fuerit
1527 533 1534 551 :
1547 531 1609 551 cum
1624 529 1650 552 et
1663 523 1819 552 Theodorev

1036 578 1082 602 tus
1113 577 1141 602 et
1165 573 1307 608 Tripartita
1337 572 1490 600 Alexandro
1518 569 1818 604 Constantinopolitano

1036 619 1166 654 episcopo
1178 618 1335 653 inscriptam
1348 617 1515 653 missamque
1527 619 1671 644 testentur.
1686 614 1818 650 Equidem

1037 671 1100 692 cum
1116 664 1236 700 perlecta
1249 662 1366 698 primum
1385 662 1438 690 hac
1451 661 1578 697 epistola,
1600 667 1655 688 non
1669 667 1752 687 unum
1769 658 1819 685 ali-

1037 699 1130 746 quem,
1155 709 1202 738 sed
1218 709 1310 745 plures
1321 707 1436 736 subinde
1450 707 1634 736 Alexandrum
1656 705 1757 740 alloqui
1770 699 1820 732 ob-

1038 763 1201 788 servassem,
1225 755 1307 784 subiit
1326 754 1461 790 suspicio,
1480 757 1555 782 certo
1569 752 1684 781 consilio
1705 753 1820 787 ἐπιγρα-

1038 803 1102 839 φήν,
1118 803 1145 830 in
1157 801 1280 830 Romana
1293 801 1413 830 editione
1426 801 1568 828 omissam.
1584 798 1663 832 Quod
1683 798 1820 833 negligen-

1036 851 1075 878 tia
1086 849 1197 881 factum.
1206 853 1301 884 postea
1311 855 1343 876 ex
1355 851 1505 875 erratorum
1514 845 1634 873 indiculo
1644 843 1818 880 deprehendi.

1038 895 1174 931 Quidquid
1200 894 1245 926 sit.
1269 894 1335 921 mihi
1357 893 1408 921 ﬁxa
1426 893 1484 921 hac
1509 891 1585 920 sedet
1609 890 1754 921 sententia,
1766 897 1820 917 non

1037 942 1169 977 privatam
1184 941 1303 976 aliquam
1318 940 1375 967 sive
1391 939 1577 966 tractatoriam
1592 937 1665 964 hanc
1678 935 1820 972 epistolam

1037 995 1108 1020 esse.
1122 987 1171 1016 sed
1184 991 1212 1016 et
1225 987 1312 1022 ipsam
1324 993 1433 1022 quoque
1441 984 1602 1014 circularem
1611 991 1644 1011 ac
1655 982 1819 1018 generalem,

1037 1033 1149 1061 missam
1164 1032 1197 1060 ad
1214 1032 1338 1061 diversos
1352 1031 1467 1066 Europe
1480 1031 1637 1066 episcopos.
1647 1028 1726 1061 Quod
1739 1034 1820 1055 nemo

1039 1076 1118 1105 facile
1139 1078 1288 1113 negaverit.
1303 1077 1350 1113 qui
1366 1081 1393 1105 et
1414 1076 1496 1111 hujus
1511 1074 1632 1111 epistolae
1653 1078 1757 1109 partem
1772 1081 1821 1101 ex-

1037 1128 1154 1152 tremam
1173 1131 1235 1151 cum
1255 1131 1322 1151 cura
1336 1122 1441 1159 legerit,
1455 1125 1483 1150 et
1499 1120 1747 1150 ecclesiasticarum
1762 1120 1821 1155 epio

1038 1170 1171 1198 stolarum
1195 1170 1309 1198 formam
1334 1168 1498 1204 modumque
1525 1175 1581 1195 non
1601 1167 1680 1203 plane
1702 1166 1819 1202 ignoret.

1038 1214 1107 1242 Nam
1119 1219 1146 1243 et
1159 1215 1282 1243 clausula
1295 1214 1391 1242 harum
1409 1214 1562 1242 litterarum
1580 1212 1660 1248 plane
1672 1211 1766 1239 eadem
1779 1215 1822 1239 est

1039 1269 1100 1296 qua:
1112 1261 1322 1296 praeedentium
1335 1259 1546 1294 encyclicarum,
1562 1265 1616 1294 qua
1630 1258 1734 1293 reliquo
1748 1257 1823 1285 clero

1040 1314 1089 1341 per
1102 1306 1245 1342 episcopos
1267 1305 1383 1334 salutem
1406 1303 1561 1339 impertitur
1579 1312 1588 1331 :
1607 1307 1664 1329 tum
1679 1306 1709 1329 ut
1722 1302 1821 1337 sapius

1039 1350 1067 1377 in
1085 1349 1191 1385 reliquo
1204 1349 1325 1384 epistolae
1339 1352 1479 1380 contextu,
1494 1348 1532 1375 ita
1547 1348 1574 1374 in
1590 1346 1643 1375 line
1654 1347 1745 1382 plures
1760 1353 1823 1374 ora-

1040 1394 1114 1422 tione
1128 1401 1157 1422 se
1167 1393 1244 1420 aﬂari
1257 1393 1388 1422 ostendit.
1396 1391 1478 1420 Unde
1490 1392 1523 1419 ad
1534 1391 1627 1428 plures
1640 1399 1749 1427 quoque
1758 1391 1823 1419 scri-

1040 1445 1113 1476 ptam
1128 1439 1206 1468 fateri
1221 1447 1364 1468 necessum
1380 1442 1431 1466 est.
1445 1437 1514 1465 Cum
1529 1437 1671 1466 verissime
1688 1437 1753 1464 illud
1768 1444 1822 1465 non

1040 1486 1132 1513 minus
1145 1493 1227 1521 quam
1248 1485 1328 1513 docte
1343 1492 1358 1512 a
1380 1483 1528 1512 Francisco
1543 1482 1710 1511 Bernardino
1727 1482 1824 1510 Ferra-

1041 1533 1083 1560 rio
1095 1533 1143 1560 lib.
1159 1540 1191 1560 ιιι
1217 1531 1257 1560 De
1271 1532 1379 1566 antiquo
1400 1531 1571 1566 epistularum
1586 1529 1821 1558 ecclesiasticarum

202 1577 291 1625 turis!
305 1577 338 1605 Et
351 1579 376 1625 si
390 1579 481 1606 omnia
495 1587 544 1614 per
557 1579 646 1615 ipsum
661 1580 732 1608 facta
748 1585 822 1615 sunt,
838 1583 897 1614 πῶς
907 1582 988 1610 δύνα-
1040 1587 1140 1614 genere.
1153 1579 1329 1607 observatum
1347 1578 1393 1610 sit.
1409 1585 1512 1604 morem
1529 1577 1679 1606 antiquitus
1694 1575 1823 1602 invaluis-

201 1631 247 1650 ται
264 1623 321 1656 [ως
337 1623 406 1653 εἶναι
421 1625 475 1652 τῶν
492 1625 527 1652 δι’
543 1626 625 1654 αὐτοῦ
642 1627 812 1663 γενομένωνς
831 1629 877 1663 qui
892 1630 987 1663 poterit

201 1669 258 1703 ipse
270 1678 321 1705 par
340 1679 396 1698 esse
410 1671 486 1699 rebus
501 1679 559 1707 qua
571 1679 618 1706 per
632 1672 717 1707 ipsum
737 1673 816 1708 facta
829 1678 890 1700 sunt
901 1675 914 1702 2
929 1673 988 1708 Quo

203 1719 342 1750 postremo
357 1716 418 1744 loco
439 1716 565 1746 Gelasius
586 1717 753 1755 Cyzicenus,
778 1725 804 1747 et
820 1718 988 1755 Epiphanius

203 1759 340 1796 interpres
358 1761 461 1790 rectius
473 1762 529 1797 jam
544 1763 608 1790 olim
627 1764 725 1798 legere,
743 1763 802 1796 πῶς
824 1764 934 1792 δύναται
948 1763 989 1796 εἷς

203 1803 290 1838 sint;
309 1805 439 1841 quomodo
453 1811 537 1841 potest
551 1815 619 1834 unus
633 1816 688 1835 esse
700 1808 804 1841 horum,
816 1817 875 1844 quc:
887 1817 933 1843 per
948 1810 988 1844 ip-

204 1858 264 1878 sum
283 1850 358 1885 facta
379 1853 544 1880 noscuntur!
557 1851 644 1886 Quam
659 1853 804 1881 lectionem
828 1853 915 1882 Graeci
930 1861 988 1882 ser-

204 1896 294 1925 monis
312 1898 482 1926 con'structio
495 1902 588 1934 aperte
601 1899 725 1935 requirit.
738 1899 869 1933 Quamvis
881 1900 915 1927 ad
926 1907 989 1928 sen-

204 1949 268 1971 sum
282 1943 336 1971 loci
350 1943 419 1971 nihil
434 1944 553 1976 intersit.
570 1949 659 1972 utrum
670 1944 726 1977 ῐσος
737 1953 799 1973 cum
817 1946 938 1981 vulgato.
954 1953 988 1973 an

206 1986 248 2020 ιῐς
266 1995 329 2016 cum
345 1990 430 2017 veteri
441 1990 589 2026 interprete
605 1991 690 2026 legas.
711 1990 741 2018 Si
760 1995 851 2019 tamen
872 1992 928 2025 ῐσος
948 2000 990 2019 re-

205 2035 337 2068 tineatur,
347 2035 535 2064 mutandahoc
547 2037 628 2064 modo
637 2037 820 2067 construCtio:
835 2038 897 2069 Πῶς
908 2037 937 2066 δὲ
946 2037 991 2064 δύ-

205 2087 286 2108 ναται
301 2080 357 2113 [σος
375 2078 444 2108 εἶναι
467 2083 524 2114 τοῖς
537 2081 571 2109 δι’
591 2081 673 2109 αὑτοῦ
689 2083 856 2118 γενομένοις,
872 2091 926 2110 non
942 2091 992 2110 au-

206 2129 272 2159 tem,
287 2125 342 2153 τῶν
352 2126 385 2153 δι’
407 2127 488 2156 αὐτοῦ
503 2128 664 2162 γενομένων.
681 2127 720 2155 lta
751 2127 783 2155 D.
805 2127 906 2156 Paulus
920 2128 990 2157 Phil.

207 2178 241 2204 ιι,
255 2171 284 2204 6,
300 2171 438 2200 Christum
454 2173 493 2201 ait
504 2181 559 2201 non
574 2174 747 2202 existimasse
758 2174 892 2210 rapinam.
909 2174 940 2201 τὸ
951 2172 990 2201 εῐο

206 2226 252 2246 ναι
265 2215 312 2245 ioc
328 2218 397 2257 Θεῷ,
412 2227 468 2247 esse
482 2228 510 2248 se
523 2220 649 2256 aqualem
663 2220 728 2248 Deo.
743 2220 781 2249 Ita
798 2223 856 2256 ipse
874 2219 993 2248 Alexan-

1040 1633 1080 1657 se.
1097 1629 1127 1652 ut
1146 1624 1227 1653 iidem
1241 1625 1376 1652 honorum
1392 1623 1462 1650 tituli
1478 1623 1529 1650 sub
1550 1623 1630 1650 linem
1645 1621 1822 1657 epistolarum

1039 1672 1214 1703 iterarentur.
1240 1670 1340 1706 quibus
1366 1669 1445 1696 initio
1459 1669 1558 1704 singuli
1578 1668 1611 1695 ad
1636 1675 1704 1703 quos
1721 1667 1824 1694 scribe-

1038 1717 1114 1749 bant,
1132 1717 1239 1744 fuerant
1252 1715 1389 1751 appellati.
1405 1713 1459 1742 Sed
1473 1721 1603 1749 quorsum
1614 1714 1681 1746 lizec,
1698 1712 1824 1748 inquies?

1038 1762 1098 1790 Non
1123 1766 1154 1790 ut
1175 1762 1330 1790 Alexandro
1364 1760 1666 1795 Constantinopolitano
1695 1760 1823 1795 episcopo

1040 1809 1111 1836 hanc
1129 1808 1272 1844 epistolam
1300 1808 1429 1843 scriptam
1449 1814 1562 1842 negem;
1580 1807 1627 1834 sed
1652 1809 1681 1832 ut
1704 1806 1738 1833 ad
1754 1806 1823 1832 alios

1039 1862 1147 1890 quoque
1169 1854 1275 1882 vicinos
1290 1853 1446 1889 episcopos,
1467 1853 1509 1881 vel
1528 1853 1556 1880 in
1571 1854 1643 1887 regia
1659 1851 1726 1879 urbe
1740 1859 1824 1886 nego-

1041 1903 1140 1930 tiorum
1154 1907 1237 1928 causa
1251 1904 1306 1927 tum
1318 1904 1470 1930 versantes,
1481 1898 1602 1934 ejusdem
1613 1905 1721 1933 quoque
1731 1905 1824 1925 exemr

1041 1948 1085 1984 pla
1107 1955 1155 1983 per
1170 1947 1304 1974 circulum
1324 1946 1407 1973 missa
1427 1945 1581 1973 ostendam.
1597 1943 1691 1979 Neque
1714 1944 1824 1979 ego’hic

1041 1993 1212 2025 Theodoreto
1225 1992 1329 2020 futilem
1344 1990 1444 2019 Gelasii
1459 1990 1585 2027 Cyziceni
1606 1989 1761 2018 Diobolaris
1775 1991 1823 2026 pa-

1040 2038 1129 2074 ψῳδοῦ
1146 2037 1336 2065 auctoritatem
1361 2035 1550 2072 opposuerim,
1574 2035 1620 2070 qui
1640 2034 1824 2062 Alexandrum

1042 2085 1123 2112 istum
1150 2084 1201 2111 hoc
1225 2087 1347 2118 tempore
1367 2081 1676 2116 Constantinopolitanae
1697 2080 1825 2108 Ecclesia

1041 2129 1158 2157 necdum
1180 2127 1322 2164 praefuisse
1343 2125 1458 2153 afﬁrmat
1473 2135 1479 2153 :
1497 2133 1631 2161 quemque
1657 2126 1737 2160 paulo
1763 2129 1824 2160 post

1042 2175 1152 2202 Niceno
1169 2174 1286 2202 concilio
1305 2173 1441 2208 privatum
1462 2172 1551 2199 adhuc
1565 2171 1750 2207 presbyterum
1777 2179 1825 2207 pro

1043 2220 1229 2256 Metrophane.
1241 2226 1361 2248 extrema
1371 2223 1510 2246 senectute
1519 2218 1654 2250 confecto,
1668 2217 1825 2246 interfuisse

207 2265 257 2293 der
269 2266 384 2301 epistola
407 2266 533 2302 sequenti
558 2266 675 2295 Arianos
699 2266 864 2301 praedicasse
883 2267 991 2299 sel-ibit,
1007 2267 1032 2297 υ
1044 2267 1150 2295 scribit.
1165 2266 1250 2301 Cujus
1266 2265 1344 2293 ﬁdem
1359 2264 1456 2292 incerti
1477 2272 1585 2300 quoque
1598 2263 1718 2291 auctoris
1731 2271 1827 2290 narra-

207 2311 348 2340 Christum
360 2314 417 2344 τοῖς
428 2314 511 2341 πᾶσιν
527 2313 583 2340 ἴσον
598 2311 684 2340 εἶναι’
702 2313 774 2348 quod
787 2313 878 2341 versio
892 2312 993 2340 Roma-

207 2365 256 2390 na,
271 2357 407 2388 Christum
421 2359 523 2387 caeteris
542 2358 690 2387 hominibus
705 2359 770 2386 nihil
783 2360 993 2393 prestantiorem

207 2411 275 2436 esse,
290 2405 403 2432 reddit:
419 2406 502 2434 nimis
517 2413 583 2434 sane
602 2410 725 2442 anguste.
746 2405 840 2441 Neque
861 2406 934 2433 enim
958 2406 992 2433 ad

208 2451 285 2480 solos
295 2451 418 2481 homines
427 2453 609 2489 aqualitatem
620 2453 694 2481 illam
708 2453 889 2489 restringebat
898 2454 991 2486 Arius,

208 2497 257 2525 sed
274 2497 309 2524 ad
322 2502 476 2527 creaturam
490 2506 599 2535 quoque
614 2506 722 2527 omnem
743 2499 797 2526 τῶν
814 2499 930 2534 λογικῶν
947 2500 995 2528 καὶ

208 2542 317 2578 ἀλόγων
334 2547 496 2571 creaturam.
508 2543 601 2580 Neque
614 2546 686 2573 enim
702 2545 774 2572 aliud
786 2545 867 2573 isthic
878 2545 929 2574 loci
940 2551 993 2578 est.

207 2590 267 2621 τθϊς
282 2590 365 2617 πᾶσιν
388 2588 444 2616 ἴσον
464 2587 545 2623 εἶναι,
560 2598 644 2626 quam
663 2591 708 2620 hic
721 2593 778 2624 τοῖς
796 2592 864 2619 πᾶσι
883 2600 993 2628 συναρι-

210 2635 348 2670 Operam,
360 2635 412 2663 hoc
424 2640 477 2668 est,
491 2634 610 2665 Verbum
624 2645 658 2666 ex
672 2638 794 2674 ipsorum
807 2638 943 2666 sententia
954 2638 995 2666 fa-

210 2686 286 2709 ctum
304 2684 332 2710 et
348 2686 470 2710 creatum
497 2691 532 2711 ex
557 2684 660 2716 nihilo.
685 2685 851 2719 reliquarum
873 2685 994 2711 omnium

210 2730 399 2756 creaturarum
418 2736 535 2757 numero
556 2729 742 2762 inserendum,
758 2732 854 2765 utpote
881 2729 994 2765 reliquis

209 2773 338 2802 omnibus
349 2774 484 2802 creaturis
495 2773 651 2803 conditione
664 2778 747 2812 atque
764 2775 884 2805 cssemh
904 2782 954 2811 par
968 2779 996 2803 et

209 2819 325 2856 aquale.
340 2818 470 2853 Quamvis
481 2826 532 2855 ego
545 2819 577 2847 τὸ
587 2820 654 2854 tm,
672 2821 700 2849 in
799 2821 878 2854 locis,
895 2820 996 2856 equal:

210 2865 304 2900 potius
317 2872 399 2900 quam
415 2872 465 2899 par
480 2869 586 2893 vertere
599 2867 703 2899 malim,
717 2866 782 2902 'quo
791 2868 873 2895 etiam
888 2865 994 2902 profani

212 2914 341 2940 auctores
362 2917 412 2946 pro
433 2907 569 2939 coaetaneo
591 2914 617 2939 et
642 2918 734 2939 ποίει-ο
746 2912 849 2947 passim
870 2915 994 2946 utuntur,

1043 2314 1081 2342 tio
1111 2314 1144 2342 de
1157 2319 1273 2341 cccxvm
1287 2311 1404 2340 Nicanis
1425 2311 1535 2339 concilii
1552 2310 1677 2337 Patrihus
1693 2310 1826 2344 sequitur,

1043 2368 1103 2395 qua
1120 2360 1148 2388 in
1163 2358 1291 2386 Historiis
1305 2364 1457 2387 sanctorum
1472 2356 1631 2390 Lipomanni
1652 2359 1761 2388 exstat;
1778 2362 1828 2382 cu-

1041 2407 1087 2442 jus
1102 2405 1240 2441 exemplar
1255 2413 1288 2433 ea
1296 2405 1380 2440 Regio
1399 2403 1494 2431 codice
1514 2403 1542 2429 in
1558 2402 1653 2430 Galliis
1681 2400 1827 2436 aliquando

1044 2460 1087 2480 me
1098 2451 1305 2486 transcripsisse
1320 2450 1441 2477 memini.
1462 2448 1535 2481 Haec,
1554 2448 1675 2483 inquam.
1692 2446 1760 2475 tan!
1772 2454 1827 2474 non

1044 2502 1108 2526 sunt
1124 2501 1154 2524 ut
1167 2495 1329 2524 Theodoreti
1346 2495 1515 2529 aliorumque
1529 2493 1670 2520 meliorum
1685 2496 1826 2519 auctorum

1045 2544 1123 2571 fidem
1139 2542 1209 2578 apud
1224 2549 1274 2569 nos
1290 2542 1408 2570 elevent.
1427 2539 1480 2567 Sed
1497 2545 1570 2566 nunc
1584 2538 1727 2573 epistolam
1741 2538 1828 2572 ipsam

1044 2589 1215 2625 aggredimur
1240 2597 1247 2615 :
1271 2587 1299 2614 in
1321 2586 1400 2622 cujus
1424 2585 1516 2613 limine
1544 2583 1683 2613 Romanos
1710 2583 1829 2611 editores

1044 2635 1197 2672 προθέσεως
1211 2641 1262 2661 vox
1277 2632 1401 2664 oﬂ‘endit,
1418 2631 1463 2659 cui
1481 2631 1569 2659 obolis
1584 2630 1718 2658 confOSsa:
1734 2628 1829 2664 προαι-

1046 2689 1119 2718 ρεσιν
1135 2679 1314 2708 substituunt.
1331 2677 1384 2707 Sed
1397 2678 1504 2706 nescire
1520 2684 1563 2704 me
1576 2676 1662 2704 fateor
1685 2675 1750 2710 quid
1764 2682 1829 2702 cau-

1044 2735 1083 2755 sae
1104 2725 1248 2754 habuerint
1271 2732 1322 2752 cur
1341 2731 1435 2752 vocem
1457 2723 1673 2759 ἑλληνικιιηάτην
1697 2720 1828 2749 Grarismi

1045 2780 1130 2801 censu
1151 2771 1341 2807 expunxerint.
1364 2769 1475 2801 Vocem.
1499 2770 1621 2804 inquam.
1640 2767 1763 2803 probam,
1779 2773 1830 2792 nec

1045 2819 1134 2847 solum
1147 2817 1269 2853 Polybio,
1284 2820 1314 2844 ut
1327 2824 1361 2845 ex
1370 2815 1455 2843 Suida
1470 2818 1595 2850 apparet,
1604 2815 1650 2841 sed
1663 2817 1690 2840 et
1702 2812 1733 2839 Ι).
1743 2811 1830 2839 Paulo

1045 2864 1129 2893 semel
1139 2863 1293 2898 iterumque
1300 2865 1470 2897 usurpatam.
1479 2859 1558 2888 Rom.
1568 2867 1628 2890 vm.
1637 2858 1682 2891 28,
1691 2858 1748 2889 τοῖς
1759 2856 1830 2884 κατὰ

1047 2911 1175 2945 πρόθεσιν
1194 2909 1312 2944 κλητοῖς,
1330 2907 1427 2935 vocatis
1448 2905 1590 2934 secundum
1613 2905 1787 2939 propositum.
1803 2905 1832 2931 et
