2145 3163
352 180 400 210 531
899 170 928 208 s.
947 175 1156 208 summa
1175 178 1456 215 wawonmus.

1919 179 1971 211 58

351 241 452 276 Ephes.
468 248 489 274 t,
507 242 549 274 li,
566 239 770 277 προορισθέντες
784 239 855 266 κατὰ
879 239 1016 275 πρόθεσιν,
1031 239 1134 274 ρτιεάε-
1149 241 1172 270 Α
1186 239 1198 265 Α

1121 254 1134 259 -
1149 241 1172 270 Α
1186 239 1224 266 Ac
1233 239 1349 271 primum
1359 239 1468 274 quidem
1477 237 1525 267 Dei
1533 237 1627 266 hostes
1637 236 1868 267 Ecclesiaecastris
1877 236 1968 273 eiecti.

350 288 443 315 stinati
465 286 605 314 secundum
620 287 798 321 propositum;
823 289 850 312 ct
869 289 930 320 post
944 284 1068 317 Paulum,
1085 293 1135 312 oo-

351 334 477 362 stissimo
486 333 584 368 cuique
599 332 648 359 SS.
661 331 783 359 Patrum.
794 331 920 359 Clemens
932 331 1133 359 Alexandrinus

350 381 414 409 item
437 380 484 407 lib.
508 387 550 412 HI,
575 379 714 414 εὐνουχιας
731 379 866 414 πρόθεσιν,
886 378 1048 412 propositum
1062 379 1134 405 mli-

349 425 436 458 batus,
456 428 484 452 et
498 424 544 452 lib.
559 432 607 455 vn,
623 425 686 456 τοὺς
699 424 769 451 κατὰ
783 424 907 459 πρόθεσιν
921 423 1049 455 δικαίους,
1065 431 1133 458 prte-

349 471 500 500 destinatos
510 471 669 506 Apostolum
681 474 791 499 secutus
802 471 916 497 vocavit.
926 469 1050 497 Justinus
1063 470 1134 496 Mar-

349 521 393 553 tyr
405 524 452 544 xtx
461 519 605 553 quastione
615 517 648 544 ad
662 516 832 547 orthodoxae,
847 516 1051 551 palpitationes,
1063 519 1133 543 ster-

348 567 509 590 nutamenta
531 568 558 590 et
573 563 688 590 tinnitus
707 562 814 589 aurium
833 562 909 596 παρὰ
925 562 974 597 τὴν
997 562 1132 596 ἡμετέραν

346 609 487 644 πρόθεσιν,
504 609 561 637 ileri
586 609 690 636 scribit.
705 607 806 635 Omitto
821 608 899 635 alios.
915 607 986 634 Sane
998 607 1131 634 Constan-

346 656 421 682 tinus
443 654 557 690 Magnus
575 655 672 682 litteris
697 654 730 681 ad
757 654 940 681 Alexandrum
964 658 1087 680 nostrum
1105 657 1132 681 et

346 698 441 727 Arium
468 700 540 728 datis
568 700 631 735 μίαν
653 700 741 735 ψυχῆς
770 699 897 735 πρόθεσιν
921 701 1039 734 scripsit.
1061 699 1131 733 Quid

346 746 432 773 vero?
450 753 540 773 nonne
565 746 622 780 ipse
641 745 794 774 Alexander
826 754 885 773 mox
926 746 977 773 hac
1001 746 1060 781 ipsa
1084 754 1133 781 pa-

348 791 411 826 gina
444 792 494 826 τὴν
509 791 647 827 μοχθηρὰν
671 791 801 827 πρόθεσιν
821 792 935 827 repetit?
949 791 1027 825 Quod
1044 796 1071 820 et
1091 793 1131 826 ip-

349 844 409 864 sum
424 844 459 864 ne
471 844 601 864 censores
614 836 780 872 jugularent,
798 837 903 864 salvum
914 842 995 873 atque
1007 838 1132 865 indemne

348 887 479 919 praestare
492 887 596 918 poterat
610 884 682 918 quod
694 883 764 910 infra
775 892 804 911 se
814 883 1002 919 episcoporum
1014 885 1047 912 ad
1062 893 1132 921 quos

1187 284 1222 311 ad
1256 285 1370 319 gentiles
1397 287 1424 311 et
1447 283 1556 312 Judteos
1577 283 1767 319 transfugere,
1783 290 1845 310 cum
1868 283 1912 311 his
1937 284 1971 311 ad

1187 329 1371 357 Christianam
1386 329 1545 364 religionem
1561 329 1772 358 exscinilendam
1791 328 1902 356 {aderis
1926 336 1972 357 so-

1187 375 1285 402 cietate
1300 382 1361 402 sese
1375 375 1539 409 conjungere
1553 383 1561 400 :
1576 374 1647 408 apud
1661 374 1711 402 hos
1726 375 1839 410 gratiam
1850 374 1972 402 laudem.

1186 431 1240 458 que
1250 424 1303 451 sibi
1315 430 1447 458 querere,
1462 422 1527 449 dum
1546 421 1764 450 Christianorum
1785 423 1911 458 dogmata
1938 430 1969 450 ar.

1187 477 1276 501 sacra,
1301 477 1362 504 quae
1385 467 1485 495 Judmis
1500 467 1670 498 scandalum.
1691 468 1818 503 gentibus
1834 468 1948 496 stultitia
1960 467 1969 483 '

1187 524 1275 549 erant.
1289 519 1356 546 risui
1370 526 1401 546 ac
1412 517 1529 545 ludibrio
1536 517 1889 552 eorumdem,exponereut;
1898 516 1970 544 unde

1187 565 1327 600 religionis
1346 564 1459 592 exitium
1474 563 1551 598 sequi
1574 569 1685 590 necesse
1699 566 1767 589 erat.
1788 562 1856 598 Ipsis
1871 561 1970 591 deinde

1186 611 1308 638 veritatis
1323 609 1568 645 propugnatoribus
1581 609 1685 640 turbas,
1700 608 1847 636 seditiones
1861 616 1893 636 ac
1907 615 1971 645 per-

1186 657 1340 684 secutiones
1348 657 1522 691 gravissimas
1532 655 1686 683 excitabant
1698 664 1704 681 :
1717 654 1822 682 scilicet
1831 659 1859 682 ut
1869 655 1913 682 Dei
1924 654 1972 682 Ec-

1186 703 1268 730 clesia
1283 703 1381 729 horum
1396 702 1521 737 praesidio
1540 702 1645 731 orbata.
1661 701 1729 736 ipsis
1744 700 1840 735 praedae
1851 700 1969 728 cederet.

1186 747 1308 774 Haeduo
1317 747 1500 774 accusationis
1510 747 1608 781 capita.
1620 746 1740 779 Quorum
1752 749 1898 781 utrumque
1908 745 1971 781 qui-

1186 793 1237 820 bus
1251 793 1339 821 modis
1349 791 1454 820 edicere
1469 797 1635 819 conarentur
1648 791 1754 823 Ariani,
1764 799 1825 818 mox
1839 791 1969 819 ostendit.

1186 838 1328 866 Posterius
1348 839 1468 874 quidem.
1487 839 1586 876 inquit,
1609 838 1756 865 seditiones
1783 841 1811 864 et
1839 844 1968 872 perseeu-

1186 887 1276 913 tiones
1300 885 1407 913 scilicet
1424 886 1560 918 excitant,
1591 883 1744 912 divexando
1757 883 1918 916 catholicos.
1941 888 1971 911 et

348 930 445 958 scribit
461 930 526 967 ὀρθῇ
542 930 678 966 προθέσει,
692 929 828 957 conlidere
849 930 896 957 ait.
923 930 1036 961 Videtis.
1054 935 1130 966 puto,
1148 928 1169 956 Β
1185 931 1246 958 lites
1259 930 1356 958 iisdem
1375 930 1546 962 iutentando,
1563 937 1612 965 per
1634 929 1857 956 muliercularum
1872 929 1969 956 amici-

348 977 496 1010 auditores,
513 983 594 1011 quam
619 979 699 1003 caute
715 979 741 1002 et
758 975 882 1010 religiose
909 977 935 1003 in
957 977 1131 1012 antiquorum

347 1022 456 1057 scriptis
466 1021 630 1049 versandum
647 1022 693 1052 sit.
707 1028 788 1055 quam
805 1029 859 1048 non
873 1026 974 1050 temere
985 1024 1131 1058 quidquam

345 1068 516 1095 mutandum.
532 1069 666 1096 Ceterum
679 1068 702 1095 si
718 1068 780 1102 quis
789 1066 913 1095 Grmcum
935 1068 1016 1105 hyjus
1030 1070 1132 1105 episto-

345 1113 378 1141 la
393 1115 534 1142 exordium
545 1122 606 1141 cum
621 1115 704 1142 veteri
721 1114 862 1149 Epiphauii
878 1113 1004 1143 vers'bne
1020 1120 1132 1144 conten—

344 1159 402 1191 dat,
419 1160 498 1195 longe
510 1159 644 1187 diversam
660 1160 720 1195 ejus
736 1161 858 1189 codicem
875 1161 1037 1189 sententiam
1060 1170 1129 1197 prae-

347 1205 443 1234 tulisse
457 1206 585 1240 reperiet.

379 1251 418 1279 llli
431 1255 520 1280 autem
540 1252 673 1279 malorum
694 1252 846 1283 hominum.
863 1260 945 1286 quam
967 1253 1049 1281 modo
1062 1252 1130 1286 dixi,

345 1297 473 1333 προθέσει
489 1297 636 1332 respondet
653 1297 725 1332 quod
743 1298 876 1332 sequitur,
900 1306 948 1326 eos
959 1299 1060 1326 diaboli
1080 1300 1130 1326 im-

344 1341 425 1376 pulsu
440 1342 522 1369 veluti
535 1346 621 1369 (nstro
640 1342 757 1376 percitos
773 1341 836 1368 ferri
854 1344 894 1374 ei;
912 1344 962 1377 τὴν
984 1344 1132 1378 προκειμέ-

343 1395 394 1422 νην
407 1387 498 1419 αὐτοῖς
512 1387 617 1423 ἡδονήν.
646 1387 706 1420 Quo
720 1396 782 1416 cum
799 1394 904 1416 certum
919 1394 945 1417 et
963 1390 1130 1417 destinatum

345 1433 427 1460 animi
447 1434 590 1461 consilium
614 1434 793 1469 signiﬁcetur.
819 1436 920 1462 rectius
947 1443 961 1462 a
980 1437 1063 1462 veteri
1089 1436 1129 1462 in-

344 1482 471 1513 terprete,
486 1480 647 1518 propositam
669 1481 758 1506 animo
779 1480 925 1511 libidinem,
941 1489 1022 1515 quam
1046 1488 1061 1507 a
1079 1481 1131 1508 Ca-

344 1525 473 1556 merario,
489 1525 589 1552 obviam
603 1526 770 1558 voluptatem,
787 1531 833 1554 aut
851 1535 865 1554 a
878 1532 970 1554 nostro
983 1528 1130 1562 interprete

345 1568 490 1602 Britanno,
507 1570 652 1605 voluptates
667 1579 725 1606 quae
741 1572 809 1606 forte
825 1581 852 1599 se
867 1573 990 1607 o/feruut,
1007 1572 1129 1599 converti

344 1617 481 1644 existimo.
497 1616 564 1650 Quis
576 1618 649 1645 enim
661 1626 715 1645 non
727 1618 808 1650 videt,
818 1619 867 1654 τὴν
878 1618 1012 1654 τυχοῦσαν
1022 1618 1128 1654 ἡδονὴν,

345 1662 390 1688 καὶ
403 1661 452 1697 τὴν
471 1663 662 1697 προκειμένην,
680 1663 837 1697 longissime
862 1664 932 1690 inter
953 1671 983 1691 se
1001 1663 1129 1697 diﬂerre;

344 1715 406 1735 cum
419 1708 463 1734 illa
475 1716 580 1740 casum.
594 1709 650 1735 haec
662 1709 808 1736 consilium
816 1713 843 1736 et
851 1710 1010 1741 voluntatis,
1024 1713 1052 1736 ut
1061 1709 1128 1741 dixi,

343 1755 513 1790 propositum
525 1755 701 1789 conjunetum
713 1755 830 1783 habeat?

380 1799 461 1827 Addit
475 1800 546 1827 hanc
559 1801 696 1829 scribendi
714 1809 825 1829 causam
844 1801 896 1829 sibi
912 1801 1007 1834 fuisse,
1026 1806 1056 1829 ut
1071 1809 1130 1829 mo-

345 1850 421 1873 neret
434 1850 548 1874 ca‘teros
564 1847 742 1879 orthodoxos,
760 1847 900 1883 improbos
917 1848 978 1875 illos
993 1848 1130 1876 cavendos

344 1899 415 1923 esse.
440 1893 484 1927 Μή
498 1901 539 1925 τις
560 1892 649 1919 αὐτῶν
663 1893 795 1930 τολμήσῃ,
812 1893 909 1928 inquit,
927 1894 973 1920 καὶ
988 1896 1047 1925 ταῖς
1063 1895 1130 1929 ὑμε-

344 1938 436 1973 τέραις
454 1938 610 1973 παροικεαις
626 1938 762 1973 ὲπιὸἦναι-
788 1938 828 1966 Ne
842 1940 900 1974 quis
917 1945 1017 1966 vestras
1031 1948 1130 1975 quoque

345 1984 492 2018 provincias
505 1984 625 2011 invadere
643 1984 749 2011 audeat.
767 1984 844 2018 Quod
860 1990 889 2012 ut
903 1991 977 2013 vetus
987 1990 1014 2013 et
1027 1994 1129 2020 genua-

345 2037 397 2057 rtus
414 2027 571 2058 't'heodoriti
594 2032 727 2066 interpres
752 2037 824 2059 recte
847 2036 873 2059 et
896 2032 1055 2066 simpliciter
1068 2040 1131 2060 ver-

345 2080 422 2110 tunt,
445 2077 482 2104 ita
497 2077 600 2112 Anglus
623 2082 715 2104 noster
735 2085 800 2105 sane
816 2085 914 2113 magno
930 2082 956 2105 et
974 2080 1130 2113 importuno

343 2123 490 2151 verborum
511 2125 625 2157 ambitu,
641 2126 739 2152 erroris
757 2125 798 2151 sui
813 2125 920 2159 vestigia
938 2124 1061 2151 Etclcsiir
1080 2126 1130 2151 im—

344 2171 455 2205 primere
471 2170 570 2198 reddit.
586 2170 651 2204 Quae
665 2179 697 2199 eo
711 2179 726 2198 a
740 2179 783 2198 me
805 2171 944 2202 dicuntur,
959 2171 1030 2206 quod
1052 2171 1129 2198 fucos

343 2220 371 2243 et
389 2216 515 2251 phaleras
534 2217 615 2252 longe
635 2225 649 2243 a
664 2221 739 2245 casta
760 2221 918 2245 sanctorum
934 2217 1046 2244 Patrum
1068 2225 1130 2244 ora-

1184 977 1249 1004 tiam
1265 981 1293 1003 et
1308 977 1497 1011 preusatioues
1513 985 1519 1003 :
1541 976 1781 1003 Christianismum
1797 982 1862 1002 vero
1874 974 1969 1002 tradu-

1183 1026 1287 1053 cerent,
1312 1023 1377 1049 dum
1400 1023 1521 1057 ipsorum
1535 1023 1688 1056 juvenculaa
1711 1022 1794 1048 libere
1814 1021 1873 1048 sine
1887 1020 1968 1048 modo

1182 1075 1210 1097 et
1235 1069 1379 1100 modestia.
1401 1069 1569 1104 vagabunilae
1594 1076 1642 1103 per
1665 1069 1790 1096 civitates
1814 1068 1966 1095 oberrant:

1183 1123 1298 1151 quorum
1324 1119 1470 1150 utrumque
1486 1119 1527 1142 est
1547 1119 1643 1142 contra
1657 1114 1781 1150 Apostoli
1800 1113 1967 1144 doctrinam,

1181 1163 1228 1197 qui
1246 1161 1329 1196 priori
1343 1160 1378 1188 ad
1395 1160 1567 1188 Timotheum
1585 1169 1612 1193 v,
1630 1161 1664 1187 l9
1675 1180 1683 1191 ,
1710 1159 1806 1187 viduas
1825 1159 1968 1194 sexaginta

1182 1215 1316 1235 annorum
1335 1206 1485 1242 eligendus,
1503 1206 1732 1233 adolescentiores
1745 1209 1836 1232 autem
1854 1205 1910 1232 sive
1922 1204 1968 1239 ju-

1182 1254 1310 1282 venculas
1326 1252 1487 1281 devitandas
1510 1252 1642 1288 praecipit.
1666 1250 1736 1278 Tum
1748 1257 1815 1278 vero
1830 1257 1903 1277 vers.
1918 1249 1968 1277 de-

1182 1302 1254 1328 cimo
1266 1300 1348 1328 tertio
1363 1299 1488 1335 ejusdem
1504 1298 1602 1334 capitis
1626 1301 1729 1329 monet,
1754 1304 1789 1324 ne
1808 1296 1903 1324 otiosae
1923 1295 1966 1323 di-

1182 1351 1245 1373 cant
1264 1347 1381 1373 circuire
1397 1346 1504 1376 domos,
1520 1345 1642 1372 verbeste
1659 1348 1687 1371 et
1705 1343 1831 1374 curiosae,
1847 1346 1902 1370 etc.
1913 1341 1967 1369 Ne-

1181 1400 1234 1427 que
1245 1394 1317 1419 euim
1328 1392 1441 1419 dubium
1459 1392 1524 1418 illud
1549 1395 1602 1423 est,
1618 1391 1683 1425 quin
1701 1398 1735 1417 ex
1753 1390 1828 1417 hisce
1843 1387 1967 1424 Apostoli

1182 1439 1272 1465 verbis
1289 1443 1361 1466 totus
1374 1438 1418 1465 hic
1435 1438 1511 1465 locus
1521 1436 1712 1471 intelligendus
1730 1436 1766 1463 sit
1784 1439 1866 1470 atque
1877 1434 1966 1469 expli-

1182 1484 1294 1510 candus.
1312 1484 1340 1510 ln
1355 1483 1434 1518 cujus
1443 1482 1708 1518 seusuexprimeudo
1723 1482 1858 1516 interpres
1872 1484 1967 1508 noster

1182 1532 1250 1558 mire
1270 1538 1384 1558 securus
1403 1535 1456 1562 est,
1481 1530 1613 1558 divellens
1638 1534 1666 1557 et
1681 1529 1853 1557 confundens
1874 1527 1967 1555 omnia

1182 1583 1231 1610 pro
1247 1576 1333 1602 libito.
1351 1575 1428 1602 Unde
1444 1583 1492 1610 pro
1509 1583 1562 1601 una
1587 1576 1714 1601 continua
1738 1573 1886 1602 Alexandri
1903 1580 1966 1600 sen-

1181 1621 1274 1650 tentia.
1287 1628 1377 1648 meras
1395 1620 1475 1647 nobis
1491 1627 1589 1654 scopas
1607 1619 1754 1648 dissolutas
1769 1618 1889 1650 exhibet,
1904 1624 1965 1653 qua

1181 1667 1287 1702 singula
1303 1667 1429 1702 prosequi
1454 1666 1594 1694 tzcdiosum
1622 1664 1702 1693 foret.
1720 1664 1749 1692 Id
1769 1665 1864 1696 miror,
1877 1667 1905 1691 et
1921 1671 1966 1692 vc-

1181 1716 1264 1739 terem
1281 1716 1308 1739 et
1322 1720 1420 1739 novum
1435 1712 1620 1747 interpretem,
1637 1711 1746 1738 inverso
1766 1712 1848 1741 unius
1863 1710 1964 1741 Greca

1180 1759 1256 1785 vocis
1269 1758 1378 1793 spiritu,
1388 1762 1518 1793 tanquam
1535 1758 1731 1786 vehementiori
1747 1757 1867 1793 procella
1887 1757 1966 1785 abre-

1180 1808 1252 1838 ptos,
1264 1804 1290 1830 in
1312 1804 1454 1839 scopulum
1467 1802 1774 1839 impcgisse.Alexandri
1789 1802 1870 1830 verba
1881 1806 1965 1831 sunt:

1181 1850 1236 1884 Τὴν
1247 1850 1311 1884 γοῦν
1329 1850 1461 1885 Ἐλλήνων
1474 1858 1502 1876 τε
1516 1850 1561 1876 καὶ
1584 1848 1717 1876 Ἰουδαίων
1729 1848 1813 1884 ἀσεσῆ
1826 1848 1889 1884 περὶ
1899 1848 1967 1884 Χρι-

1182 1895 1244 1921 στοῦ
1258 1896 1336 1929 δόξαν
1353 1896 1536 1932 κρατύναντες
1549 1917 1555 1927 ,
1567 1895 1613 1922 τὸν
1628 1894 1693 1930 παρ’
1708 1894 1797 1921 αὐτῶν
1807 1894 1917 1921 ἔπαινον
1928 1894 1966 1926 ὡς

1181 1943 1219 1969 ενι
1238 1942 1354 1977 μάλιστα
1368 1942 1515 1977 (inprimat.
1542 1940 1592 1968 Ubi
1619 1945 1714 1968 neuter
1734 1939 1883 1975 perspexit.
1901 1939 1966 1975 παρ’

1181 1988 1270 2015 ἀυτῶν
1286 1988 1337 2014 lcui
1350 1988 1447 2022 spiritu
1463 1985 1625 2021 legendum;
1642 1988 1669 2011 et
1685 1992 1739 2011 non
1752 1985 1827 2019 ipsos
1837 1983 1966 2016 Arianos,

1182 2034 1228 2062 sed
1245 2033 1353 2060 Graecos
1369 2037 1396 2060 et
1409 2032 1518 2060 Iudaeos
1546 2031 1669 2066 intelligi,
1693 2029 1764 2064 apud
1789 2037 1859 2065 quos
1884 2029 1967 2057 Chri-

1181 2085 1253 2107 stum
1270 2080 1406 2107 communi
1430 2086 1512 2114 opera
1526 2077 1716 2113 oppugnando,
1735 2077 1841 2104 laudem
1858 2077 1962 2105 studio-

1182 2125 1290 2151 sissime
1306 2124 1451 2159 captabant
1467 2123 1569 2150 Ariani.
1581 2121 1658 2155 Quod
1672 2126 1761 2149 tamen
1774 2122 1962 2149 Camerarium

1181 2170 1357 2203 Theodoreti,
1375 2174 1402 2198 et
1417 2170 1539 2205 Langqu
1560 2168 1703 2204 Nicepltori
1716 2170 1893 2203 interpretem
1910 2175 1965 2195 non

1183 2217 1261 2252 fugit.
1280 2216 1410 2248 Quamvis
1434 2215 1505 2251 apud
1538 2215 1609 2241 ltunc
1635 2221 1688 2241 non
1703 2213 1767 2249 παρ’
1792 2213 1892 2244 αὐτῶν,
1919 2213 1965 2242 sed

343 2262 417 2290 tiane
427 2263 567 2290 amandari
578 2263 657 2290 velim
670 2259 679 2290 ἱ
691 2271 800 2298 easque,
815 2267 845 2290 ut
858 2264 908 2299 ipsi
919 2264 1040 2291 studiose
1052 2271 1131 2290 cave-
1146 2274 1168 2300 ι)
1184 2264 1249 2298 παρ’
1260 2263 1351 2294 αὐτοῖς
1364 2263 1478 2298 legatur.
1493 2262 1624 2289 Caeterum
1638 2266 1667 2288 ut
1682 2260 1780 2295 reliqui
1795 2268 1890 2288 omnes
1911 2260 1967 2288 Its:-

344 2313 419 2338 ruut.
436 2309 471 2335 ita
486 2316 536 2336 nec
551 2309 577 2336 iu
590 2309 730 2337 versiones
742 2318 836 2338 eorum
849 2311 931 2337 menti
947 2310 1130 2345 exprimenda:

346 2354 528 2383 admittendas
540 2363 649 2383 censeo.
664 2355 704 2383 ita
719 2357 769 2384 sub
782 2357 915 2392 principio
935 2364 996 2392 pag.
1012 2365 1068 2392 seq.
1084 2364 1130 2384 ve-

345 2405 390 2430 tus
404 2402 549 2437 interpres,
573 2403 621 2437 τὴν
638 2403 770 2439 σωτήριον
781 2404 898 2439 Χριστοῦ
914 2403 1070 2438 οἰκονομίαν
1084 2404 1130 2429 καὶ

343 2447 378 2474 δι’
396 2449 470 2483 ἡμᾶς
492 2448 670 2483 ταπείνωσινξ,
693 2450 836 2476 salutarem
858 2450 1078 2484 dispensationem
1105 2454 1130 2476 et

345 2494 519 2520 humilitate»:
535 2501 582 2527 pro
605 2493 679 2521 nobis
695 2500 853 2528 susceptam.
871 2495 961 2526 vertit,
979 2500 1008 2522 ut
1032 2495 1130 2529 reliqui

346 2539 449 2566 Latina:
466 2538 595 2568 Ecclesiae
613 2539 720 2572 Patres,
740 2545 767 2567 et
783 2541 908 2575 vulgatus
921 2541 1070 2571 Bibliorum
1087 2543 1129 2568 in-

344 2589 450 2619 terpres
468 2585 542 2621 loqui
556 2591 664 2619 amant;
685 2587 731 2614 ubi
756 2591 848 2614 noster
862 2589 1030 2614 oeconomiam
1043 2593 1067 2615 et
1088 2588 1131 2614 ab-

345 2630 492 2662 iectionem,
515 2632 606 2666 potius
628 2640 710 2668 quam
725 2633 932 2660 bumitiationem
950 2634 1082 2669 probavit.

380 2675 510 2712 Sequitur
523 2677 621 2706 deinde
637 2679 713 2707 locus
738 2687 805 2707 sane
829 2679 953 2715 insignis,
970 2688 1026 2716 quo
1049 2681 1129 2708 Alex-

344 2725 431 2753 ander
452 2726 560 2762 egregie
584 2727 714 2756 describit
744 2728 829 2755 malas
853 2728 1017 2756 Arianorum
1044 2735 1128 2761 artes.

343 2770 444 2806 quibus
466 2771 607 2801 veritatem
629 2773 743 2811 ejusque
768 2775 937 2807 defensores,
956 2783 1009 2810 qua
1034 2781 1128 2810 aperta

343 2817 381 2850 vl,
393 2825 446 2853 qua
463 2818 559 2847 fraude
573 2820 690 2855 occulta,
706 2829 754 2858 per
766 2822 910 2850 cuniculos
924 2822 1126 2857 oppugnabant.

378 2897 527 2931 ‘lCor.|,
547 2897 594 2928 23.

1182 2311 1268 2341 retici,
1291 2311 1328 2337 ita
1343 2309 1426 2337 Arius
1440 2317 1548 2344 quoque
1576 2307 1698 2343 parentis
1711 2308 1754 2335 sui
1769 2307 1869 2334 diaboli
1887 2308 1964 2343 inge-

1184 2358 1258 2383 nium
1272 2361 1399 2391 artesque
1410 2356 1543 2387 imitatus,
1555 2355 1615 2381 licta
1632 2354 1741 2389 pietatis
1754 2354 1844 2388 specie
1856 2354 1967 2388 sequio-

1183 2404 1222 2430 ris
1233 2411 1315 2431 sexus
1326 2403 1495 2438 simplicitati
1509 2402 1603 2429 illusit.
1615 2400 1739 2435 Cumque
1749 2399 1886 2427 Christum
1896 2400 1969 2429 divi-

1184 2449 1278 2476 uitatis
1292 2449 1378 2483 gloria
1390 2449 1543 2483 spoliasset,
1565 2446 1767 2474 sanctissimum
1781 2453 1890 2481 quoque
1904 2445 1965 2480 eius

1185 2495 1319 2529 peculium
1340 2495 1467 2522 invadere
1496 2501 1528 2519 ac
1545 2493 1720 2520 inter-vertere
1749 2499 1803 2519 non
1820 2492 1964 2520 dubitavit.

1184 2542 1235 2575 Qui
1249 2542 1432 2577 septingentas
1442 2540 1560 2575 virgines
1571 2539 1680 2567 Christo
1690 2543 1864 2567 consecratas
1877 2538 1967 2574 primo

1183 2589 1304 2616 omnium
1322 2588 1350 2615 in
1367 2595 1432 2615 suas
1455 2590 1547 2621 partes
1561 2585 1711 2620 pertraxit,
1725 2593 1786 2613 cum
1799 2586 1907 2613 interim
1920 2585 1966 2612 vix

1183 2639 1285 2670 septem
1298 2634 1471 2670 presbyteros
1482 2637 1509 2660 et
1519 2632 1650 2660 diaconos
1673 2631 1819 2660 duodecim
1831 2631 1885 2658 sibi
1895 2637 1967 2658 con-

1181 2682 1311 2709 ciliasset.
1335 2680 1373 2707 Ita
1400 2679 1514 2710 scilicet.
1534 2677 1669 2705 εὐόλισϐον
1691 2677 1737 2705 καὶ
1759 2676 1893 2713 σφαλερόν
1921 2676 1967 2703 καὶ

1181 2727 1378 2763 εὐπαράγωγον
1406 2725 1437 2751 τό
1461 2724 1515 2751 τῶν
1540 2724 1674 2758 γυναικῶν
1697 2723 1783 2759 γένος.
1815 2721 1868 2750 Sed
1903 2729 1966 2749 cum

1182 2773 1336 2802 Alexander
1354 2772 1406 2800 hoc
1423 2772 1484 2799 loco
1497 2770 1641 2798 mulierum
1658 2778 1739 2805 opera
1755 2768 1906 2797 Ecclesiam
1932 2767 1968 2795 ab

1183 2821 1248 2848 Ario
1261 2820 1362 2848 scribat
1371 2821 1563 2853 oppugnatam,
1581 2816 1744 2846 dubitaverit
1757 2816 1820 2852 quis
1837 2813 1967 2843 haedin-
