2145 3163
936 157 1086 186 ΝΟἸῚΤῙΔ.

1779 155 1828 185 551

215 222 298 259 juris,
317 229 381 250 num
409 220 537 250 seductas
552 218 614 247 illas
641 222 669 247 et
689 217 779 246 fatuas
807 217 937 253 virgines,
961 225 995 245 an
1010 217 1289 253 Aeque-obscurum,
1315 217 1428 252 parique
1452 214 1663 250 investigatione
1689 214 1825 259 Inquiren-

216 268 291 296 aliud
305 268 395 303 potius
419 266 581 294 feminarum
598 273 684 301 genus
699 265 741 292 vir
768 267 880 292 sanctus
895 263 997 291 intelli-

218 319 289 349 gat:
311 320 381 349 quas
407 312 515 348 quidem
534 312 593 347 ipse
620 311 790 338 mulierculas
816 310 947 345 impuros,
973 311 997 338 si

215 359 304 395 Anglo
316 358 457 394 interpreti
471 358 608 386 credimus
620 377 628 390 ,
644 361 672 385 et
695 356 808 384 tenellas
839 355 997 383 meretricu-

216 405 258 434 las
282 408 380 433 vocat:
403 404 451 432 sed
466 412 561 433 vereor
576 403 707 440 profecto,
726 409 761 429 ne
779 401 825 428 ille
852 399 997 428 Alexandri

217 454 336 479 mentem
351 457 383 477 ac
405 450 487 478 verba
510 450 593 477 nimis
622 448 800 477 inclementer
820 446 995 481 expresserit.

215 495 290 530 Quas
309 495 382 523 enim
408 496 522 530 impuros
539 495 584 522 ille
601 494 693 526 vertit,
720 492 884 529 γυναικάρια
893 492 997 520 ἄτακτα

215 541 370 569 Alexander
394 548 460 570 voce
478 549 493 568 a
510 541 541 568 ι).
558 540 643 568 Paulo
664 542 789 567 mutuata
812 538 938 574 appellat.
959 537 997 564 lta

215 586 290 614 enim
310 586 457 622 Apostolus
479 584 513 613 11
526 584 646 612 Thessal.
673 591 716 615 ιιι,
733 583 761 616 ϐ,
789 587 881 611 monet
903 587 933 610 ut
947 591 998 611 nos

215 632 407 661 subtrahamus
421 632 475 660 ἀπὸ
497 631 597 663 «me;
609 629 723 665 ἀδελφοῦ
745 629 870 661 ἀτάκτως
884 638 999 664 περιπα-

213 677 334 711 τούντος,
350 678 383 705 ab
407 678 477 706 omni
493 677 576 713 fratre
595 677 743 704 inordinate
767 675 928 702 ambulante.
946 674 997 701 Ubi

213 724 322 760 egregie
343 724 503 752 scholiastes
516 722 626 750 Graecus
643 732 649 750 :
668 722 801 754 'A-raxjcoc
815 723 890 748 ἐστιν
905 722 919 747 ὁ
937 720 998 755 δίχα

213 770 317 804 τάξεως
341 771 388 798 καὶ
398 770 453 796 τῶν
475 769 523 796 τοῦ
550 767 617 794 Θεοῦ
632 768 722 803 νόμων
735 766 904 803 περιπατῶν,
920 765 998 799 Quod

213 816 341 852 equidem
361 816 401 844 sic
415 814 620 850 explicaverim,
650 813 767 840 ἄτακτον
789 813 848 840 sive
863 812 998 838 inordina-

214 866 269 890 tum
285 863 350 895 dici,
366 863 413 898 qui
437 869 493 890 suae
518 861 672 889 vocationis
696 860 820 888 ordinem
841 860 968 895 legesque
982 866 997 885 a

213 907 270 936 Deo
284 897 440 943 propositas
450 914 504 934 non
528 906 658 934 observat
675 914 682 932 :
698 906 743 932 cui
771 905 872 941 impuri
899 912 998 932 nomen
1013 897 1035 925 Β

212 953 322 988 proprie
344 952 517 981 tribuendum
548 951 620 979 baud
641 956 718 988 puto.
739 951 915 979 Mulierculas
933 959 998 979 vero

212 997 335 1033 impuras
352 1006 442 1032 nemo,
458 998 549 1030 credo,
569 998 715 1034 intelliget,
732 998 784 1026 nisi
800 1005 861 1033 quae
875 997 999 1032 volupta-

211 1047 271 1070 tum
284 1051 318 1071 ac
335 1043 479 1072 libidinum
493 1051 572 1071 emno
588 1044 733 1076 immersae,
751 1043 850 1071 {tedam
874 1043 998 1078 corporis

212 1089 256 1117 sui
271 1089 376 1125 copiam
405 1090 467 1118 aliis
501 1088 615 1117 faciunt.
632 1089 700 1117 lllud
725 1097 790 1117 vero
815 1089 926 1127 gravius
944 1092 996 1120 est,

213 1143 284 1171 quas
301 1135 454 1164 Alexander
470 1136 531 1164 loco
551 1136 676 1171 superius
692 1144 707 1163 a
721 1136 800 1164 nobis
824 1136 914 1167 allato,
933 1135 999 1162 sim-

212 1181 321 1216 pliciter
335 1181 469 1217 νεωκέραις
482 1185 572 1213 vocat,
590 1181 698 1208 tenellas
712 1181 893 1208 meretriculas
919 1179 997 1208 verti.

213 1226 293 1260 Quod
307 1225 422 1254 Romani
435 1227 555 1255 editores
579 1227 632 1255 hoc
656 1227 717 1255 loco
739 1227 946 1262 interpolantes,
961 1230 998 1253 te-

212 1270 298 1300 ssellae
306 1273 461 1308 iuvenculos
472 1273 675 1301 substituerunt
692 1273 877 1301 :.clementius
889 1271 998 1305 quidem

213 1318 293 1352 illud,
310 1319 357 1347 sed
373 1319 466 1348 nescio
481 1324 572 1348 tamen
589 1327 623 1347 an
638 1320 706 1347 satis
720 1320 754 1347 ad
767 1318 914 1347 Alexandri
922 1326 998 1345 men—

214 1367 281 1392 tem.
297 1363 385 1398 Quam
412 1368 443 1392 ut
466 1365 574 1400 planius
599 1365 761 1401 pleniusque
789 1365 996 1401 perspiciamus,

212 1409 354 1444 copiosius
371 1410 494 1438 nonnihil
510 1410 688 1439 dill‘erendum
705 1412 758 1439 erit
784 1411 817 1439 de
837 1411 997 1438 mulieribus

214 1452 271 1481 illis
296 1454 482 1490 quaegradum
507 1456 688 1484 autordinem
713 1459 761 1483 aut
777 1454 921 1483 ministerii
944 1456 999 1484 oﬂi—

213 1499 287 1527 cium
301 1500 329 1528 in
343 1500 464 1529 Ecclesia
479 1501 544 1529 olim
568 1501 745 1530 obtinuerunt
760 1510 766 1527 :
788 1509 903 1537 quarum
918 1502 998 1538 origi.

212 1553 275 1573 nem
289 1553 325 1574 ex
337 1547 426 1597 sacris
453 1547 552 1597 litteris
566 1556 620 1576 una
640 1547 790 1584 eademque
799 1555 881 1583 opera
911 1548 997 1576 dedu-
1009 1568 1031 1597 ο

211 1595 286 1619 ctam
299 1592 505 1627 explicabimus.
531 1592 566 1620 Et
589 1593 657 1621 mihi
678 1593 788 1628 quidem
811 1598 885 1620 recte
899 1594 996 1621 adtria

211 1644 314 1673 genera
337 1638 460 1666 revocari
478 1637 616 1666 videntur.
645 1638 766 1672 Quorum
788 1638 918 1674 dignitate
940 1640 997 1674 pri-

212 1690 287 1710 mum
303 1687 346 1711 est
357 1684 491 1720 virginum
506 1684 671 1716 institutum,
698 1691 753 1712 non
778 1684 836 1711 heri
853 1687 900 1711 aut
917 1684 997 1713 hodie

211 1728 410 1762 introductum,
435 1734 465 1757 ut
487 1729 606 1758 heretici
636 1730 722 1757 nostri
750 1730 881 1766 temporis
908 1731 996 1766 impu-

210 1774 310 1803 denter
336 1775 417 1803 simul
441 1779 469 1804 et
486 1776 609 1811 imperite
623 1775 776 1803 aﬂlrmant:
791 1776 838 1804 sed
863 1783 916 1805 una
934 1784 995 1804 cum

212 1822 335 1850 Ecclesia
349 1826 454 1855 natum,
474 1822 609 1850 autetiam
625 1821 745 1850 Ecclesia
763 1821 822 1857 ipsa
838 1822 995 1857 antiquius:

211 1867 314 1904 quippe
323 1867 403 1903 cujus
416 1868 538 1903 exempla
549 1871 596 1895 aut
607 1867 737 1903 praeludia
752 1867 781 1894 in
792 1867 877 1895 veteri
889 1875 997 1902 quoque

213 1913 318 1942 fodere
339 1913 525 1950 agnoscimus.
555 1912 686 1946 Quamvis
713 1913 800 1940 multo
829 1912 997 1947 splendidior

210 1960 273 1996 ejus
289 1960 375 1996 gloria
390 1961 418 1987 in
431 1967 503 1988 novo
529 1959 667 1988 refulserit
680 1969 686 1986 :
704 1959 749 1986 ubi
767 1958 887 1994 Virginis
900 1958 996 1991 Filius,

213 2005 343 2033 Ecclesia:
368 2010 449 2033 casta
467 2005 580 2042 virginis
602 2013 738 2040 sponsus,
762 2004 946 2040 virginitatem
970 2010 997 2033 et

213 2052 338 2080 doctrina
349 2052 510 2087 etexemplo
533 2060 583 2080 suo
606 2052 752 2088 gloriosius
767 2052 938 2080 consecravit
951 2059 958 2078 :
970 2056 997 2080 et

212 2097 360 2135 Apostolus
376 2098 438 2133 περὶ
456 2098 599 2132 ἱσαγγέλου
610 2097 750 2130 ιπολιτειας
760 2106 840 2126 suum
851 2098 996 2126 consilium

213 2143 320 2180 prolixe
332 2143 481 2171 Corinthiis
499 2143 526 2170 in
544 2141 695 2178 lEptstola,
711 2150 773 2178 cap.
795 2150 845 2175 vn,
860 2143 994 2177 exposuit.

217 2188 408 2225 Virginitatem
421 2188 520 2216 deinde
541 2189 665 2224 sequitur
689 2188 827 2220 viduatus,
844 2191 873 2215 ut
889 2187 996 2216 Tertul-

1048 263 1112 291 dum
1127 263 1244 291 videtur.
1256 262 1288 289 1).
1301 261 1482 298 Hieronymus
1500 260 1617 297 epistola
1636 259 1671 287 ad
1690 258 1829 287 Salvinam

1047 307 1087 335 De
1100 308 1226 335 uiduitate
1235 307 1375 340 servanda,
1398 307 1472 334 hunc
1492 305 1615 341 Apostoli
1638 304 1730 332 locum
1744 304 1831 339 expli-

1047 360 1126 384 cans.
1141 353 1175 381 de
1189 352 1303 388 collegio
1314 352 1367 384 vel,
1387 356 1418 379 ut
1444 358 1518 378 nunc
1537 350 1686 385 loquimur,
1711 349 1831 384 hospitio

1047 397 1189 425 viduarum
1205 398 1316 432 accipit,
1332 404 1393 432 qua:
1407 396 1521 432 publicis
1534 397 1662 425 Ecclesiae
1676 394 1833 431 sumptibus

1048 444 1189 471 alebantur
1207 443 1305 475 :Illos,
1320 443 1418 478 inquit,
1443 442 1497 470 vult
1523 442 1648 470 Ecclesia
1667 441 1759 477 opibus
1771 448 1833 468 sus-

1049 489 1154 520 tentari,
1177 497 1236 524 qua
1252 489 1364 523 propriis
1380 488 1500 515 manibus
1516 496 1568 515 non
1580 486 1808 523 queuntlaboraro
1821 493 1831 513 :

1047 542 1172 569 quievere
1195 534 1282 562 viduae
1296 539 1367 566 sunt,
1383 543 1448 570 quas
1462 539 1487 562 et
1505 538 1571 562 tetas
1596 535 1689 568 probat
1711 538 1737 562 et
1764 534 1829 561 vita.

1049 579 1102 608 Sed
1118 587 1213 608 vereor
1224 585 1254 608 ut
1273 581 1396 616 Apostoli
1425 588 1503 609 mens
1528 581 1560 608 ad
1576 581 1661 609 solam
1677 581 1749 609 hanc
1763 588 1832 616 pau-

1048 633 1142 662 perum
1170 630 1198 654 et
1211 630 1291 654 aetate
1317 627 1503 655 confectarum
1529 627 1672 655 viduarum
1690 631 1831 655 sustenta-

1048 673 1149 700 tionem
1174 674 1302 710 restringi
1315 675 1412 710 possit.
1434 674 1502 702 Nam
1519 675 1673 703 ministerio
1701 674 1832 702 Ecclesia

1048 720 1195 748 virtutibus
1205 724 1233 748 et
1243 724 1322 748 aetate
1337 721 1464 756 probatas
1487 721 1550 757 eligi
1568 721 1723 757 praeﬁcique
1736 721 1831 749 solitas

1048 765 1091 794 vel
1101 765 1168 793 illud
1181 770 1340 802 argumento
1357 771 1409 798 est,
1423 767 1494 802 quod
1516 761 1612 795 viduas
1638 767 1699 795 illas
1713 767 1830 802 primum

1048 811 1153 840 discere
1165 812 1242 847 jubet
1258 813 1414 848 Apostolus,
1432 813 1480 848 qui
1490 813 1627 848 propriam
1641 813 1753 840 domum
1762 812 1832 839 bene

1048 863 1142 894 regant
1159 869 1165 886 τ
1181 859 1398 887 Μανθανέτωσαν
1424 860 1541 896 πρῶτον,
1563 860 1651 895 inquit
1670 880 1676 891 .
1697 859 1743 886 τὸν
1767 859 1832 886 lotos

1049 903 1122 932 οἶκον
1138 905 1268 934 εὐσεϐεῖν.
1286 906 1407 934 Similem
1424 907 1496 934 enim
1515 907 1613 941 publici
1629 907 1752 934 muneris
1769 905 1833 941 πρό-

1050 959 1147 987 πειραν
1160 951 1188 979 in
1198 952 1327 987 episcopo
1343 953 1423 988 paulo
1437 957 1499 980 ante
1513 952 1601 980 eidem
1619 951 1762 980 Timotheo
1776 955 1833 978 tra-

1024 1002 1026 1004 '
1049 997 1099 1028 dit,
1115 1000 1216 1024 rectam
1233 998 1337 1025 scilicet
1352 997 1463 1032 privatae
1473 998 1582 1025 familiae
1595 997 1818 1033 gubernationem

1050 1043 1103 1072 Sed
1114 1044 1180 1079 quid
1197 1044 1358 1072 circuitione
1370 1051 1439 1079 opus
1453 1048 1507 1077 est,
1524 1051 1588 1071 cum
1608 1049 1635 1072 et
1644 1044 1749 1079 privata
1766 1050 1832 1070 san-

1049 1095 1154 1118 ctorum
1169 1090 1290 1123 Patrum,
1307 1096 1333 1119 et
1348 1091 1455 1126 publica
1470 1091 1649 1118 conciliorum
1669 1090 1833 1118 auctoritate

1049 1135 1251 1172 ἀναντιῤῥήτως
1263 1136 1405 1163 evincatur
1427 1136 1523 1164 viduas
1535 1136 1580 1164 hic
1591 1136 1625 1163 ah
1647 1136 1777 1171 Apostolo
1790 1135 1832 1162 in-

1048 1181 1133 1218 telligi
1164 1182 1292 1210 mulieres
1318 1182 1379 1209 illas
1409 1189 1478 1216 quas
1505 1190 1521 1208 a
1545 1181 1717 1209 ministrandi
1744 1181 1832 1210 ollicio

1048 1228 1135 1256 Graeci
1155 1228 1305 1261 διακόνους,
1335 1227 1424 1254 Latini
1454 1227 1536 1254 etiam
1564 1228 1719 1260 ministras,
1752 1231 1780 1254 ut
1797 1235 1832 1255 ex

1048 1273 1128 1301 Plinii
1140 1272 1262 1302 Iunioris
1280 1274 1382 1301 celebri
1405 1273 1450 1300 illa
1468 1273 1501 1301 de
1526 1272 1688 1301 Christianis
1715 1273 1831 1308 epistola

1048 1323 1165 1351 constat,
1180 1322 1207 1347 et
1217 1319 1387 1347 diaconissas
1400 1319 1588 1354 appellarunt?
1602 1318 1640 1346 De
1654 1319 1753 1354 quibus
1764 1319 1833 1355 Apoc

1048 1366 1135 1394 stolus
1145 1365 1266 1394 disertim
1282 1369 1353 1398 ante,
1374 1366 1420 1394 sed
1436 1365 1530 1405 paucis
1553 1365 1713 1393 meminerat
1726 1373 1786 1400 cap.
1803 1373 1831 1392 IlI

1047 1411 1168 1446 ejusdem
1182 1411 1317 1446 Epistolas.
1335 1410 1402 1438 Nam
1426 1411 1471 1438 ubi
1488 1411 1521 1439 de
1547 1411 1669 1438 diaconis
1684 1411 1833 1446 probandia

1048 1457 1283 1492 suscipiendisque
1294 1458 1359 1492 agit,
1386 1457 1523 1492 subjungit
1543 1461 1590 1484 aut
1605 1457 1764 1492 interjungit
1788 1464 1833 1491 po-

1047 1504 1112 1536 tius,
1124 1504 1258 1535 Γυναῖκας
1266 1503 1396 1535 ὡσαύτως
1407 1502 1518 1538 σεμνάς,
1534 1507 1599 1533 etc.,
1610 1502 1730 1529 ntulieres
1740 1502 1833 1529 simili-

1049 1557 1088 1578 ter
1099 1550 1280 1585 pudicas,etc.;
1290 1551 1433 1581 Γυναῖκας.
1444 1549 1530 1584 inquit
1539 1549 1559 1576 G
1565 1557 1650 1576 meus
1658 1548 1830 1580 scholiastes,

1047 1598 1077 1624 οὔ
1092 1598 1140 1629 τὰς
1150 1598 1319 1633 οἱασδήποτε,
1333 1597 1399 1624 ἀλλὰ
1407 1597 1456 1628 τὰς
1472 1597 1620 1628 διακόνους
1631 1595 1692 1623 Non
1705 1604 1833 1631 quascun-

1047 1649 1106 1675 que,
1122 1641 1221 1676 inquit,
1235 1641 1356 1668 mulieres
1371 1641 1505 1676 intelligit,
1526 1640 1572 1668 sed
1586 1641 1761 1668 diaconissas.
1777 1640 1833 1668 Cur

1048 1685 1120 1712 enim
1130 1685 1202 1712 inter
1212 1686 1328 1713 clericos
1343 1686 1501 1719 quarumvis
1529 1686 1563 1713 de
1583 1686 1662 1721 vulgo
1685 1685 1830 1712 mulierum

1047 1731 1210 1759 mentionem
1224 1732 1368 1766 injiceret?
1384 1730 1477 1766 Neque
1500 1731 1580 1758 aliter
1596 1730 1628 1758 D.
1650 1731 1831 1767 Hieronymus

1047 1777 1075 1804 in
1089 1777 1242 1806 Comment.
1269 1777 1302 1805 ad
1318 1777 1390 1805 hunc
1404 1778 1504 1805 locum.
1526 1778 1662 1809 Mulieres,
1681 1777 1781 1813 inquit|
1794 1778 1832 1805 si-

1047 1823 1145 1850 militer
1153 1828 1182 1850 ut
1193 1823 1316 1851 diacones
1328 1823 1390 1858 eligi
1406 1823 1490 1857 jubet.
1506 1823 1579 1850 Unde
1594 1824 1749 1858 intelligitur
1761 1823 1830 1859 quod

1047 1868 1079 1895 de
1091 1868 1132 1895 his
1147 1868 1220 1895 dicat
1236 1877 1301 1904 quas
1313 1868 1398 1896 adhuc
1413 1869 1488 1896 hodie
1498 1869 1524 1895 in
1543 1868 1648 1896 Oriente
1664 1869 1830 1896 diaconissas

1048 1914 1192 1949 appellant.
1208 1915 1324 1950 Apparet
1335 1922 1400 1950 ergo
1410 1915 1540 1941 διακόνων
1554 1922 1652 1943 nomen
1662 1934 1670 1947 ,
1688 1915 1832 1950 utriusque

1049 1967 1130 1988 sexus
1141 1961 1267 1995 personis
1277 1960 1406 1988 Ecclesia:
1419 1960 1638 1988 ministrantibus
1654 1961 1682 1988 in
1693 1960 1745 1988 hoc
1758 1960 1831 1996 Apo-

1048 2006 1109 2034 stoli
1128 2007 1188 2034 loco
1199 2014 1260 2034 esse
1273 2014 1417 2034 commune
1433 2014 1440 2032 :
1456 2006 1529 2041 quod
1544 2007 1572 2034 in
1586 2007 1723 2038 διακόνους
1738 2011 1765 2034 et
1775 2007 1833 2033 δια-

1047 2053 1174 2084 κονίσσας
1184 2058 1276 2088 postea
1298 2052 1457 2080 distinctum
1483 2053 1540 2080 luit.
1567 2052 1652 2081 Hasce
1668 2058 1758 2081 autem
1773 2053 1832 2080 dia-

1047 2100 1182 2131 conissas,
1198 2099 1341 2126 viduarum
1367 2106 1475 2134 quoque
1495 2099 1606 2127 nomine
1618 2107 1633 2126 a
1649 2099 1679 2126 Ι).
1691 2099 1777 2127 Paulo
1790 2100 1832 2127 in-

1047 2145 1130 2180 telligi
1158 2139 1276 2173 testatuii
1302 2145 1372 2172 idem
1402 2145 1593 2181 Hieronymus,
1618 2145 1665 2180 qui
1692 2145 1725 2172 ad
1750 2145 1830 2173 verba

1048 2190 1170 2225 Apostoli
1187 2190 1220 2218 de
1230 2190 1317 2218 viduae
1328 2191 1469 2221 electione.
1485 2191 1525 2217 sic
1542 2194 1634 2217 notat:
1651 2190 1726 2218 Tales
1750 2191 1831 2218 voluit

214 2236 278 2264 liani
292 2242 360 2263 voce
375 2239 446 2267 utar.
459 2235 517 2262 sive
526 2235 594 2262 Ordo
608 2234 762 2267 viduarum,
780 2242 840 2269 qua!
866 2238 926 2270 post
943 2235 999 2270 ι)τὶ-
1014 2243 1035 2271 D
1049 2237 1110 2272 eligi
1128 2236 1291 2264 diaconissas
1323 2246 1380 2272 qua
1411 2236 1531 2264 omnibus
1557 2241 1643 2263 essent
1671 2237 1828 2271 exemplum.

212 2288 272 2308 mas
289 2281 408 2316 nuptias,
428 2280 496 2312 sive,
510 2284 541 2307 ut
563 2280 633 2308 idem
659 2279 844 2307 Tertullianns
868 2280 995 2315 loquitur,

213 2329 275 2361 post
287 2333 373 2354 unum
390 2325 593 2353 matrimonium
608 2327 798 2360 interceptum,
810 2325 909 2353 exinde
919 2327 996 2353 sexui

212 2371 352 2399 amulo
380 2372 586 2400 renuntiabant.
615 2371 652 2399 De
682 2372 723 2399 his
737 2379 846 2407 quoque
874 2371 997 2407 Apostoli

213 2421 377 2452 praceptum
389 2421 479 2446 exstat
491 2417 525 2445 ad
542 2417 713 2445 Timotheum
730 2417 814 2452 priori
826 2417 910 2452 Epist.
932 2425 993 2453 cap.

211 2470 241 2497 ν,
253 2471 281 2490 v.
296 2462 314 2491 9
325 2472 334 2490 :
356 2463 442 2491 Vidua
465 2464 580 2499 eligatur
595 2472 647 2490 non
663 2463 751 2490 minus
765 2471 894 2490 annorum
919 2472 997 2490 sexa-

211 2509 296 2544 ginta.
313 2507 373 2542 Quo
387 2509 446 2537 loco
470 2509 616 2545 Apostolus
627 2513 654 2537 et
675 2509 790 2536 virtutes
806 2509 832 2536 in
854 2509 936 2536 vidua
952 2516 996 2537 re-

212 2555 331 2590 quisitas
348 2560 482 2588 recenset,
495 2560 522 2584 et
536 2559 644 2583 aetatem
661 2561 789 2591 preterea
803 2555 935 2591 eligenda
951 2556 997 2583 de-

213 2601 283 2629 ﬁnit.
304 2600 358 2629 Sed
373 2601 417 2629 cui
430 2601 489 2635 ﬁni,
503 2602 547 2630 cui
562 2602 648 2638 operi,
673 2602 718 2629 cui
741 2602 893 2630 ministerio
910 2603 994 2638 elige-

212 2647 310 2674 batur?
323 2645 490 2676 Scholiastes
501 2647 622 2680 Graecus,
640 2648 686 2684 qui
702 2649 729 2675 in
751 2648 811 2676 aliis
835 2655 948 2676 succum
968 2652 996 2676 et

213 2692 348 2720 medullas
373 2691 423 2720 SS.
451 2692 563 2721 Patrum
579 2694 707 2722 exhibere
724 2694 803 2725 solet.
826 2694 926 2722 dubius
944 2694 996 2722 hae-

212 2746 274 2766 rere
286 2738 395 2766 Videtur
407 2748 414 2765 ε
429 2739 496 2766 Φασὶ
505 2740 589 2772 δὲτὰς
602 2741 641 2772 εἰς
657 2739 687 2766 τὸ
699 2740 812 2775 χηρικόν
825 2740 995 2776 τεταγμένας

213 2784 313 2818 λέγειν·
325 2783 416 2816 Aiunt,
433 2784 532 2819 inquit.
549 2785 705 2820 Apostolunt
728 2786 799 2821 loqui
823 2786 855 2813 de
872 2786 925 2813 illis
937 2794 995 2821 qua

213 2831 248 2857 ad
262 2829 413 2857 viduitatem
429 2830 558 2858 ordinate
568 2835 665 2866 erant,

249 2874 303 2905 Sed
314 2875 378 2911 quid
391 2875 450 2912 ipsc
460 2876 620 2906 scholiastes
634 2885 681 2912 per
693 2879 724 2906 τὴ
738 2878 848 2913 κηριχόν
864 2877 995 2914 intelligat

1049 2281 1176 2310 Testatur
1188 2289 1214 2310 et
1227 2283 1394 2319 Epiphanius
1406 2284 1433 2310 in
1450 2282 1697 2318 Coliyridianorum
1713 2282 1827 2314 haeresi,

1047 2335 1106 2363 cap.
1127 2329 1154 2360 4,
1168 2329 1212 2356 ubi
1229 2329 1428 2356 observandum
1444 2334 1545 2360 monet,
1560 2329 1590 2355 τὸ
1605 2328 1828 2365 ἐκκλησιαστικὸν

1047 2374 1152 2410 τάγμα,
1178 2374 1295 2401 ordinem
1316 2374 1540 2407 ecclesiasticum,
1563 2382 1618 2402 non
1645 2374 1715 2401 ultra
1741 2374 1830 2402 diaco-

1048 2422 1139 2449 nissas
1153 2420 1277 2454 extendi;
1291 2420 1392 2447 addens
1403 2430 1409 2447 :
1419 2421 1512 2455 Χήρας
1523 2429 1553 2446 τε
1563 2420 1698 2455 ὠνόμασε,
1710 2421 1757 2447 καὶ
1770 2421 1832 2447 τού.

1047 2474 1101 2493 των
1124 2465 1174 2497 τὰς
1199 2466 1239 2492 ἐτι
1261 2465 1413 2501 γραοτέρας
1434 2464 1634 2501 πρεσϐύτιδας,
1666 2465 1783 2500 οὐδαμυῦ
1803 2466 1831 2492 δὲ

1048 2510 1260 2546 πρεσϐυτεριδας
1277 2511 1293 2547 ἢ
1313 2511 1444 2546 ιερισσας.
1473 2510 1558 2543 Quas,
1575 2510 1674 2546 inquit,
1686 2509 1829 2544 Apostolus

1047 2557 1127 2584 etiam
1141 2557 1234 2584 viduas
1249 2557 1399 2592 mellam,
1413 2564 1553 2592 saumque
1566 2561 1644 2584 aetate
1656 2557 1830 2592 prouctiores

1047 2601 1228 2637 πρισὸὐτιδας
1243 2601 1313 2639 [sive
1330 2596 1467 2638 seniores].
1477 2609 1610 2637 nusquam
1621 2607 1708 2629 autem
1721 2601 1830 2637 presby-

1048 2644 1831 2708 :‘Ji‘iti‘izfrrf"???;2E°.::!°Efllz:‘€s:f:?£i'

1048 2694 1304 2730 phanius‘jugulat,
1326 2702 1386 2729 qua
1407 2694 1465 2721 suis
1481 2694 1533 2722 sibi
1547 2694 1652 2722 maritis
1666 2694 1829 2729 conjuncta,

1047 2740 1099 2767 hoc
1123 2744 1174 2773 est,
1191 2740 1304 2776 ἐνγαμοι
1318 2740 1366 2767 καὶ
1378 2740 1518 2776 ὔπανδροι,
1534 2739 1664 2768 oll‘erendi
1684 2747 1785 2767 munus
1802 2740 1830 2766 in

1047 2787 1173 2814 Ecclesia
1184 2787 1267 2822 impie
1282 2786 1333 2815 sibi
1350 2786 1525 2822 arrogabant.
1537 2785 1605 2814 Cum
1620 2786 1768 2820 Apostolus
1790 2787 1831 2812 ul-

1048 2836 1090 2859 tra
1107 2832 1291 2865 diaconatum,
1313 2831 1437 2860 altiorem
1450 2831 1563 2867 gradum
1575 2830 1684 2858 feminis
1699 2831 1727 2858 in
1743 2830 1831 2858 Eccle-

1048 2877 1087 2906 sia
1099 2885 1153 2906 non
1171 2878 1348 2911 concesserit,
1377 2884 1494 2912 eumque
1521 2884 1575 2905 non
1604 2875 1767 2912 coniugatis,
1783 2875 1829 2903 sed
