2145 3163
319 134 375 164 535

847 133 877 161 S.
898 130 1107 160 ALEXANDEB
1125 130 1407 162 ALEXANDBINUS.

319 192 413 222 viduis
423 193 539 222 voluerit
552 191 680 220 conferri.
696 191 755 224 Quo
777 191 838 219 loco
855 190 1023 226 Epiphanius
1045 188 1099 217 olli-
1111 190 1135 219 Α
1149 188 1318 224 virginitatis.
1346 187 1433 215 Pudet
1446 189 1544 222 dicere,
1559 190 1658 226 inquit,
1667 190 1734 225 prob
1743 190 1835 226 nefas!
1846 193 1933 228 tu)“,

322 239 397 267 cium
409 237 625 266 diaconissarum
650 236 802 264 luculenter
810 235 950 268 describit,
968 235 1008 262 uti
1022 236 1104 263 etiam

321 285 350 313 in
367 284 538 320 Espositiona
548 282 610 318 ﬁdei
618 282 757 310 catholictz
784 289 865 317 quam
882 282 957 316 operi
973 281 1104 309 adversus

322 331 441 359 haereses
456 329 605 364 subiunxit.
623 327 674 356 Ubi
701 332 729 356 et
743 328 796 356 hoc
816 327 934 359 additur,
951 335 983 354 es
996 335 1051 362 quo
1063 335 1105 362 ge-

321 383 388 404 nere
403 374 456 410 legi
470 379 498 403 et
513 375 542 402 in
555 373 684 402 Ecclesia:
703 374 884 401 ministerium
900 372 1023 407 adoptari
1038 379 1106 400 con-

321 422 481 452 sueverint:
509 420 687 452 Diaconissae,
720 419 819 454 inquit,
851 418 918 445 hunc
946 422 1048 444 tantum
1077 418 1105 445 in

321 477 399 497 usum
411 469 618 500 constituuntur,
630 471 659 493 ut
675 466 827 494 mulieribus
838 465 940 493 decoris
947 470 973 492 et
981 466 1105 492 honesta-

321 516 354 543 tis
369 523 451 542 causa
465 514 628 545 inserviant,
649 512 695 539 ubi
709 513 737 539 id
753 512 894 539 necessitas
912 512 1030 547 requirit.
1047 511 1106 539 Sive

321 570 380 588 cum
398 561 523 596 baptismi
544 560 649 587 lavacro
667 558 817 590 initiandre,
834 557 887 584 sive
905 565 998 592 corpus
1014 565 1105 584 eorum

319 607 508 642 inspiciendum
524 607 557 633 sit
569 614 578 633 ε
590 607 638 632 καὶ
653 602 732 632 αὗται
752 605 780 631 δὲ
798 605 946 641 μονόγαμοι
956 605 1105 639 ἐγκρατευ-

319 651 447 687 σάμεναι·
463 656 574 685 suntque
588 651 653 682 ίιιω.
672 650 771 685 inquit.
786 650 896 677 univirw
920 650 1104 677 continentiam

318 698 446 732 professa
452 706 462 729 ,'
469 697 487 733 ἢ
495 697 663 733 χηρεύσασαι
672 696 726 723 ἀπὸ
736 696 915 732 μονογαμίας,
926 696 965 723 vel
974 700 1031 730 post
1039 704 1105 723 uuas

321 743 428 776 nuptias
442 742 573 778 viduam
594 742 777 778 ἁειπάρθενοι,
791 742 831 769 vel
844 747 973 777 perpetua
983 742 1103 777 virgines.

322 787 375 816 Ubi
385 788 440 816 tria
449 791 625 816 recensentur
634 787 881 815 sanctimonialium
893 795 1002 822 genera.
1009 795 1041 815 ex
1049 788 1106 822 qui-

321 834 375 863 bus
384 833 599 862 diaconissarum
611 832 679 860 ordo
692 833 836 860 constabat
848 841 854 858 :
869 832 972 867 primae.
987 832 1106 867 virgines

323 882 384 908 sine
399 880 572 907 matrimonio
590 886 606 906 a
627 879 777 911 nativitate;
793 878 929 908 secundae.
947 878 1066 913 virgines
1078 879 1105 906 in

322 926 496 954 matrimonio
506 933 539 953 ex
548 932 684 953 consensu
689 924 730 951 vel
737 924 878 956 condicto;
890 924 999 951 tertium
1008 931 1106 960 genus.

321 971 410 1000 viduae
425 971 594 999 continentes
605 975 668 1006 post
680 970 797 1005 primum
807 969 1010 997 matrimonium
1021 977 1052 997 ex
1062 977 1107 997 ar-

321 1018 418 1046 bitrio:
430 1020 460 1044 ut
476 1017 659 1044 Tertullianns
671 1017 698 1044 in
707 1016 896 1044 Exhortatio”
912 1016 1045 1044 castitatis
1053 1016 1108 1044 ele-

319 1068 416 1100 ganter
424 1064 577 1099 distinguit,
585 1067 612 1092 et
618 1063 814 1097 Tertullianum
823 1068 932 1091 secutus
938 1061 969 1090 Ι).
977 1061 1108 1098 Hierony-

320 1118 383 1137 mus
398 1110 427 1137 in
441 1111 554 1145 epistola
567 1111 600 1138 ad
611 1111 792 1146 Ageruchiain
806 1109 845 1137 De
861 1109 1037 1144 monogamia.
1051 1107 1106 1136 Ve-

321 1163 394 1189 rum,
403 1157 572 1191 utprincipio
580 1157 646 1190 dixi,
654 1164 715 1184 cum
723 1156 840 1183 maxima
847 1154 1038 1190 hujusordinis
1043 1161 1106 1189 pars

321 1209 354 1229 ex
368 1202 458 1229 viduis
474 1206 621 1234 constaret,
638 1202 727 1230 viduae
735 1206 762 1230 et
772 1201 933 1230 diaconissa:
950 1201 1106 1236 promiscuo

321 1248 409 1276 ferme
424 1249 534 1277 nomine
554 1249 665 1276 luerunt
681 1248 831 1284 appellatas.
857 1247 896 1274 ita
914 1247 1031 1275 Basilius
1046 1246 1104 1273 Ma-

321 1300 393 1330 gnus
408 1293 436 1321 in
450 1293 567 1328 epistola
581 1293 714 1321 canonica
741 1292 774 1320 ad
797 1293 1027 1328 Amphilochium,
1043 1299 1103 1327 cap.

320 1338 358 1366 9.4
374 1348 381 1366 :
402 1338 514 1366 Viduam
524 1347 582 1374 qua:
597 1340 624 1366 in
634 1338 774 1366 viduarum
792 1346 929 1368 numerum
955 1338 1041 1364 relata
1053 1342 1103 1369 est,

321 1385 374 1412 hoc
382 1390 434 1418 est,
445 1393 503 1420 qua:
517 1385 550 1412 ab
562 1385 681 1412 Ecclesia
694 1386 721 1412 in
737 1384 906 1412 diaconatum
923 1389 1043 1417 suscepta
1055 1388 1104 1416 est,

322 1431 422 1458 censuit
444 1430 585 1466 Apostolus
608 1430 746 1458 nubentem
773 1430 882 1463 despici.
902 1428 954 1456 Sed
983 1428 1104 1456 omnium

323 1475 475 1503 clarissime
486 1475 596 1502 concilii
610 1475 781 1511 Epaonensis
794 1482 883 1502 canon
897 1474 1044 1502 vicesimus
1054 1473 1107 1508 pri-

323 1528 385 1568 mus
392 1521 519 1568 ordinem
532 1521 605 1549 hunc
614 1522 642 1549 in
654 1521 776 1549 Ecclesia
785 1521 918 1568 abrogatis
933 1529 940 1548 :
961 1519 1106 1568 Viduurum
1119 1539 1141 1568 Β

323 1567 421 1602 inquit,
454 1567 686 1600 consecrationem,
706 1575 772 1602 quas
798 1567 924 1593 diaconos
947 1573 1052 1597 vocant,
1073 1563 1105 1591 ab

294 1620 298 1624 ·
323 1613 395 1639 omni
419 1613 522 1647 regione
546 1618 637 1641 nostra
655 1613 757 1646 penitus
780 1611 948 1646 abrogamus.
977 1609 1107 1643 Quamvis

320 1657 377 1692 jam
393 1661 457 1685 ante
469 1658 671 1686 Arausionense
699 1657 816 1693 primum
842 1656 1001 1688 sustulerat,
1026 1655 1106 1690 cujus

322 1703 486 1732 sententiam
502 1707 599 1738 praeter
612 1702 782 1738 Epaonense,
809 1702 891 1729 etiam
910 1701 1106 1729 Aurelianense

322 1750 473 1778 secundum
489 1749 670 1777 conﬁrmavit.
682 1748 812 1782 Quamvis
827 1756 862 1776 ex
876 1748 966 1776 verbis
991 1747 1022 1774 Ι).
1046 1746 1107 1774 Ilie-

321 1795 431 1832 ronymi
448 1796 529 1831 paulo
550 1800 613 1824 ante
635 1795 736 1828 allatis,
768 1795 796 1822 in
808 1794 905 1822 Latina
925 1793 1046 1821 Ecclesia
1063 1792 1105 1820 vel

323 1849 463 1876 nunquam
474 1845 623 1876 receptum,
639 1841 681 1869 vel
693 1842 749 1877 jam
773 1840 923 1869 exolevisse
937 1839 1011 1867 hunc
1035 1838 1106 1866 ordi-

323 1895 386 1916 nem
397 1891 536 1924 appareat.

360 1932 493 1968 Superest
505 1933 614 1961 tertium
640 1933 785 1961 mulierum
801 1931 1047 1960 ecclesiasticarum
1059 1938 1106 1965 ge-

323 1986 388 2011 nus,
406 1986 462 2006 non
477 1979 617 2015 publicum
640 1979 717 2011 illud,
733 1977 781 2006 sed
804 1978 950 2013 privatum,
975 1977 999 2004 si
1015 1979 1106 2003 tamen

323 2025 541 2053 ecclesiasticum
555 2025 610 2053 dici
634 2024 677 2053 las
701 2025 737 2052 sit
756 2032 842 2060 genus
862 2024 1019 2055 mulierum,
1032 2023 1105 2058 quod

323 2070 370 2098 ille
383 2070 417 2098 de
426 2071 627 2099 mathematicis
640 2071 689 2103 ait,
698 2071 811 2099 vetitum
823 2078 930 2106 semper
945 2071 972 2097 in
984 2069 1105 2097 Ecclesia

324 2124 483 2152 semperque
495 2121 639 2147 retentum.
655 2117 758 2150 Genus,
769 2118 891 2153 inquam,
907 2117 1060 2148 mulierum.
1077 2120 1107 2142 ut

323 2160 424 2194 reipsa,
445 2161 481 2187 ita
501 2165 530 2188 et
546 2161 656 2188 nomine
684 2161 829 2194 incertum,
845 2161 950 2189 varium
966 2168 998 2188 ac
1011 2160 1105 2188 multi-

1154 233 1199 262 sed
1213 242 1300 261 verum
1314 238 1362 261 est.
1381 233 1456 261 Unda
1476 235 1504 262 iu
1523 234 1657 263 Ecclesiae
1674 241 1844 272 agapetarum
1853 240 1937 272 pastis

1154 281 1279 309 introiit?
1297 280 1369 308 Unde
1390 281 1447 307 sine
1471 282 1569 314 nuptiis
1593 282 1667 310 aliud
1689 291 1781 311 uomat
1799 286 1935 314 mult!

1154 329 1207 355 imo
1220 328 1289 354 unde
1310 335 1402 354 novum
1415 327 1623 356 concubinarum
1643 338 1722 365 genus
1733 331 1746 355 7
1763 328 1837 357 Unda
1852 338 1934 358 mer-a-

1155 374 1232 401 trices
1249 373 1381 401 univirae}
1405 366 1609 406 Eadsmrdomo,
1639 383 1692 402 uno
1720 375 1852 408 cubiculo.
1866 383 1938 412 sape

1155 428 1207 447 uno
1227 424 1346 447 tenentur
1359 422 1384 446 et
1392 418 1498 451 lectulo,
1512 423 1537 446 et
1557 420 1716 455 suspiciosos
1731 429 1779 448 nos
1792 426 1897 450 locant.
1910 422 1939 449 si

1154 465 1255 500 aliquid
1272 465 1436 492 extimemus.

1189 511 1270 539 Ridet
1293 515 1320 539 et
1343 511 1513 547 Cyprianus,
1534 511 1577 540 vel
1600 511 1725 547 quisquis
1748 520 1850 548 suppar
1868 521 1939 541 sane

1154 556 1289 592 Cypriane
1296 561 1390 584 auctor
1395 561 1437 585 est
1451 557 1513 585 libri
1521 556 1560 589 De
1574 557 1758 592 singularum
1768 558 1935 592 clericorum.

1155 601 1189 628 Et
1204 601 1300 634 adhuc,
1315 602 1412 637 inquit,
1426 602 1459 629 de
1472 601 1601 629 cbaritate
1614 606 1769 634 causantur,
1780 604 1826 637 qui
1841 611 1935 631 secun-

1155 648 1219 675 dum
1232 649 1337 676 verbum
1353 649 1443 682 Isaia,
1459 649 1663 676 amaritudinem
1676 657 1725 683 pro
1738 648 1874 678 dulcedine
1886 649 1938 677 de-,

1155 699 1286 729 rorantes,
1311 695 1408 722 nudam
1428 695 1571 730 faditatent
1585 696 1729 722 velamento
1747 694 1808 721 boni
1820 696 1937 723 nominis

1156 744 1244 775 tegunt
1259 749 1267 767 :
1282 740 1344 768 dum
1358 741 1428 775 apud
1438 748 1482 768 eos
1495 739 1542 767 sub
1557 739 1630 774 falsa
1652 739 1791 767 dilectione
1812 748 1874 767 sera
1891 740 1936 767 di-

1157 788 1232 816 lectio
1246 790 1370 817 violatur.
1388 789 1481 824 Neque
1493 788 1609 816 dilectas
1622 791 1738 819 tantum,
1756 787 1804 815 sed
1813 790 1841 815 et
1857 795 1938 815 soro-

1156 841 1200 862 res
1215 835 1363 870 appellatas
1380 839 1487 862 constat
1502 842 1534 862 ex
1558 833 1694 870 Ancyrani
1707 833 1818 861 concilii
1831 840 1941 861 canone

1158 879 1202 911 i8.
1216 880 1295 913 cujus
1307 881 1363 908 hac
1380 884 1444 909 sunt
1464 880 1544 908 verba
1558 890 1564 907 :
1579 879 1634 912 re;
1644 878 1842 914 συνερχομένας
1863 886 1941 914 προ

1157 925 1249 959 θινους
1264 926 1344 959 τισὶν,
1360 926 1398 958 ὡς
1414 926 1530 960 ἀδελφὰς
1545 925 1732 961 ἐκωλύσαμεν·
1761 924 1878 960 Virgines
1896 933 1940 953 so-

1157 980 1248 999 rorum
1273 972 1359 999 instar
1373 971 1529 1007 quibusdam
1552 970 1731 998 cohabitante:
1758 970 1938 1005 prohibemus.

1157 1017 1303 1045 Testantur
1327 1018 1409 1054 etiam
1436 1017 1615 1052 imperatores
1643 1016 1777 1044 Arcadius
1797 1021 1825 1045 et
1843 1016 1937 1045 Hono-

1156 1066 1215 1094 rius
1226 1066 1277 1102 leg.
1295 1067 1339 1099 l9,
1354 1066 1415 1094 cod.
1426 1065 1464 1094 De
1477 1067 1603 1101 episcopis
1616 1070 1641 1093 et
1656 1065 1771 1094 clericis.
1798 1066 1879 1099 Eum,
1894 1067 1937 1094 in-

1157 1112 1225 1147 quit.
1240 1113 1284 1147 qui
1297 1111 1456 1147 probabilem
1475 1111 1572 1139 sarculo
1596 1111 1763 1146 disciplinam
1777 1112 1843 1147 agit.
1859 1112 1938 1139 duos

1158 1158 1240 1184 lorari
1251 1158 1383 1185 consortio
1407 1157 1518 1185 sororia:
1530 1157 1714 1192 appellationis
1726 1165 1778 1184 non
1789 1157 1872 1185 decet.
1883 1157 1938 1186 Sed

1155 1201 1325 1237 frequentius
1352 1206 1394 1230 est
1417 1201 1611 1233 συνεισάκτων,
1639 1201 1696 1229 sive
1720 1201 1940 1229 subintroducta

1155 1256 1216 1275 rum
1230 1255 1340 1279 nomen,
1356 1254 1410 1282 quo
1438 1246 1624 1274 Antiochenos
1638 1246 1714 1274 Pauli
1737 1245 1939 1277 Samosatensis

1155 1294 1256 1322 etcleri
1272 1294 1346 1321 illius
1370 1298 1498 1328 agapetas
1513 1294 1571 1323 sive
1592 1293 1707 1322 dilectas
1727 1294 1939 1323 contubernales

1155 1347 1269 1368 vocasse
1283 1359 1291 1372 ,
1322 1343 1405 1367 testes
1432 1343 1497 1367 sunt
1521 1338 1685 1367 Antiocheni
1708 1340 1818 1367 concilii
1843 1339 1939 1369 Patres

1156 1387 1227 1422 apud
1237 1386 1348 1416 Euseb.,
1364 1386 1412 1413 lib.
1431 1393 1479 1417 vn,
1506 1392 1567 1421 cap.
1582 1385 1634 1413 Ωιι
1651 1385 1723 1413 unde
1742 1386 1861 1421 porroin
1876 1386 1938 1414 uni-

1156 1441 1235 1461 versa
1250 1432 1373 1460 Ecclesia
1381 1436 1521 1467 receptum
1532 1431 1652 1459 videtur.
1672 1431 1726 1459 Sed
1748 1436 1891 1467 antequam
1905 1440 1939 1460 ea

1156 1479 1208 1507 hoc
1221 1478 1383 1506 diverticulo
1394 1478 1422 1505 in
1435 1478 1508 1506 viam
1523 1478 1644 1511 redeam,
1663 1478 1783 1506 nominis
1797 1479 1900 1514 pariter
1906 1485 1939 1506 ac

1156 1524 1195 1551 rei
1208 1524 1339 1558 originem
1355 1523 1478 1559 pressius
1487 1523 1653 1559 investigare
1664 1523 1740 1556 libet,
1755 1527 1939 1559 cumutraque

1155 1570 1234 1604 juxta
1248 1571 1275 1597 in
1293 1570 1412 1598 obscuro
1439 1571 1491 1598 sita
1515 1571 1561 1599 sit.
1595 1570 1630 1598 Et
1654 1570 1801 1599 Balsamon
1829 1571 1939 1607 quidem

1157 1616 1351 1643 commentario
1370 1615 1404 1644 ad
1426 1616 1443 1644 3
1458 1616 1567 1644 concilii
1593 1616 1696 1644 Νξοωυί
1715 1624 1858 1650 canonem.
1871 1617 1940 1654 Περὶ

1158 1661 1248 1696 μέντοι
1257 1661 1312 1701 τῶν
1322 1662 1515 1696 συνεισάκτων,
1530 1662 1631 1698 inquit,
1646 1662 1724 1698 λόγος
1737 1662 1821 1694 πολὺς
1832 1662 1941 1698 ἐγένετο

1156 1706 1227 1732 κατὰ
1237 1707 1380 1743 διαφόρους
1392 1706 1513 1743 καιρσύς·
1532 1706 1572 1734 De
1594 1707 1811 1740 subintrodutis,
1828 1707 1940 1735 diuersis

1156 1753 1314 1787 temporibus
1330 1753 1423 1781 crebra
1443 1753 1517 1788 farta
1537 1758 1575 1781 est
1597 1753 1706 1786 mentio,
1728 1757 1755 1781 et
1774 1754 1819 1781 alii
1829 1754 1940 1789 quidem

1155 1797 1282 1825 dixerunt
1292 1798 1451 1825 ἐπείσακτον
1470 1798 1513 1826 vel
1532 1799 1707 1826 συνείσακτυν
1723 1806 1786 1827 esse
1804 1800 1855 1835 τὴν
1879 1800 1941 1827 ἀντὶ

1155 1845 1270 1879 νομίμου
1293 1844 1420 1878 γυναικὸς
1445 1844 1664 1879 συνεισαχθεῖσαν
1694 1844 1741 1871 καὶ
1763 1844 1939 1872 συνοικοῦσάν

1155 1897 1207 1914 τινι
1224 1888 1370 1924 πορνικῶς,
1383 1897 1442 1924 qua
1457 1889 1578 1924 legitime
1589 1890 1681 1917 uxoris
1692 1890 1750 1918 loco
1764 1890 1942 1918 introducitur

1155 1937 1180 1960 et
1195 1934 1341 1961 meretricio
1361 1934 1530 1961 contubernio
1556 1934 1637 1961 alicui
1651 1934 1795 1962 cohabitat.
1811 1934 1865 1963 Alii
1890 1943 1941 1964 au-

1155 1982 1209 2006 tem
1219 1980 1256 2006 ita
1270 1980 1360 2008 vocari
1376 1980 1515 2013 dixerunt,
1529 1982 1620 2008 πᾶσαν
1634 1982 1751 2016 γυναῖκα
1765 1981 1943 2010 συνοικοῦσάν

1156 2031 1208 2048 τινι
1222 2022 1365 2058 ἀλλοτρίαν
1378 2024 1495 2057 πάντως,
1506 2025 1558 2052 κᾶν
1571 2024 1723 2058 ἁνύποπτός
1734 2026 1802 2059 ἐστι,
1813 2028 1941 2062 quamvis

1156 2067 1296 2095 mulierem
1316 2069 1397 2096 alicui
1410 2069 1610 2096 cohabitantem
1620 2088 1629 2102 ,
1644 2070 1757 2097 omnino
1770 2074 1941 2106 extraneum,

1156 2113 1214 2140 sive
1230 2113 1306 2142 nullo
1322 2115 1463 2150 sanguinis
1475 2119 1522 2142 aut
1533 2115 1744 2144 necessitudinis
1760 2117 1872 2145 vinculo
1879 2118 1940 2152 jun-

1156 2161 1245 2190 ctam,
1272 2159 1380 2187 etiamsi
1401 2160 1436 2187 ab
1460 2160 1535 2188 omni
1559 2161 1714 2196 suspicione
1738 2162 1774 2190 sit
1799 2163 1938 2192 immunis.

323 2204 396 2239 plex.
421 2205 638 2234 Contubernalcs
658 2206 711 2234 illa:
731 2207 912 2240 clericorum,
927 2214 1017 2242 neque
1039 2206 1105 2234 tecti
1120 2210 1143 2238 ι)
1155 2204 1244 2239 Atque
1265 2206 1335 2232 lianc
1353 2206 1533 2241 posteriorem
1560 2207 1723 2235 sententiam
1741 2209 1781 2235 uti
1804 2209 1940 2237 veriorem

323 2250 467 2285 duntaxat,
479 2252 526 2281 sed
545 2253 645 2288 saepius
662 2253 743 2280 etiam
766 2253 829 2281 lecti
854 2253 945 2282 sociae.
957 2253 1030 2286 Quas
1047 2252 1105 2287 qui-

323 2296 385 2324 dem
399 2297 451 2332 ipsi
468 2302 596 2334 agapetas
610 2299 667 2327 sive
686 2299 811 2329 dilectas.
826 2303 854 2327 et
866 2307 974 2327 sorores
990 2308 998 2327 :
1013 2297 1104 2326 ceteri

324 2345 514 2377 συνεισάκτους
527 2346 568 2372 vel
583 2345 769 2377 ἐπεισάκτους,
782 2344 1105 2373 boccstsubintroductas

323 2393 352 2418 et
380 2397 536 2423 extraneas.
567 2392 749 2427 appellabant.
778 2391 940 2427 Hujusmodi
976 2391 1105 2419 mulieres

323 2441 414 2468 omnis
437 2439 544 2467 ordinis
559 2439 651 2466 clerici
673 2438 730 2474 jam
755 2438 820 2465 olim
832 2438 859 2465 in
882 2438 953 2465 aedes
973 2438 1103 2472 recipere.

323 2493 425 2521 easque
456 2485 499 2513 vel
526 2484 645 2521 virgines
676 2483 883 2512 sanctimoniam
909 2483 1047 2519 professas
1072 2484 1104 2511 ad

324 2536 429 2563 mutua,
443 2537 472 2559 ut
485 2531 603 2564 aiebant,
616 2530 725 2566 pietatis
740 2530 847 2562 solatia,
864 2530 907 2558 vel
921 2531 1033 2558 orbatus
1061 2538 1106 2565 pa-

323 2577 449 2605 rentibus
469 2577 584 2612 puellas,
607 2577 776 2612 proindeqne
803 2577 846 2611 pia
863 2581 890 2604 ct
905 2577 1001 2612 pudica
1015 2577 1106 2612 aliqua

324 2623 407 2650 tutela
427 2621 569 2655 fovendas,
586 2620 627 2650 'vel
645 2622 752 2658 privato
769 2621 879 2649 familiae
892 2621 1044 2658 domusque
1058 2623 1106 2650 mi-

323 2668 441 2697 nisterio
454 2668 709 2704 necessariasLsive
735 2669 886 2704 ingenuas.
902 2667 959 2696 sive
980 2668 1104 2696 ancillas.

324 2715 382 2744 Hoc
408 2719 569 2750 suspectum
581 2719 608 2742 et
622 2714 777 2750 pudendum
802 2714 1027 2748 contubernium,
1045 2721 1107 2749 spe-

323 2761 401 2789 cioso
425 2760 582 2788 dilectionis
601 2764 629 2788 et
656 2761 844 2796 germanitatis
868 2759 1032 2788 Christiana
1045 2760 1106 2788 velo

324 2805 499 2841 obtegebant.
530 2805 585 2834 Sed
609 2805 680 2834 ridet
703 2807 766 2834 vani
783 2807 904 2836 nominis
920 2806 1013 2835 fucum
1026 2806 1107 2834 divus

326 2851 505 2888 Hieronymus
528 2852 645 2889 epistola
661 2853 694 2880 ad
718 2853 894 2882 Eustochium
922 2852 961 2881 De
984 2851 1106 2881 custodia

1157 2250 1264 2285 probat,
1279 2250 1360 2286 idque
1368 2252 1532 2280 auctoritate
1547 2253 1670 2287 epistola:
1686 2255 1826 2282 canonica
1841 2254 1873 2282 D.
1887 2254 1941 2282 Ba-

1157 2294 1211 2323 silii
1225 2295 1314 2331 Magni
1329 2296 1364 2324 ad
1389 2295 1549 2332 Gregorium
1573 2297 1774 2333 presbyterum,
1796 2292 1878 2334 quem
1893 2300 1941 2328 ille

1157 2341 1221 2370 licet
1235 2343 1403 2378 septuaginta
1418 2350 1551 2370 annorum
1559 2350 1650 2372 senem
1659 2343 1829 2379 ajuvencula
1843 2345 1940 2374 subin-

1157 2388 1293 2420 troducta,
1309 2388 1441 2416 intentata
1455 2389 1538 2416 etiam
1549 2390 1837 2423 communicationis
1846 2399 1937 2427 pinna,

1158 2434 1279 2469 separari
1291 2434 1423 2469 pracipit.
1445 2433 1530 2462 Multa
1554 2434 1582 2462 in
1610 2439 1756 2471 utramque
1776 2437 1940 2473 originatio-

1158 2486 1220 2507 nem
1230 2479 1319 2508 ali‘erri
1330 2484 1440 2516 poesent
1453 2480 1488 2508 de
1501 2480 1682 2514 ἐπεισάκτοις,
1697 2482 1755 2510 sive
1773 2483 1940 2512 introductis

1158 2527 1229 2561 apud
1240 2531 1345 2556 veteres
1358 2527 1528 2556 concubinis.
1545 2526 1583 2556 De
1592 2528 1691 2563 quibus
1706 2529 1789 2557 etiam
1807 2530 1940 2565 vulgatus

1159 2581 1244 2601 sacrae
1272 2573 1420 2609 Scriptum
1443 2578 1578 2609 interpres
1596 2575 1644 2609 qui
1659 2574 1941 2610 superintroductionis

1159 2627 1225 2648 voce
1241 2620 1327 2649 utitur
1336 2620 1425 2649 Cenes
1449 2628 1523 2654 sui,
1540 2629 1565 2647 ν.
1583 2621 1627 2649 50.
1646 2621 1729 2649 Multa
1747 2630 1858 2658 quoque
1874 2630 1941 2658 sup-

1158 2671 1280 2701 peterent
1304 2668 1428 2703 exempla
1453 2668 1618 2702 optimorum
1645 2672 1789 2696 auctorum
1802 2687 1811 2700 .
1837 2669 1946 2704 quibus.

1155 2712 1327 2745 ξπείσακτον,
1350 2721 1401 2749 pro
1423 2718 1536 2741 externo
1555 2713 1597 2740 vel
1613 2714 1755 2750 peregrino
1776 2719 1944 2750 usurpatum.

1157 2759 1256 2787 docere
1269 2760 1341 2787 haud
1353 2759 1460 2787 ditllcile
1468 2759 1548 2792 foret,
1562 2760 1616 2787 nisi
1631 2760 1739 2795 longius
1748 2760 1807 2796 jam
1824 2764 1944 2788 etestra.

1157 2805 1231 2834 oleas
1246 2806 1425 2834 oberrassem.
1438 2804 1495 2834 Sed
1506 2811 1537 2833 ut
1555 2813 1644 2834 meam
1657 2806 1692 2834 de
1704 2806 1873 2834 tutati-saw
1882 2806 1939 2834 ori-

1158 2851 1330 2889 ginepaucis
1345 2851 1477 2888 explicem
1494 2849 1668 2886 sententiam,
1691 2852 1802 2880 tertium
1826 2859 1939 2888 tutoque
