2145 3163
206 157 260 188 δεῖ

927 155 1078 185 ΝΟἸΊΤΙΛ.

1771 158 1826 187 538

206 213 259 242 hoe
270 213 412 242 mulierum
426 212 485 241 sive
503 220 632 241 sororum
645 221 731 249 genus
747 212 906 248 κακοζηλία,
921 220 989 247 qna-
1003 218 1024 244 Α
1037 209 1245 249 juvencularurn
1257 209 1558 239 circumcursitationes
1571 211 1747 241 immodestos
1759 213 1822 241 Ale-

205 259 268 287 danr
288 258 537 295 apostoli-instituti
553 258 582 286 in
605 258 754 287 Ecclesium
769 259 812 286 vel
832 259 922 294 potius
933 259 989 286 cle-

205 305 326 332 ricorum
357 304 429 332 ades
459 304 606 339 irrepsisse
644 308 732 340 puto;
764 312 838 336 cum,
871 307 988 331 testante

206 347 240 376 Ι).
257 347 342 375 Paulo
353 347 364 374 Ι
377 347 412 375 ad
423 347 545 375 Corinth.
554 356 593 381 rx,
606 349 633 381 5,
645 349 732 376 moris
748 348 829 376 luerit
839 348 985 382 plerisque,

205 398 232 422 et
246 394 355 430 quidem
371 393 514 429 pracipuis
530 395 724 429 apostolorum,
740 393 854 429 ἀδελφὴν
870 395 986 428 γυναῖκα.

204 439 357 475 περιάγειν,
366 447 481 466 sororem
494 441 678 468 mulierculam
689 439 891 467 circumduxrs.
900 439 986 472 Quem

204 484 295 512 locum
309 488 423 512 uxorata
438 485 629 513 haereticorum
649 486 801 514 ministeria
812 486 985 521 propudiosis

204 529 264 557 suis
284 529 419 565 coniugiis
445 529 546 559 frustra
562 531 723 559 obtendunt.
741 530 918 558 Constantem
937 531 986 558 adn

203 581 300 602 versus
316 574 399 602 hosce
427 574 476 602 SS.
495 576 605 603 Patrum
633 576 805 607 sontentiam,
824 575 984 602 Tertulliani

202 618 293 646 verbis
303 619 490 655 consignatam
501 621 632 656 accipite:
645 620 705 648 Non
717 628 810 648 uxores
821 621 984 648 demonstrat

201 663 235 690 ab
259 665 387 699 apostolis
403 666 606 698 circumductos,
628 667 672 694 sed
687 666 841 700 simpliciter
861 667 983 693 mulieres

200 717 259 744 qua
273 709 328 737 illis
341 709 430 738 eodem
439 711 560 738 instituto
569 720 619 746 quo
632 716 657 739 et
678 711 814 738 Dominum
828 712 983 739 comitantes

200 755 396 783 ministrabant.
413 755 459 784 Sic
474 756 520 785 ille
547 757 617 785 libro
645 756 685 784 De
700 758 875 792 monogamia.
890 757 984 793 Neque

199 800 279 828 aliter
297 801 451 837 Cyprianus
460 801 509 830 lib.
524 801 564 829 De
580 802 677 838 singul.
695 803 795 834 etesia.
809 803 981 836 Ambrosius,

198 849 226 872 et
250 844 355 874 Latinis
373 845 500 875 Patribus
530 847 710 882 astipulantes
736 846 841 881 Greci,
866 847 984 884 Chryso-

199 895 318 924 stotntts,
347 891 538 930 Theodogetus'
552 896 580 920 et
599 892 710 922 Graecus
734 894 911 929 epistolarum
927 895 983 922 divi

197 933 276 963 Pauli
292 935 456 966 schollastes
470 944 609 972 nunquam
624 945 674 973 pro
688 939 786 966 merito
794 939 862 967 satis
874 939 984 966 laudau-

197 980 261 1015 dua,
280 981 347 1009 dum
371 983 410 1010 ait
429 992 436 1010 :
453 983 487 1010 Δι
514 983 623 1020 ιῦποροι
650 986 779 1019 γυναῖκες
806 985 981 1012 πιστεύουσα

196 1026 361 1061 ἠκολούθουν
375 1027 457 1061 ἐνίοις
469 1027 525 1055 τῶν
538 1029 704 1062 ἀποστόλων,
717 1031 757 1062 εις
771 1030 821 1063 τὰς
830 1031 983 1066 ἁναγκαὶας

196 1072 287 1100 αὐτῶν
311 1072 406 1108 χρείας
429 1072 607 1110 χορηγοῦσαι,
624 1074 662 1107 ὥς
681 1075 778 1107 αὐτοὺς
799 1075 891 1103 λοιπὺν
902 1076 981 1108 ὂντας

195 1118 261 1154 περὶ
269 1118 365 1145 τούτου
373 1119 552 1155 ἀμερίμνους,
561 1120 635 1156 μόνῳ
643 1120 682 1156 τῷ
692 1120 850 1157 κηρύγματι
860 1122 981 1156 ἀπισχυ-

193 1163 310 1203 λεῑίιθαιἼ
331 1163 389 1192 Hoc
401 1169 454 1198 est,
471 1165 579 1192 ditiores
601 1166 723 1193 mulieres
738 1166 828 1200 ﬁdeles
839 1166 979 1193 nonnullos

194 1210 329 1244 apostolos
341 1211 524 1246 sequebantur,
537 1215 655 1245 sumptus
667 1212 827 1238 necessarios
836 1212 900 1246 ipsis
915 1211 978 1238 sub-

194 1253 383 1287 ministrando,
399 1259 429 1282 ut
443 1255 485 1282 illi
495 1255 546 1282 lto:
555 1263 620 1283 cura
641 1255 748 1282 liberati
758 1276 767 1289 ,
787 1256 838 1284 soli
848 1256 980 1290 pradica-

195 1298 263 1325 tioui
276 1299 446 1327 attenderem.
469 1299 523 1328 Sed
539 1300 612 1335 quod
626 1300 659 1328 ad
681 1305 806 1329 nostrum
823 1301 979 1329 institutum

193 1342 270 1376 facit,
286 1345 391 1373 habetis
404 1346 448 1374 hic
459 1346 617 1382 religiosum
632 1347 791 1374 comitatum
806 1366 814 1379 ,
829 1351 856 1374 et
870 1347 980 1382 pietatis

193 1388 300 1423 glutine
326 1391 503 1426 conjunctum
532 1392 763 1426 contubernium;
787 1393 893 1422 habetis
915 1401 978 1420 mu-

192 1434 275 1463 lieres
291 1443 346 1464 non
362 1443 480 1466 uxores:
498 1436 604 1465 habetis
624 1438 759 1465 sororium
775 1439 825 1473 piae
839 1439 978 1474 germani—

191 1478 258 1506 tatis
277 1479 404 1514 titulum;
433 1480 542 1510 habetis
570 1482 794 1510 circumducendi
815 1483 977 1511 vocabulum

189 1524 378 1559 apostolon
402 1526 537 1564 περιόδοις
560 1528 777 1556 accommodum.
800 1528 852 1556 Cui
868 1528 897 1556 in
925 1529 977 1557 lixa

189 1574 321 1606 certaque
328 1571 490 1601 clericorurn
502 1575 717 1603 commoratione
732 1575 764 1602 τὸ
787 1578 974 1611 συνεισάγιιν,

188 1615 243 1649 hoc
258 1612 302 1644 est
317 1625 370 1645 una
387 1625 479 1646 secum
497 1619 672 1648 introducere
687 1621 730 1649 vel
752 1622 974 1650 contubernalem

188 1662 302 1695 habere,
312 1663 385 1691 haud
397 1665 468 1693 male
480 1666 638 1701 respondet.
650 1665 719 1694 Nam
735 1671 763 1695 et
779 1668 831 1696 hoc
847 1668 975 1703 loquendi

189 1709 272 1737 modo
288 1708 384 1738 Patres
397 1711 437 1738 illi
458 1711 620 1740 Antiochenl
634 1713 706 1748 apud
734 1713 880 1742 Eusebium
891 1719 974 1742 utun-

188 1757 246 1786 tur,
255 1753 320 1782 dum
346 1763 407 1784 sese
427 1755 501 1784 haud
521 1757 648 1792 ignorare
670 1758 768 1790 aiunt,-
782 1759 839 1785 ὅσοι
855 1759 909 1786 ὑπὸ
925 1758 972 1786 τοῦ

189 1799 361 1834 συνεισάγειν
374 1800 480 1833 ἑαυτάς
501 1798 619 1836 rorida.
641 1802 778 1837 ἐξέπεσον,
795 1812 876 1839 quam
896 1804 974 1830 multi

188 1844 341 1878 ceciderint,
363 1845 428 1873 dum
441 1846 564 1874 mulieres
588 1847 638 1875 sibi
660 1849 830 1876 contubernio
845 1849 971 1885 jungunt.

188 1888 246 1919 Nec
257 1891 375 1920 absimili
394 1892 500 1921 ratione
524 1893 596 1921 idem
609 1893 758 1930 Apestolus
779 1894 813 1923 ad
836 1894 924 1923 Galst.
941 1903 972 1928 tr,

188 1937 390 1973 παρεισάκτους
401 1938 607 1974 ψευδαδέλφους,
623 1939 674 1968 hoc
688 1944 730 1968 est
742 1940 819 1975 Juxta
835 1941 973 1976 vulgatum

189 1982 379 2017 interpretem,
407 1983 620 2012 subintroductos
645 1984 728 2020 falsos
760 1985 857 2020 fratres
887 1975 971 2014 dixit.

188 2026 268 2055 Unde
282 2027 354 2054 haud
362 2028 444 2056 dubie
454 2030 482 2056 in
492 2027 588 2057 Latina
602 2029 722 2058 Ecclesia
733 2029 856 2062 inolevit,
867 2037 973 2056 συναισ-

187 2073 289 2104 άκτους
317 2080 426 2108 quoque
455 2077 484 2102 et
511 2074 706 2108 ιπιισάκτους,
736 2074 971 2108 subintroductos,

190 2125 275 2145 sacra
291 2116 441 2153 Scriptura
454 2126 520 2147 voce
529 2120 670 2155 appellari,
686 2127 756 2155 quas
775 2119 972 2147 cointrotluctas

189 2164 230 2191 vel
246 2163 458 2198 superinductas,
474 2166 575 2193 rectius
586 2169 739 2194 vocassent.
756 2165 898 2194 Sedredeo
911 2169 973 2193 tan-

189 2208 249 2236 dem
268 2209 340 2237 unde
355 2210 496 2245 digressus
505 2219 577 2238 sum.
602 2210 642 2238 Ex
657 2211 691 2239 iis
705 2219 766 2246 qua:
792 2211 924 2239 hactenus
938 2211 972 2239 de

189 2255 290 2288 triplici
316 2256 460 2284 mulierum
486 2264 585 2292 genere
605 2257 734 2290 disserui,
748 2258 815 2286 satis
842 2262 971 2286 constare

189 2299 338 2334 existimo,
366 2301 448 2329 rebus
479 2301 623 2330 turbandis
644 2303 763 2330 maxime
787 2307 970 2338 opportunum

189 2344 275 2374 fuisse
287 2347 397 2374 tertium
414 2347 466 2375 hoc
490 2355 586 2383 genus,
600 2347 650 2380 τὰς
662 2349 841 2380 ἐπεισάκτους
855 2349 969 2382 scilicet,

189 2398 257 2427 quas
267 2391 419 2421 Alexander
443 2393 558 2430 proinde
570 2393 675 2421 ἄτακτα
695 2395 858 2431 γυναικάρια
880 2399 969 2427 vocat,

188 2436 260 2472 quod
274 2438 364 2466 nullas
376 2439 516 2469 modestia:
530 2439 603 2475 leges
614 2445 803 2475 agnoscerent.
818 2441 894 2468 nullo
917 2448 968 2476 pu-

188 2482 262 2511 doris
289 2482 367 2512 freno
399 2484 604 2514 cohiberentur.
629 2485 756 2518 Quinimo
778 2490 882 2521 pestem
898 2486 970 2514 hanc

187 2527 336 2556 Ecelesiam
349 2529 520 2564 potissimum
535 2531 663 2560 amisisse
672 2532 825 2560 certissimo
836 2531 898 2560 inde
912 2532 969 2560 col-

187 2575 281 2610 ligitur
290 2580 459 2610 argumento,
474 2577 546 2612 quod
561 2577 663 2605 Niczni
675 2577 779 2610 Patres,
795 2582 825 2605 ut
839 2577 969 2605 Ecclesia:

187 2618 265 2647 malis
291 2619 476 2654 mederentur,
501 2622 566 2650 huic
579 2623 758 2651 carcinomati
774 2623 861 2658 primo
884 2622 969 2651 l'erme

188 2671 247 2693 loco
267 2670 435 2693 censuerunt
448 2669 658 2698 occurrendum.
675 2668 753 2696 Unde
770 2669 852 2696 tertio
864 2676 969 2696 canone

188 2711 362 2739 severissime
373 2712 501 2740 omnibus
524 2714 553 2741 in
573 2715 647 2743 clero
670 2723 833 2751 quocunque
858 2713 968 2742 tandem

188 2755 270 2792 gradu
286 2763 319 2784 ae
331 2757 442 2785 nomine
457 2757 626 2793 degentibus,
643 2760 697 2788 τῶν
710 2759 892 2788 owst
903 2767 970 2787 con-

188 2801 329 2830 suetudine
352 2802 560 2832 interdixerunt.
575 2804 663 2840 Atque
677 2805 742 2833 hinc
767 2806 872 2841 liquere
893 2806 969 2835 arbi-

188 2855 252 2883 tror,
263 2848 418 2885 cuiusmodi
433 2849 576 2879 mulierum
594 2851 828 2886 prehensationes,
849 2859 967 2888 quarum

1039 255 1141 283 xander
1156 255 1208 282 hoc
1223 254 1285 282 loco
1301 253 1473 283 intellexerit.

1072 300 1240 328 Prolerimns
1253 306 1327 327 nunc
1343 299 1456 334 gradum
1472 307 1540 328 curn
1549 298 1644 330 eodem
1656 301 1822 335 Alexandro.

1036 346 1083 381 qui
1097 345 1213 373 Arianos
1225 343 1335 373 concilii
1350 344 1514 372 auctoritate
1534 345 1678 375 damnatos
1690 347 1824 376 circuisse

1036 389 1141 419 vicinas
1169 388 1323 426 provincias
1354 393 1382 417 et
1411 389 1607 419 catholicorum
1631 393 1822 428 episcopon

1036 438 1142 465 animos
1165 441 1290 474 tentasse
1306 435 1414 469 scribit,
1439 435 1558 472 σχήματι
1575 437 1624 472 μιν
1644 439 1757 474 εἰρήνής
1775 439 1830 467 καὶ,

1035 482 1155 514 ἐνώσεως
1171 482 1282 515 ἀξίωσιν
1297 482 1539 518 ὑτωκρινομένους.
1553 481 1631 515 Quod
1651 491 1714 511 curn
1737 484 1824 511 inter-

1021 526 1099 563 ’ρης
1122 532 1215 555 noster
1239 533 1346 560 vertat“
1362 529 1446 563 specie
1461 527 1566 562 quidem
1577 528 1650 563 pacis
1674 534 1699 556 et
1713 537 1824 557 concor-

1034 574 1087 600 dia
1102 572 1240 603 simulata.
1263 573 1364 599 neniam
1383 577 1468 607 petere
1481 579 1538 606 prte
1557 580 1585 600 se
1599 573 1687 607 ferre;
1703 578 1828 602 mentem.

1033 618 1095 652 ejus
1118 617 1328 652 haudquaquam
1350 625 1393 645 me
1421 617 1576 652 perspicere
1597 617 1701 651 lateor,
1718 619 1756 646 uti
1771 627 1823 647 nec

1033 663 1185 691 Camerarii
1205 663 1271 690 illud
1286 671 1292 689 :
1308 662 1419 690 Consilii
1432 665 1535 699 quidem
1546 665 1619 698 poets
1631 669 1657 692 et
1674 665 1822 692 concordia

1033 710 1118 744 specie
1132 709 1269 736 simulata.
1285 708 1401 742 Quinam
1424 710 1497 737 enirn
1512 710 1592 738 nobis
1606 710 1822 744 persuadebunt,

1032 754 1145 788 ἀξίωσιν
1161 754 1204 782 vel
1228 754 1314 782 venia
1341 753 1511 788 petitionem.
1537 755 1579 782 vel
1611 755 1757 782 consilium
1775 758 1823 782 aut

1033 799 1084 828 hoc
1100 800 1160 835 ipso
1182 804 1227 827 aut
1252 799 1350 834 quovis
1367 800 1422 827 alio
1444 799 1515 834 apud
1535 799 1644 828 Graecos
1671 801 1825 835 scriptores

1035 846 1096 873 loco
1122 845 1300 880 signiﬁcare?
1324 844 1357 872 Et
1382 845 1407 873 si
1434 845 1477 873 vel
1505 845 1623 873 maxime
1643 846 1825 881 signiﬁcant,

998 881 1021 908 Β
1033 891 1143 927 quinam
1156 891 1182 919 id
1197 891 1239 919 vel
1267 891 1306 919 rei
1322 891 1374 926 ipsi
1395 891 1436 919 vel
1450 890 1596 919 Alexandri
1620 892 1704 919 menti
1718 899 1821 920 conve-

1033 937 1094 965 nire
1119 937 1239 972 poterit!
1265 936 1434 972 Epiphanius
1455 940 1535 964 vetus
1559 936 1706 972 interpres,
1733 937 1823 972 ﬁgura

1030 984 1103 1018 pacis
1112 989 1137 1011 et
1150 983 1262 1010 unitatis
1276 983 1431 1018 dignitatem
1444 991 1472 1010 se
1481 990 1601 1010 exercere
1611 983 1724 1018 ﬁngunt.
1747 981 1821 1021 Sane

1031 1029 1142 1062 ἀξίωσιν
1155 1029 1313 1065 dignitatem
1333 1028 1489 1064 signiﬁcem
1501 1027 1600 1056 Suidas
1611 1028 1716 1064 aliquot
1728 1036 1822 1057 exem-

1031 1076 1084 1110 piis
1097 1075 1176 1102 docet
1192 1084 1199 1101 ε
1216 1075 1333 1110 etvngo
1345 1073 1459 1104 Graecis.
1472 1074 1496 1101 οι
1507 1074 1552 1100 ιπν
1566 1074 1716 1108 ἀξιώσεως,
1731 1074 1779 1110 qui
1791 1075 1821 1103 in
1830 1067 1843 1074 '

1030 1121 1161 1156 dignitate
1174 1123 1238 1148 sunt
1253 1120 1404 1147 constituti.
1432 1118 1485 1146 Sed
1500 1120 1561 1154 quis
1576 1119 1718 1155 dignitatis
1737 1127 1818 1148 exer-

1030 1165 1124 1193 cenda:
1138 1166 1214 1193 locus
1232 1165 1377 1193 erronibus
1405 1166 1466 1193 istis
1487 1166 1515 1192 in
1538 1165 1627 1192 aliena
1655 1165 1822 1201 prouincia?

1030 1211 1086 1247 Ego
1103 1211 1215 1244 ἀξίωσιν
1230 1211 1282 1238 hoc
1297 1211 1358 1238 loco
1374 1210 1507 1246 βούλημα,
1523 1211 1590 1238 illud
1612 1211 1685 1246 quod
1700 1212 1820 1246 petimus

1030 1263 1063 1284 ac
1075 1257 1256 1292 postulamus,
1272 1264 1320 1284 seu
1333 1256 1412 1284 linem
1429 1260 1457 1284 et
1469 1264 1581 1291 scopum
1597 1264 1652 1291 quo
1663 1257 1749 1285 tendit
1765 1265 1816 1284 vo-

1029 1301 1131 1335 luntas,
1141 1309 1275 1336 quemque
1287 1301 1339 1329 sibi
1350 1301 1492 1336 obtingere
1505 1301 1654 1333 desiderat,
1673 1302 1815 1338 explicari.

1029 1346 1094 1374 dum
1106 1350 1181 1380 puto,
1193 1355 1256 1374 cum
1271 1347 1381 1374 verbum
1391 1345 1484 1378 ἀξιοῦν
1493 1350 1584 1382 petere
1592 1353 1624 1374 ac
1638 1346 1778 1382 postulare
1787 1352 1818 1375 ut

1029 1391 1175 1426 plurimum
1190 1391 1334 1426 signiﬁcet.
1352 1391 1391 1418 ita
1419 1394 1449 1417 ut
1463 1390 1516 1418 loci
1531 1398 1630 1420 sensus
1645 1391 1692 1422 sit.
1702 1398 1818 1421 errones

1029 1437 1091 1465 illos
1115 1438 1191 1472 pacis
1216 1443 1244 1464 et
1272 1436 1383 1464 unionis
1408 1436 1500 1471 specie
1526 1436 1611 1463 animi
1630 1437 1673 1464 sui
1685 1441 1820 1469 mentem.

1028 1483 1147 1518 quidque
1159 1487 1249 1518 petant
1266 1490 1298 1510 ac
1314 1482 1487 1517 pertendant,
1503 1486 1543 1514 et,
1553 1487 1582 1509 ut
1593 1489 1655 1509 cum
1671 1483 1751 1516 vulgo
1775 1482 1816 1510 lo-

990 1546 1013 1577 ε
1028 1537 1158 1564 quamur,
1175 1529 1351 1556 intentionem
1369 1536 1447 1556 suam
1478 1528 1668 1561 dissimulare;
1686 1536 1748 1555 cum
1773 1536 1816 1556 re-

1027 1581 1093 1605 vera
1120 1574 1172 1602 hoc
1192 1573 1348 1606 moliantur,
1362 1576 1391 1600 ut
1408 1580 1455 1600 eos
1471 1572 1504 1599 ad
1521 1580 1590 1608 quos
1611 1572 1746 1600 accedunt
1771 1580 1819 1600 se-

1025 1618 1138 1651 ducant,
1158 1625 1185 1646 et
1204 1622 1231 1646 in
1241 1624 1332 1654 partes
1348 1626 1413 1650 suas
1427 1619 1595 1654 pertrahunt.

1061 1663 1131 1692 Inde-
1142 1669 1170 1692 ut
1180 1664 1281 1692 leviora
1291 1664 1415 1699 quadam
1442 1669 1609 1699 prateream,
1626 1664 1697 1692 inira
1710 1664 1814 1700 princi-

1024 1710 1070 1746 pio
1091 1710 1229 1745 Evangelii
1255 1708 1371 1737 Joannis
1397 1710 1473 1737 varie
1488 1709 1604 1737 Aria-ros
1632 1710 1743 1744 premit.
1759 1709 1812 1743 Qui

1024 1763 1087 1784 cum
1107 1756 1198 1783 omnia
1223 1763 1271 1791 per
1300 1754 1418 1783 Verbum
1445 1754 1517 1782 facta
1541 1754 1651 1788 dixerit,
1670 1756 1813 1790 subiungit

1023 1801 1081 1836 ipse
1098 1811 1105 1829 :
1125 1801 1156 1829 Si
1167 1809 1228 1836 ergo
1241 1801 1330 1829 omnia
1341 1808 1387 1835 per
1397 1801 1483 1835 ipsum
1505 1801 1578 1835 facta
1595 1806 1668 1834 sunt,
1681 1802 1815 1838 quomodo

1023 1847 1046 1874 is
1067 1847 1113 1882 qui
1126 1847 1246 1874 omnibus
1268 1846 1345 1873 rebus
1371 1846 1466 1873 creatis
1485 1846 1626 1873 essentiam
1648 1845 1739 1873 tribuit
1753 1847 1816 1876 ipse»

1023 1896 1165 1932 aliquando
1180 1905 1232 1923 non
1247 1896 1326 1926 fuerit
1338 1896 1350 1922 1
1361 1895 1398 1922 οὐ
1414 1894 1469 1930 γάρ
1479 1902 1537 1926 πως
1546 1895 1561 1920 ό
1574 1895 1660 1929 Λόγος
1674 1894 1705 1921 τὸ
1714 1895 1813 1922 ποιοῦν

1022 1944 1078 1974 τοῖς
1089 1941 1245 1978 γενομένοις
1268 1940 1318 1975 τῆς
1333 1940 1417 1976 αὐτῆς
1427 1936 1496 1966 εἶναι
1522 1938 1629 1974 φύσεως
1650 1938 1807 1974 διορίζιτιιι.

1021 1987 1088 2020 Quae
1099 1986 1209 2021 quidem
1223 1986 1304 2013 verba
1314 1988 1341 2011 et
1357 1987 1435 2011 vetus
1453 1987 1481 2010 et
1497 1983 1561 2010 novi
1576 1982 1739 2018 interpretes
1751 1990 1814 2011 ver-

1022 2032 1106 2060 tendo
1123 2031 1165 2059 sic
1181 2034 1339 2066 pervertunt
1355 2039 1361 2057 :
1387 2028 1472 2056 Nulla
1495 2028 1566 2056 enim
1595 2028 1665 2055 ratio
1692 2028 1812 2061 sult,~ue

1021 2076 1091 2113 quod
1115 2081 1187 2103 creat
1205 2074 1325 2107 eiusdem
1350 2075 1385 2102 sit
1410 2082 1470 2101 cum
1493 2073 1589 2100 creatis
1605 2078 1727 2106 natura;
1743 2081 1809 2101 eum

1021 2124 1037 2150 ὸ
1049 2122 1134 2157 Λόγος
1146 2122 1355 2156 haudquaquam
1376 2119 1428 2147 hoc
1443 2119 1470 2146 in
1492 2119 1553 2146 loco
1572 2118 1606 2146 de
1619 2119 1728 2146 ratione
1741 2127 1808 2154 apo-

1022 2167 1132 2199 dictica,
1147 2167 1195 2195 sed
1211 2166 1245 2195 de
1256 2170 1360 2194 aeterno
1371 2164 1460 2192 Verbo
1469 2165 1557 2199 accipi
1574 2164 1688 2193 omnino
1697 2164 1806 2192 debeat.

987 2219 1009 2247 ι)
1024 2213 1116 2248 Itaque
1129 2211 1290 2239 vertendum
1307 2219 1313 2238 :
1339 2209 1428 2245 Neque
1441 2210 1511 2236 enim
1529 2208 1642 2236 Verbum
1655 2209 1724 2244 quod
1733 2213 1811 2236 creat

1020 2258 1137 2294 ejusdem
1149 2266 1208 2284 cum
1218 2257 1314 2284 creatis
1330 2260 1433 2283 natura
1450 2263 1506 2282 esse
1520 2254 1631 2287 dicitur,
1645 2255 1692 2284 .vel
1706 2255 1806 2282 statui-

1021 2309 1075 2336 tur,
1088 2304 1192 2332 scilicet
1205 2311 1221 2330 a
1243 2301 1346 2330 Joanne
1361 2301 1530 2337 evangelista
1543 2301 1623 2335 cuius
1639 2301 1721 2328 verba
1734 2308 1809 2336 pras-

1020 2350 1104 2377 misit.
1119 2347 1196 2382 Quod
1208 2348 1333 2383 quamvis
1349 2346 1451 2374 nemini
1468 2354 1523 2374 non
1535 2353 1583 2381 per
1594 2353 1624 2373 se
1640 2345 1809 2375 manifestis-

1020 2396 1130 2428 simum,
1158 2395 1219 2430 ipsa
1248 2394 1300 2421 loci
1330 2392 1486 2424 ἀκολουθία,
1509 2396 1536 2420 et
1561 2391 1647 2419 Graeci
1670 2392 1812 2421 sermonis

1018 2441 1188 2468 constructio
1216 2440 1324 2476 prohat.
1353 2438 1501 2475 Suhjungit
1517 2438 1590 2466 enim
1614 2438 1750 2465 rationem
1771 2445 1809 2466 ex

1020 2485 1157 2521 Evangelii
1171 2485 1262 2513 verbis
1283 2485 1408 2520 petitam,
1426 2492 1475 2512 cur
1490 2485 1505 2511 ὁ
1518 2483 1603 2518 Λόγος
1621 2483 1743 2517 ejusdem
1757 2489 1807 2509 na-

1019 2535 1088 2558 tura:
1106 2539 1169 2558 cum
1188 2531 1270 2559 rebus
1295 2530 1396 2558 creatis
1425 2538 1486 2558 esse
1510 2534 1638 2564 nequeat,
1656 2530 1715 2564 εῐγε
1725 2529 1808 2561 αὐτὸς

1021 2577 1071 2612 μὲν
1086 2574 1120 2612 ἦν
1145 2578 1174 2603 ὲν
1191 2577 1275 2612 ἀρχῇ,
1300 2576 1442 2613 siquidem
1459 2577 1518 2612 ipse
1529 2595 1538 2608 ,
1561 2575 1666 2604 scilicet
1679 2576 1694 2602 ὀ
1708 2575 1807 2610 Λόγος,

1019 2626 1077 2650 erat
1093 2623 1119 2649 in
1132 2621 1266 2657 principio
1279 2631 1287 2650 :
1302 2622 1405 2657 reliqua
1428 2627 1518 2649 autem
1539 2622 1631 2650 omnia
1646 2629 1695 2656 per
1715 2622 1807 2656 ipsum

1019 2668 1089 2696 iacta
1101 2672 1175 2697 sunt.
1195 2667 1248 2697 Sed
1265 2670 1400 2704 interpres
1426 2673 1530 2700 noster,
1546 2675 1608 2695 cum
1629 2667 1809 2703 praecedenti-

1019 2715 1071 2743 bus
1084 2715 1174 2743 verbis
1189 2714 1259 2744 male
1271 2715 1412 2742 conversis
1424 2722 1479 2741 non
1490 2713 1603 2742 haberet
1616 2721 1671 2748 quo
1692 2718 1807 2741 reterret

1020 2768 1112 2789 vocem
1124 2761 1214 2794 αὑτός,
1231 2761 1394 2789 sententiam
1410 2760 1480 2788 male
1491 2760 1603 2793 luxavit,
1616 2767 1704 2794 neque
1722 2759 1806 2787 ullam

1019 2807 1048 2835 in
1058 2806 1234 2841 sequentibus
1243 2807 1363 2842 periodis
1370 2813 1466 2834 sanam
1481 2805 1617 2841 expressit
1628 2805 1804 2833 sententiam.

1019 2851 1073 2880 Sed
1092 2851 1252 2887 interposita
1270 2851 1430 2888 παρενοισει.
1446 2851 1531 2879 miras
1550 2851 1601 2878 sibi
1616 2851 1667 2886 ipsi
1687 2850 1805 2887 aliisque
