2145 3163
335 149 388 179 ω
862 151 889 180 S.
911 152 1121 180 ALEXANDER
1142 152 1182 180 AL

1100 153 1121 180 η
1142 152 1421 182 ALEXANDBINUS.
1894 154 1947 182 5w

334 207 431 236 oﬂudit
446 209 583 237 tenebras.
606 208 723 237 Romani
734 217 800 238 vero
813 209 942 241 editores,
958 210 1117 245 interpretis
1131 215 1155 244 Α
1168 219 1235 240 sane
1247 216 1275 239 et
1286 212 1398 240 crebros
1410 215 1440 239 et
1451 211 1557 240 validos
1574 210 1764 239 sanctissimus
1777 208 1822 237 hic
1837 208 1947 244 episco-

331 263 456 285 en'orem
484 255 526 283 vel
550 255 753 283 fluctuationem
767 255 871 290 prolata
899 255 1006 291 longius
1019 263 1118 291 paren-
1170 264 1222 292 pus
1238 256 1266 283 in
1281 256 1400 284 Arianos
1413 259 1533 290 torquet.
1561 254 1614 283 Sed
1628 258 1730 283 cumet
1746 261 1795 282 vos
1805 255 1946 290 patientia.

334 299 405 328 thesi
421 307 474 327 non
495 307 591 334 parum
615 304 755 335 augentes,
775 301 911 328 rationum
943 304 1026 335 atque
1035 293 1117 335 argu-
1170 305 1198 329 et
1210 309 1253 328 me
1268 301 1384 328 laterum
1401 301 1474 328 vires
1486 301 1646 334 destituant,
1658 305 1755 328 caetera
1770 300 1948 329 commodior!

334 349 486 374 uentorum
501 346 557 373 vim
577 354 610 374 ac
623 354 722 375 nervos
739 347 818 382 plane
839 345 1034 379 succiderunt,~
1047 354 1116 382 quos
1168 346 1285 381 tempori
1300 346 1512 374 reservabimus.

748 521 1140 568 DISSERTATIO
1176 521 1447 568 SECUNDA
1471 515 1535 563 (⁸).

370 679 519 715 Abruptum
531 679 624 714 prima
635 678 839 707 Dissertationis
851 679 925 706 filum
933 679 966 706 ad
983 678 1114 713 reliquam
1167 675 1214 704 τοῦ

1111 689 1114 704 ι
1167 675 1214 704 τοῦ
1227 674 1336 706 παντὸς,
1365 672 1390 700 ει
1403 671 1513 707 γέγονεν
1535 672 1558 708 ἦ¹
1582 671 1677 706 ἁγενίς
1698 672 1781 700 ἔστιν.
1804 672 1958 706 Factum-

335 725 467 754 institutaa
481 733 602 753 censura
631 729 735 760 partem
752 725 943 760 pertexendam
971 729 1112 752 connecto.
1167 721 1203 749 sit
1215 721 1375 751 universum,
1391 727 1426 745 an
1437 726 1488 745 non
1514 717 1626 753 factum.
1642 716 1699 745 Hoc
1717 721 1768 750 est,
1784 722 1814 761 ut
1837 718 1949 748 Procius

336 770 419 806 Urget
433 775 527 799 contra
542 771 599 798 Arii
622 771 806 806 blasphemias
832 771 987 798 Alexander
1008 771 1115 806 episco-
1133 804 1147 806 ῃ
1168 775 1182 795 e

1105 785 1115 790 -
1133 804 1147 806 ῃ
1168 766 1297 802 explicat,
1323 766 1347 792 si
1363 765 1474 801 γενητὸς
1491 765 1508 800 ἢ
1534 764 1665 800 ἀγένητος
1688 765 1703 791 ό
1720 764 1831 800 κόσμος.
1862 765 1950 800 Atque

334 804 535 851 pus,zeternam
546 816 627 844 Verbi
643 804 691 844 Dei
703 825 736 844 cx
753 816 832 844 Patre
849 817 979 852 originem
996 804 1115 844 auctori-
1132 804 1152 831 Β
1168 814 1206 841 ita
1234 812 1442 847 antiquissimus
1468 811 1514 839 ille
1539 811 1622 838 Italia
1639 810 1816 846 philosophus
1840 810 1950 841 Ocellus

334 868 390 892 tate
404 864 520 892 Joannis
544 864 727 899 evangelista,
742 865 788 898 qui
805 865 831 890 iu
849 865 908 898 ipso
919 864 1011 891 limine
1026 863 1114 890 Evan-
1169 859 1298 886 Lucanus
1311 858 1411 894 insigni
1422 865 1504 893 opere
1516 859 1631 893 probare
1643 857 1772 890 instituit,
1788 857 1818 884 τὸ
1831 858 1885 884 πᾶν
1904 858 1952 884 ἁν-

333 911 397 945 gelii
412 910 467 942 sui,
485 909 602 937 Verbum
619 910 646 936 in
661 910 794 944 principio
818 910 919 941 fuisse,
939 913 1035 936 caetera
1051 917 1114 937 vero
1167 906 1180 932 ά

1104 918 1114 937 ›
1167 905 1284 940 ὡλεθρον
1296 902 1365 931 εἶναι
1380 905 1425 931 καὶ
1434 904 1574 939 ἀγένητον,
1587 902 1714 930 mundum
1724 907 1783 929 ortu
1793 903 1951 937 interimque

333 957 425 985 omnia
439 955 536 983 deinde
549 964 597 991 per
611 955 729 982 Verbum
747 955 817 982 facta
838 960 963 983 testatur.
977 955 1036 988 Quo
1054 956 1114 982 loco
1167 959 1266 978 carere.
1281 950 1359 985 Quod
1376 950 1449 977 enim
1477 949 1558 985 vulgo
1585 949 1731 984 ἀγέννητον
1752 950 1853 984 passim
1879 949 1950 984 apud

333 1001 527 1035 evangelistam
542 1007 642 1027 arcano
658 1004 685 1027 et
713 1001 840 1035 religioso
859 1001 976 1035 quodam
999 1001 1115 1028 consilio
1167 997 1288 1025 Ocellum
1304 996 1443 1027 scribitur.
1457 995 1484 1022 id
1500 1000 1597 1023 contra
1608 995 1726 1030 optimos
1739 994 1886 1023 Vaticanos
1901 1003 1951 1022 co-

333 1046 445 1073 verbum
457 1043 501 1080 ἦν,
517 1046 574 1073 sive
588 1050 655 1077 erat,
676 1046 850 1079 adhibuisse;
873 1046 1007 1080 γενέσεως
1023 1050 1112 1073 autem
1167 1044 1243 1071 dices
1260 1050 1323 1070 esse
1348 1041 1526 1076 deprehendi,
1538 1048 1601 1068 cum
1630 1041 1732 1076 quibus
1753 1047 1866 1068 aureum
1884 1040 1950 1068 illud

333 1095 361 1116 et
371 1090 503 1125 ποιήσεως
519 1090 627 1117 nomine
653 1090 816 1118 abstinuisse
839 1090 925 1119 docet.
953 1090 1055 1123 Primo,
1081 1098 1115 1118 ne
1167 1089 1330 1124 opusculum
1346 1087 1490 1123 diligenter
1508 1087 1655 1122 aliquando
1668 1087 1782 1115 contuli.
1803 1087 1887 1114 Recte
1902 1087 1952 1122 igi-

333 1135 431 1163 iisdcm
445 1136 556 1162 vocibus
580 1135 613 1162 de
627 1135 756 1164 Creatore
784 1139 810 1163 et
832 1140 956 1163 creatura
982 1140 1112 1164 uteretur.
1167 1133 1446 1166 turuniversumhoc,
1459 1137 1486 1161 et
1494 1133 1722 1168 quidquidrerum
1732 1133 1952 1161 creatarumuni-

335 1178 471 1211 Secundo,
483 1179 555 1212 quod
571 1179 650 1207 Verbi
670 1179 763 1206 aeterni
779 1180 982 1214 productionem
997 1187 1051 1207 non
1069 1187 1114 1208 so-
1168 1181 1418 1213 versocontinetur,
1428 1179 1533 1207 ratione
1542 1179 1636 1214 prima:
1643 1178 1830 1214 productionis
1839 1179 1952 1214 γενητόν

334 1224 390 1251 lum
403 1225 642 1260 evangelistarum,
658 1224 706 1252 sed
721 1229 748 1252 et
773 1225 929 1260 angelorum
948 1225 1112 1253 intellectum
1167 1225 1800 1263 appellabimus:Tawq-révveroliaudquaquam
1812 1225 1950 1260 :quoduni

332 1271 466 1299 excedere
477 1272 616 1304 crederet;
634 1271 725 1302 tertio.
738 1271 810 1306 quod
821 1271 934 1307 impium
946 1271 1115 1299 existimaret
1167 1273 1257 1302 Verbo
1267 1276 1370 1301 aeterno
1380 1272 1516 1305 convenit,
1524 1271 1568 1299 cui
1578 1271 1628 1299 soli
1639 1270 1720 1298 Pater
1729 1271 1797 1298 dixit
1809 1280 1815 1298 :
1827 1271 1891 1303 Υἱός
1900 1279 1952 1307 μου

334 1324 434 1344 arcana
449 1316 493 1343 illa
522 1316 675 1344 Divinitatis
691 1317 828 1352 mysteria,
844 1317 954 1344 curiosa
983 1317 1116 1352 pervesti-
1167 1329 1180 1347 ε

1103 1331 1116 1336 ·
1167 1318 1193 1347 εῐ
1217 1320 1260 1352 σὺ,
1284 1318 1339 1353 ἐγὼ
1356 1318 1474 1354 σήμερον
1484 1317 1637 1352 γεγέννηκά
1651 1324 1695 1343 σε·
1711 1315 1799 1343 Filius
1828 1325 1900 1344 mea:
1923 1325 1950 1344 es

333 1362 442 1397 gatione
457 1363 584 1390 subtilius
601 1363 728 1390 scrutari.
753 1362 782 1389 In
807 1362 887 1397 cujus
904 1363 956 1390 loci
970 1370 1051 1390 sensu
1066 1371 1114 1390 ex-
1169 1371 1260 1400 tu,ego
1270 1364 1348 1390 hodie
1361 1363 1436 1398 genui
1448 1366 1481 1389 te.
1498 1361 1602 1389 Caetera
1614 1364 1703 1388 autem
1716 1360 1858 1391 omnia,6t‘
1869 1357 1951 1388 αὐτοῦ

335 1408 477 1443 primendo
494 1416 546 1435 non
559 1409 642 1436 semel
655 1408 826 1436 oﬂenderunt
842 1409 1013 1443 interpretes.
1029 1416 1114 1443 quan-
1168 1411 1182 1437 ὲ

1103 1423 1114 1429 ·
1168 1411 1286 1444 ἐγένετο,
1307 1409 1354 1435 καὶ
1373 1408 1457 1443 χωρὶς
1469 1406 1551 1434 αὑτοῦ
1559 1406 1667 1440 ἐγένετο
1682 1405 1741 1432 οὐδὲ
1756 1405 1794 1436 ἓν.
1806 1405 1820 1432 δ
1830 1406 1948 1439 γέγονεν.

335 1454 482 1489 doquidem
511 1453 605 1481 Grteca
632 1455 714 1481 verba
742 1454 807 1481 vitio
835 1462 889 1482 non
920 1458 1022 1482 carent.
1048 1453 1115 1481 Illud
1134 1454 1182 1489 ,ι

1104 1453 1115 1481 1
1134 1482 1154 1489 _
1169 1454 1247 1482 Unde
1257 1459 1284 1482 et
1296 1453 1401 1482 Psaltes
1411 1453 1501 1488 regius
1518 1462 1525 1480 :
1541 1451 1627 1484 Δὺτός
1649 1450 1737 1484 εἶπεν,
1761 1452 1809 1479 καὶ
1823 1451 1951 1488 ἐγενήθη-

335 1504 441 1526 tantum
460 1499 625 1531 indicavero,
642 1500 687 1526 ubi
703 1501 758 1527 ait:
772 1500 801 1526 τὸ
817 1498 866 1535 ἦν,
894 1500 1051 1536 ὑπεραίρειν
1069 1500 1118 1535 τῆς
1132 1482 1154 1512 c
1170 1508 1182 1526 ο

1104 1509 1118 1532 ς
1132 1482 1154 1512 c
1170 1508 1220 1527 σαν
1231 1509 1238 1515 ι
1255 1499 1315 1534 Ipse
1329 1499 1408 1532 dixit,
1422 1482 1531 1533 effecta
1545 1482 1734 1526 sunt.Cotitra
1747 1482 1865 1526 mundus
1878 1482 1951 1529 recte

334 1546 388 1572 τῶν
399 1545 534 1580 γεννητῶν
553 1545 682 1578 διανοίας.
708 1553 801 1573 vocem
825 1546 896 1572 illam
929 1551 996 1578 erat,
1012 1546 1120 1574 univer.
1169 1546 1181 1572 ό

1103 1555 1120 1568 ·ο
1169 1546 1326 1581 ἀγέννητος,
1347 1552 1401 1572 ηοη
1418 1548 1508 1572 autem
1522 1543 1662 1580 ἀγένητος.
1678 1543 1764 1572 Filius
1788 1548 1877 1571 autem
1903 1543 1950 1572 Dei

335 1597 393 1617 sam
405 1595 592 1618 creaturarum
612 1589 816 1625 iutélligentiam
832 1590 1035 1621 transcendere.
1047 1591 1118 1618 hattd
1169 1592 1182 1617 ti

1103 1591 1118 1618 d
1169 1591 1313 1627 ἀγένητος,
1332 1598 1387 1619 non
1401 1590 1558 1626 ἀγέννητος.
1574 1589 1639 1623 Quae
1653 1589 1778 1617 fortassis
1791 1589 1859 1618 levia
1866 1589 1950 1617 videri

334 1636 417 1664 dubie
435 1636 567 1671 γενητῶν.
591 1643 644 1662 non
662 1635 801 1671 γεννητῶν
813 1635 970 1670 legendum;
1001 1638 1117 1671 Quorum
1169 1644 1181 1671 ι

1104 1644 1117 1663 n
1169 1642 1292 1671 possem,
1312 1637 1364 1664 nisi
1385 1637 1466 1663 unius
1493 1636 1591 1664 littera:
1605 1635 1764 1667 interstitio,
1791 1638 1884 1663 rectus
1905 1642 1951 1662 ca-

335 1681 388 1709 Iioc
401 1682 455 1708 ἀπὸ
465 1682 514 1708 τοῦ
524 1682 678 1717 γεννᾶσθαι,
690 1682 755 1709 illud
769 1682 823 1708 ἀπὸ
836 1681 882 1708 τοῦ
899 1681 1021 1715 γίνεσθαι
1033 1681 1119 1709 dedu-
1169 1682 1182 1709 tl

1102 1692 1119 1708 ι·
1169 1682 1276 1709 tholicze
1300 1681 1421 1708 veritatis
1436 1685 1537 1709 trames
1550 1688 1566 1708 ι
1581 1680 1805 1716 gravissimorum
1826 1688 1949 1708 errorum

334 1728 415 1756 citur.
428 1727 502 1761 Quas
527 1729 636 1764 quidem
662 1735 753 1761 voces,
769 1728 831 1756 licet
845 1728 950 1763 origine
973 1733 1000 1755 et
1014 1728 1118 1763 signifi-
1168 1727 1327 1763 prtecipitiis
1341 1728 1552 1762 dispesceretur.
1567 1726 1645 1754 Unde
1665 1725 1795 1754 Joannem
1807 1725 1952 1754 Damasce—

334 1779 398 1802 catu
414 1774 517 1806 aiiines,
534 1774 604 1802 sacri
617 1778 643 1802 et
663 1773 769 1809 profani
787 1778 912 1801 auctores
926 1781 1005 1802 caute
1021 1775 1118 1801 distin-
1168 1781 1234 1800 num
1250 1773 1320 1800 libro
1335 1781 1355 1805 ι,
1370 1780 1429 1808 cap.
1446 1772 1474 1806 9,
1488 1779 1588 1808 magno
1603 1771 1662 1800 Ilaec
1685 1771 1777 1801 studio
1805 1771 1953 1802 adnotasse

335 1822 432 1854 guunt,
448 1827 510 1847 cttm
526 1823 617 1847 tamen
634 1820 661 1846 in
679 1819 796 1853 vulgatis
817 1819 916 1846 Justini
934 1818 981 1852 5L,
999 1819 1117 1853 Eusebii,
1167 1818 1310 1851 videmus,
1325 1824 1352 1846 et
1366 1818 1534 1854 Epiphanius
1547 1819 1645 1847 heresi
1673 1826 1735 1849 uix
1760 1818 1878 1845 Arianos
1895 1818 1952 1846 haec

337 1864 491 1900 Epiphanii,
508 1864 678 1898 aliorumque
690 1863 867 1895 editionibus.
891 1863 1028 1891 sexcentis
1051 1864 1118 1891 locis
1168 1865 1279 1892 nomina
1295 1864 1495 1893 confundentes
1510 1864 1671 1900 gravissime
1684 1864 1852 1900 perstrinxit.
1864 1864 1951 1897 Quam

336 1909 465 1937 confusas
480 1909 739 1936 observare‘liceat.
763 1909 870 1940 Γένεσις
886 1909 957 1936 enim
985 1913 1013 1936 et
1040 1917 1119 1944 γενη-
1168 1910 1183 1936 b

1106 1924 1119 1929 -
1168 1910 1237 1937 bene
1248 1914 1338 1937 autem
1355 1910 1488 1945 interpres
1502 1911 1606 1945 Anglus
1622 1910 1657 1937 τὰ
1668 1910 1770 1946 γενητά
1798 1910 1951 1936 mortalium

335 1955 393 1987 τόν,
415 1960 444 1982 ut
463 1955 577 1982 Proclus
596 1955 667 1981 libro
695 1961 715 1981 ιι
730 1954 757 1980 in
787 1954 914 1982 Timwum
941 1955 988 1985 ait,
1001 1954 1050 1989 τὴν
1065 1955 1118 1981 ἀπὸ
1168 1957 1279 1984 nomine
1294 1957 1421 1991 explicet.
1438 1965 1501 1985 mox
1517 1956 1695 1985 cornmodiori
1711 1956 1771 1983 loco
1787 1956 1950 1983 videbimus.

336 2001 384 2028 τοῦ
423 1999 593 2037 Δημιουργοῦ
630 2000 740 2036 πρόοδον
771 2000 906 2036 signiﬁcat
934 2011 940 2028 :
971 2001 1022 2028 hoc
1056 2005 1117 2033 est,
1168 2001 1183 2029 In

1110 2021 1117 2033 ,
1168 2001 1292 2037 Ineptum
1305 2010 1424 2038 quoque,
1439 2002 1514 2038 quod
1529 2003 1600 2030 idem
1623 2005 1717 2029 noster
1738 2001 1873 2036 interpres
1885 1999 1952 2028 Ver-

335 2048 502 2075 creationem
518 2051 546 2074 et
562 2046 767 2082 productionem
787 2054 819 2074 ex
840 2048 935 2074 nihilo.
972 2046 1057 2078 Unde.
1089 2052 1118 2074 ut
1169 2048 1233 2077 bum
1249 2054 1391 2083 aeternum,
1404 2056 1514 2077 causam
1528 2048 1687 2076 eﬂicientem
1700 2055 1790 2075 rerum
1816 2047 1950 2078 omnium.

336 2093 461 2121 Justinus
487 2092 589 2128 Martyr
611 2094 648 2120 ait
681 2094 708 2119 in
736 2092 954 2127 Responsionibus
983 2093 1016 2119 ad
1045 2094 1118 2120 Grtr-
1172 2095 1201 2122 τὸ
1213 2094 1318 2127 ποιοῦν,
1335 2095 1439 2130 gignens
1457 2094 1665 2129 appellat;cum
1681 2092 1771 2120 omnis
1787 2092 1950 2119 Arianorum

335 2147 379 2166 cos
404 2147 413 2165 :
444 2138 479 2165 Τὸ
507 2138 632 2172 γενέσθαι
658 2138 705 2164 καὶ
736 2138 767 2164 τὸ
796 2138 929 2165 ποιεῖσθαι
962 2138 1033 2171 λέξει
1069 2140 1118 2174 μὲν
1135 2148 1182 2177 Da

1105 2149 1118 2165 ν
1135 2150 1156 2177 D
1170 2141 1269 2167 astutia
1287 2141 1314 2167 in
1342 2140 1498 2175 hujusmodi
1525 2139 1671 2167 verborum
1690 2138 1849 2166 confusione
1860 2144 1951 2165 verse.

334 2186 365 2212 οὐ
400 2185 519 2216 ταυτὸν,
556 2184 628 2220 ἔργῳ
650 2184 678 2210 δὲ
710 2191 815 2211 ταυτον.
838 2183 927 2211 Verbo
951 2185 1060 2217 diﬂ'ert,
1089 2194 1118 2212 re
1169 2191 1176 2212 t

1104 2194 1118 2212 e
1169 2191 1224 2217 tur.
1252 2194 1313 2220 qum
1332 2186 1523 2213 sanctissimus
1542 2185 1586 2212 hic
1599 2188 1694 2211 auctor
1713 2188 1809 2210 contra
1836 2181 1951 2216 diligens

336 2231 395 2266 ipsa
425 2231 495 2258 idem
521 2234 573 2257 est.
597 2230 722 2264 Γέννησις
743 2235 832 2257 autetn
856 2230 974 2266 προϐολὴ
1005 2231 1058 2257 ἀπὸ
1070 2231 1117 2258 τοῦ
1169 2234 1183 2259 ti

1103 2231 1117 2257 ὖ
1169 2233 1274 2260 tissime
1287 2232 1438 2266 distinguit.
1454 2231 1552 2258 Tutius
1566 2238 1632 2258 sane
1647 2238 1708 2258 cum
1725 2229 1831 2264 vulgato
1848 2227 1950 2255 Biblio-

335 2277 459 2312 Πατρός,
488 2276 538 2302 hoc
562 2280 604 2303 est
627 2276 785 2310 generatio.
813 2276 879 2307 sive,
900 2280 928 2302 ut
953 2284 1014 2303 cum
1037 2277 1118 2311 vulgo
1168 2286 1228 2305 rum
1257 2277 1414 2312 interprete.
1441 2275 1554 2311 faciendi
1569 2279 1596 2304 et
1611 2275 1720 2310 factoris
1740 2273 1872 2302 vocabqu
1892 2277 1952 2301 ute-

335 2322 522 2356 tlieologorum
548 2321 655 2356 loquar,
672 2322 814 2356 productio
829 2322 945 2349 viventis
960 2329 975 2348 a
999 2323 1116 2355 vivente,
1168 2326 1254 2355 retur,
1279 2321 1359 2349 novis
1388 2321 1443 2349 illis
1468 2321 1613 2349 verborum
1630 2319 1749 2347 Iauticiis
1760 2318 1873 2351 relictis,
1889 2327 1951 2354 qua

335 2367 434 2395 similis
450 2367 610 2401 producenti
626 2367 652 2393 in
671 2366 823 2394 substantia
837 2371 864 2394 et
887 2372 992 2395 natura.
1008 2367 1041 2394 Et
1056 2376 1118 2402 γεν-
1167 2369 1260 2396 animo
1289 2368 1377 2397 sacris
1389 2367 1488 2395 litteris
1514 2366 1647 2394 innutrito
1673 2372 1803 2393 nauseam
1828 2372 1951 2393 commo-

335 2413 425 2448 νητόν,
438 2417 467 2439 ιιι
479 2412 550 2446 apud
562 2412 686 2439 eumdem
713 2411 850 2439 Justinum
866 2412 991 2445 habetur,
1012 2412 1043 2439 τὸ
1057 2421 1119 2448 γεν-
1167 2423 1182 2441 v

1106 2428 1119 2433 -
1167 2419 1240 2442 vent.
1266 2414 1304 2442 Ita
1327 2415 1355 2442 in
1379 2414 1511 2442 orationis
1535 2420 1680 2449 progressu
1693 2431 1702 2444 ,
1730 2410 1776 2439 ubi
1798 2410 1952 2439 Alexander

334 2458 422 2494 ητῶς
436 2459 586 2494 γινόμενον,
611 2459 668 2485 sive
698 2457 728 2484 τὸ
757 2458 893 2496 γεννητῶς
907 2459 936 2485 τὸ
957 2457 1027 2486 εἶναι
1045 2459 1116 2495 ἔχον,
1168 2461 1181 2489 ﬂ

1103 2470 1116 2492 ι.
1168 2461 1238 2490 ﬁlios
1253 2469 1302 2497 per
1317 2461 1431 2497 gratiam
1446 2459 1599 2495 adoptatos,
1619 2450 1737 2486 aVerbo
1749 2462 1863 2489 teterno,
1883 2465 1950 2485 vero

334 2505 404 2539 quod
418 2513 463 2539 per
479 2505 586 2531 modum
606 2505 783 2540 generationis
801 2505 932 2532 subsistit.
958 2505 1036 2534 Unde
1057 2506 1118 2534 Cle—
1168 2512 1195 2536 et
1205 2508 1316 2544 proprio
1341 2506 1389 2535 Dei
1412 2505 1481 2534 Filio
1508 2512 1590 2541 quam
1618 2504 1775 2540 longissime
1800 2508 1921 2531 removet
1942 2512 1950 2535 ;

334 2558 413 2578 mens
425 2550 639 2582 Alexandrinus,
669 2558 731 2578 cum
745 2550 878 2585 γενέσεως
898 2559 997 2580 nomen
1017 2553 1118 2587 promi—
1167 2553 1298 2588 quoniam
1314 2552 1359 2580 hic
1377 2556 1475 2579 natura
1500 2549 1548 2577 Dei
1560 2547 1647 2577 Filius
1661 2549 1716 2583 ;illi
1736 2556 1811 2582 vero,
1826 2547 1952 2583 deposito

334 2601 401 2622 scite
416 2594 503 2629 accipi
530 2595 634 2622 videret
647 2595 730 2622 etiam
749 2603 798 2630 pro
811 2596 995 2630 generatione,
1019 2601 1117 2632 quarto
1168 2606 1181 2626 ε

1103 2606 1117 2625 o
1168 2599 1265 2633 spiritu
1285 2598 1434 2629 servitutis,
1446 2596 1476 2623 τὸ
1487 2596 1536 2631 τῆς
1547 2595 1682 2627 υἱοθεσίας
1690 2595 1817 2626 λαϐόντες
1831 2590 1950 2629 πνεῑμα.

336 2639 501 2667 Strontatum
517 2640 587 2667 libro
600 2640 636 2667 ita
651 2647 712 2668 eam
723 2640 877 2675 distinguit,
895 2645 924 2668 ut
945 2642 998 2668 alia
1017 2643 1051 2670 sit
1063 2642 1117 2668 τῶν
1168 2643 1225 2672 Hoc
1243 2648 1296 2676 est,
1311 2647 1342 2671 ut
1360 2646 1454 2671 noster
1467 2642 1602 2677 interpres
1624 2641 1750 2672 reddidit,
1767 2640 1869 2675 Spiritu
1886 2639 1953 2666 ado-

335 2686 522 2721 γεννωμένων,
540 2686 594 2713 alia
617 2686 671 2714 τῶν
699 2687 860 2722 γινομένων,
878 2687 981 2715 scilicet
1008 2695 1042 2715 ne
1055 2689 1117 2723 quis
1167 2699 1182 2725 μ

1104 2696 1117 2716 s
1167 2691 1264 2725 ptionis
1291 2690 1408 2725 ﬁliarum
1434 2692 1580 2721 assumpto.
1595 2688 1641 2714 filii
1669 2686 1788 2721 adoptivi
1817 2685 1949 2712 evadunt.

334 2731 367 2758 τὸ
397 2732 512 2767 γενητὸν
538 2733 584 2759 καὶ
611 2733 738 2768 γεννητόν
770 2733 957 2762 confunderet.
987 2733 1064 2762 Unde
1091 2739 1118 2761 et
1167 2737 1181 2768 ς

1106 2739 1118 2761 ι
1167 2737 1267 2770 Quidni
1297 2735 1388 2771 potius
1413 2741 1474 2762 cum
1502 2734 1565 2761 divo
1583 2733 1668 2760 Paulo
1682 2732 1715 2760 ad
1731 2732 1810 2760 Rom.
1825 2738 1884 2761 vtn.
1906 2728 1951 2760 15.

335 2775 412 2806 Plato
428 2778 560 2813 principio
576 2778 880 2815 Timaridisquirendum
891 2781 1032 2815 proponit:
1051 2781 1118 2818 Περὶ
1169 2781 1270 2818 Spiritu
1298 2781 1446 2815 adoptionis
1473 2785 1587 2815 accepto,
1604 2780 1646 2807 vcl
1672 2778 1799 2813 Spiritum
1831 2775 1948 2810 adoptio-

373 2855 412 2892 (o)
427 2855 521 2883 Ilabita
533 2856 634 2889 Romw,
650 2862 678 2884 ut
693 2865 784 2892 supra.
