2145 3163
205 255 248 282 κίε
264 252 381 288 ﬁliorum
409 247 576 282 accipientes,
585 287 587 289 _

205 301 318 335 gratiam
340 296 497 329 donumque
525 291 574 320 Dei
589 291 793 326 pmupponat.
819 294 921 314 sumere
940 291 989 311 au—

205 332 270 376 tem,
291 344 348 372 sive
361 347 505 370 assumere.
520 337 658 373 propriam
673 332 875 370 quodammodo
897 335 990 358 aucto-

205 391 312 419 ritatem
325 386 498 416 Iubiudicare
508 383 643 411 videatur.
661 380 739 415 Quod
753 379 827 407 enim
843 376 990 413 Apostolus

205 437 245 464 ait
259 435 293 463 ad
305 433 387 461 Hebr.
398 440 426 464 v,
437 432 454 459 ι
469 440 476 458 :
495 429 556 456 Non
569 428 620 456 tibi
632 427 683 462 ipsi
693 427 832 462 quisquam
852 424 932 451 sumit
944 422 988 449 ko-

206 489 306 511 mmnt.
317 478 362 507 sed
377 479 423 514 qui
436 481 544 505 uocatur
558 484 574 503 α
590 475 655 506 Deo,
683 473 720 500 ita
737 480 789 500 nec
802 471 916 506 gratiam
928 469 991 504 Spi-

205 528 276 556 ritus
290 524 378 554 sancti
393 524 538 559 quisquam
557 521 608 549 sibi
621 520 673 555 ipsi
688 518 783 548 sumit,
799 517 852 544 nisi
870 517 913 543 cui
928 516 992 543 data

206 574 288 602 fuerit
300 571 417 606 desuper
428 577 443 596 a
458 569 538 596 Patre
553 567 698 596 luminum,
710 572 725 592 a
739 572 794 598 quo
807 571 887 591 omne
898 562 992 590 datum

206 619 351 655 optimum.
360 621 388 645 et
398 623 478 644 omne
489 615 591 642 donum
601 612 752 649 perfectum
761 608 928 637 descendit‘.
940 607 993 635 Cui

205 654 235 691 et
248 661 315 690 illud
322 658 565 694 addiderim.quod
576 665 636 692 mox
646 656 702 683 Arii
715 654 834 683 asseclas
842 661 992 689 πονηρευο-

208 709 298 744 μὲνων
304 707 423 738 σύνοδον,
432 705 611 740 improborum
618 702 733 734 turbam,
743 702 835 738 potius
842 708 924 736 quam
931 708 994 726 can-

207 754 297 783 a’lium
304 751 665 788 muliguantiumﬁcripturat
672 748 762 776 verbis
769 747 882 775 reddere
888 746 993 773 maluit.

243 800 296 828 Sed
310 800 419 834 longum
435 797 502 825 foret
517 796 622 832 singula
636 794 773 830 perscqui,
793 793 900 828 quoties
909 792 996 819 inter-

207 853 271 882 pres
283 844 404 873 auctoris
416 848 536 872 utentem
561 843 603 870 vel
616 841 738 872 divellat,
751 840 794 867 vel
808 839 938 870 invertat,
952 837 995 864 vel

209 899 258 927 pro
265 891 350 919 claris
362 894 389 918 et
404 888 557 917 manifestis
568 887 651 916 dubia
665 892 693 914 et
704 886 823 914 obscura
837 884 918 912 nobis
931 891 996 918 sup—

207 941 300 973 ponat.
315 936 435 971 Propero
450 935 482 961 ad
498 935 587 962 locum
614 933 697 960 totius
707 931 840 967 epistolae,
856 937 917 957 meo
931 929 995 964 qui-

207 983 270 1011 dem
281 981 388 1018 judicio
401 980 601 1009 difﬁcillimum.
610 979 657 1014 qui
670 978 804 1013 principio
815 984 876 1011 pag.
893 975 925 1002 l5
940 974 996 1002 llo-

209 1035 298 1056 mana
315 1027 446 1055 editionis
471 1026 581 1061 legitur.
598 1025 706 1057 Ariani,
727 1023 816 1059 inquit
830 1020 994 1053 Alexander.

210 1078 240 1102 ut
250 1074 389 1102 Christum
407 1072 517 1101 deitalis
531 1072 618 1107 gloria
644 1070 806 1106 spoliarent,
822 1076 870 1096 eas
902 1074 994 1097 voces.

207 1127 296 1155 eaque
309 1118 459 1154 Scriptura:
474 1118 532 1145 loca
547 1125 655 1151 semper
672 1117 700 1143 in
716 1123 764 1144 ore
774 1114 921 1144 habebant,
936 1119 997 1147 qua:

209 1164 245 1192 ad
263 1164 420 1199 passionem
433 1166 461 1190 et
482 1162 695 1190 exinanitionem
712 1160 772 1196 ejus
786 1159 935 1196 pertinent,
950 1165 998 1191 pe—

209 1210 285 1239 nitus
298 1210 376 1238 obliti
396 1209 523 1240 istorum.
539 1215 600 1243 qua
611 1207 644 1235 ad
660 1206 773 1241 gloriam
785 1209 813 1233 et
827 1203 997 1239 maiestatem

211 1260 239 1284 et
256 1255 440 1291 aequalitatem
465 1263 527 1282 cum
547 1253 628 1281 Patre
651 1251 857 1288 significandam
884 1249 997 1277 iaciunt.

209 1301 248 1330 De
260 1309 377 1338 quorum
389 1308 503 1330 numero
515 1304 558 1328 est
571 1299 638 1327 illud
652 1298 733 1327 Joan.
749 1306 766 1325 ι
779 1306 787 1325 :
807 1296 863 1332 Ego
880 1301 905 1322 ει
920 1295 1000 1322 Pater

210 1354 292 1372 unum
308 1354 411 1373 sumus.
425 1345 512 1379 Cujus
522 1344 576 1371 loci
591 1343 754 1371 sententiam
769 1341 934 1369 catholicam
951 1339 1000 1367 ad-

211 1398 309 1418 versus
319 1391 412 1417 Arium
428 1390 615 1425 explicaturus
632 1387 795 1419 Alexander,
823 1387 892 1412 hanc
907 1385 1001 1420 ἐπεξῆς

211 1445 293 1473 γησιν
306 1436 458 1471 subiungit.
474 1434 553 1468 Quod
568 1433 677 1469 quidem
704 1431 838 1460 Dominus
854 1431 932 1461 dicit,
947 1438 1000 1457 non

212 1481 321 1510 Patrem
337 1481 458 1516 seipsum
473 1479 656 1516 proumtians
677 1488 683 1505 :
695 1477 763 1504 Οὐδὲ
776 1477 825 1510 τὰς
839 1478 872 1513 τῇ
883 1476 1002 1504 ὑποστά-

214 1528 316 1555 σειδύο
339 1527 433 1563 φύσεις
449 1526 514 1562 μίαν
530 1523 599 1552 εἶναι
625 1524 791 1560 σαφηνεζων.
821 1522 879 1551 Hoc
906 1527 959 1555 est.
972 1527 1002 1550 ut

213 1572 350 1607 interpres
363 1571 397 1599 ad
408 1571 522 1599 verbum
538 1569 626 1597 reddit
641 1579 648 1596 :
664 1567 755 1602 Neque
775 1568 843 1594 duas
859 1567 1001 1594 secundum
1014 1578 1037 1608 ε

214 1617 379 1652 mostaim
391 1621 505 1643 natura:
520 1622 601 1642 unum
621 1622 676 1642 esse
689 1613 829 1640 declarans
845 1620 854 1639 :
867 1612 914 1640 sed
928 1612 1001 1648 quod

214 1662 313 1695 Filius.
324 1663 423 1698 inquit,
435 1663 556 1699 perfecte
567 1665 707 1698 paternam
722 1659 930 1687 similitudinem
945 1666 1004 1687 ser-

216 1714 273 1738 vat.
299 1709 449 1748 Quasitnm
467 1717 483 1737 a
498 1718 541 1738 me
556 1709 606 1737 fuit
621 1708 683 1743 quis
702 1714 801 1735 sensus
817 1706 924 1733 illorum
942 1712 1004 1732 ver-

214 1758 313 1785 borum
329 1766 338 1784 :
355 1757 423 1784 om
447 1756 496 1788 τὰς
518 1757 551 1791 τῇ
575 1755 722 1782 ὑποστάσει
743 1753 790 1780 δύο
812 1751 908 1787 φύσεις
939 1750 1004 1787 μίαν

215 1800 285 1830 sint
299 1803 465 1839 σαφηνιξων,
482 1811 562 1838 neque
580 1801 647 1828 duas
676 1800 818 1828 secundum
839 1798 1002 1834 hypoatasim

215 1854 342 1877 naturam
362 1857 443 1876 unam
456 1857 512 1876 esse
523 1847 674 1875 declarans.
702 1846 771 1874 Cum
798 1845 871 1873 enim
896 1844 941 1871 hic
957 1851 1005 1871 ne-

217 1902 354 1930 quaquam
366 1895 401 1922 de
411 1893 684 1925 incarnationis.sive
694 1892 848 1928 οἰκονομίας
863 1891 1004 1927 mysterio,

216 1941 245 1966 et
258 1939 428 1975 hypostatica
452 1937 534 1966 Verbi
548 1937 694 1973 carnisque
711 1937 813 1964 unione
832 1942 942 1972 agatur;
957 1935 1005 1964 sed

219 1983 253 2010 ad
269 1984 452 2011 sanctissima:
467 1982 612 2011 Trinitatis
636 1982 810 2018 mysterium,
831 1982 889 2009 sive
900 1981 933 2008 ad
948 1981 1007 2008 θεο-

219 2029 313 2064 λογίαν
330 2029 408 2059 locus
421 2029 564 2065 pertineat.
580 2029 726 2057 manifeste
753 2028 822 2056 duas
835 2023 958 2055 diversas
980 2031 1007 2054 et

220 2073 366 2103 distinctas
384 2074 474 2102 Patris
490 2080 517 2103 et
546 2074 607 2102 Filii
622 2078 737 2102 naturas
751 2081 853 2110 ponere
870 2072 977 2100 videtur
998 2082 1004 2099 :

220 2120 294 2156 quod
309 2119 422 2156 impium
435 2120 493 2148 Arii
512 2120 610 2156 dogma
627 2123 696 2151 erat,
726 2120 770 2147 cui
788 2118 938 2146 refellendo
950 2121 1007 2146 tota

221 2167 278 2195 hac
293 2167 409 2202 epistola
426 2167 553 2202 opposita
570 2169 622 2194 est.
637 2165 707 2199 Quid
724 2165 828 2200 igitur?
854 2172 919 2192 num
939 2163 1007 2190 forte

220 2213 308 2240 ἄλλων
324 2213 416 2249 ἰητρὸς
429 2213 510 2245 αὐτὸς
519 2212 610 2239 ἕλκεσι
627 2211 721 2247 βρύεις
740 2211 786 2239 sed
802 2210 882 2242 absit,
899 2213 928 2237 ut
944 2217 1008 2237 san-

924 175 1064 207 NOTlTIA
1069 196 1078 205 .

603 243 742 272 dixerim?
761 241 830 270 Cum
861 239 987 274 accipere,
1003 242 1026 268 Α
1040 240 1130 271 ptum,
1151 233 1222 260 nihil
1235 235 1326 260 tamen
1348 231 1406 260 hac
1423 229 1530 258 destina
1542 223 1801 274 sententiam_fulcit
1822 231 1829 248 :

1777 161 1832 191 542

1039 270 1103 309 cum
1119 280 1177 315 ipse
1193 278 1302 314 φύσεως
1332 284 1431 304 nomen
1459 276 1562 312 passim
1585 274 1689 302 usitato
1701 270 1832 298 Ecclesia

1040 334 1123 354 sensu
1157 329 1271 360 usurpet
1304 323 1407 357 :idque
1439 321 1579 349 mordicus
1607 322 1703 347 contra
1734 315 1831 343 Arium

1040 376 1165 404 tueatur,
1198 359 1280 398 unam
1306 376 1368 397 esse
1392 368 1571 402 eamdemque
1599 364 1690 392 Patris
1723 369 1756 390 ac
1785 359 1834 387 Εἰς

1042 419 1071 446 lii
1093 422 1218 445 naturam
1229 437 1236 448 .
1252 421 1279 443 et
1292 415 1413 442 Verbum
1428 414 1508 448 φύσει
1525 412 1623 440 Filium
1646 408 1738 436 Patris
1769 413 1834 434 esse

1041 462 1123 490 sicuti
1137 469 1153 489 e
1169 465 1264 488 contra
1281 459 1423 487 contendit
1441 457 1540 485 Filium
1560 464 1614 484 non
1637 462 1699 482 esse
1711 453 1762 487 τῆς
1786 451 1834 478 αὺ-

1041 509 1091 545 τῆς
1127 507 1235 542 φύσεως
1271 508 1329 538 τοῖς
1354 505 1522 541 γενομένοις.
1561 502 1652 536 Quare
1684 500 1831 534 superest.

1043 559 1074 581 ut
1097 553 1180 581 verba
1200 551 1304 583 Greca.
1337 552 1376 578 uti
1395 558 1469 578 nunc
1501 548 1613 584 quidem
1637 547 1719 581 vulgo
1736 545 1834 579 legun-

1043 603 1099 630 tur,
1122 598 1164 626 vel
1195 597 1384 624 haereticorum
1408 594 1523 627 malitia,
1549 593 1592 620 vel
1613 591 1722 619 inscitia
1747 589 1834 616 libra-

1043 645 1148 672 riorum
1164 647 1293 677 corrupta
1319 642 1454 670 dicamus.
1482 638 1563 673 Quod
1588 637 1668 665 facile
1689 634 1833 666 concedet,

1043 689 1170 726 quisquis
1185 693 1305 716 vestrum
1319 694 1374 715 non
1397 687 1515 722 ignorat,
1532 683 1684 714 auditores.
1700 684 1833 716 quantum

1045 734 1209 762 calamitatis
1235 737 1262 760 et
1285 739 1409 760 errorum
1439 735 1555 766 utraque
1570 729 1654 765 pestis
1676 729 1835 755 sanctorum

1045 780 1157 808 Patrum
1172 779 1283 815 scriptis
1299 778 1422 806 intulerit
1439 788 1446 805 :
1463 785 1523 812 quas
1541 783 1636 811 gressu
1652 773 1735 801 nimis
1748 772 1836 800 libero

1047 834 1095 862 per
1109 826 1249 853 Orientem
1262 824 1410 860 aliquando
1431 822 1621 858 grassabatur,
1637 827 1700 848 cum
1714 818 1834 846 disseeta

1048 873 1076 900 in
1090 873 1209 900 haereses
1219 876 1246 900 et
1261 871 1381 907 partium
1394 869 1486 897 studia
1499 867 1632 897 Ecclesia.
1645 866 1726 894 malis
1736 864 1835 899 hujus-

1047 918 1120 946 modi
1132 918 1249 949 artibus,
1273 925 1330 944 sum
1343 916 1461 951 quisque
1474 921 1564 942 causa:
1573 911 1753 948 patrocinium
1765 916 1838 944 qua.-

1045 968 1128 993 reret.
1149 963 1219 990 Huic
1235 967 1326 990 autem
1343 962 1404 990 loco
1419 961 1514 989 vitium
1526 960 1629 987 factum
1641 957 1770 992 antiquus
1793 955 1838 982 bi-

1046 1010 1137 1037 storiae
1146 1009 1341 1037 ecclesiastica
1354 1008 1490 1042 interpres
1503 1004 1673 1040 Epiphanius
1687 1003 1839 1030 Scholasti-
1885 1004 1901 1010 "

1047 1062 1096 1082 cus
1114 1054 1217 1090 liquido
1238 1053 1359 1082 ostendit
1375 1063 1381 1080 :
1399 1059 1480 1088 quem
1503 1051 1597 1078 Graeca
1611 1049 1693 1077 verba
1705 1056 1760 1075 non
1776 1047 1839 1083 qui-

1047 1099 1108 1127 dem
1127 1102 1240 1130 mutata,
1268 1099 1314 1126 sed
1340 1098 1510 1133 transposito
1535 1095 1660 1127 articulo,
1688 1094 1741 1121 hoc
1757 1093 1840 1120 modo

1048 1146 1113 1172 olim
1136 1145 1234 1180 legisse
1257 1147 1369 1180 apparet
1387 1153 1394 1171 :
1412 1143 1479 1170 οὐδὲ
1503 1143 1536 1178 τῇ
1559 1141 1708 1168 ὑποστάσει
1723 1139 1769 1166 δύο
1788 1138 1839 1174 φύ-

1050 1199 1105 1222 σεις
1121 1190 1169 1226 τὴν
1183 1190 1247 1225 μίαν
1269 1187 1337 1216 εἶναι
1349 1189 1514 1224 σαφηνίζων,
1537 1188 1602 1215 dum
1622 1186 1704 1213 vertit
1721 1193 1728 1212 :
1749 1184 1839 1219 Neque

1049 1235 1262 1263 substantialiler
1271 1234 1338 1261 duas
1350 1239 1460 1260 naturas
1480 1240 1539 1268 qua
1556 1237 1596 1259 eu
1606 1239 1671 1263 una,
1687 1229 1838 1257 declarans.

1049 1281 1136 1315 Quem
1151 1288 1244 1309 verum
1260 1285 1288 1309 et
1301 1280 1468 1307 catholicum
1485 1279 1567 1313 hujus
1583 1277 1637 1305 loci
1652 1284 1764 1305 sensum
1778 1282 1841 1303 esse

1051 1328 1129 1355 facile
1143 1327 1301 1363 perspiciet.
1317 1326 1444 1362 quisquis
1471 1325 1523 1353 hoc
1548 1323 1630 1351 modo
1647 1330 1709 1351 rem
1733 1328 1842 1350 mecum

1051 1373 1276 1402 consideraverit.
1291 1372 1438 1399 Catholicae
1451 1370 1580 1398 Ecclesiae
1590 1369 1669 1400 ﬁdes,
1683 1375 1744 1403 qua:
1756 1374 1842 1394 unum

1051 1419 1136 1448 Dcum
1153 1420 1180 1448 in
1191 1419 1336 1450 Triuitale,
1349 1422 1376 1445 et
1390 1417 1553 1444 Trinitatem
1568 1416 1596 1442 in
1612 1415 1717 1443 unitate
1734 1420 1845 1442 venera-

1052 1470 1108 1497 tur.
1126 1467 1198 1493 inter
1210 1465 1352 1502 oppositus
1367 1471 1492 1491 errorum
1511 1462 1650 1498 scopulos.
1668 1465 1693 1489 et
1712 1459 1844 1494 multipli-

1052 1518 1099 1539 ccs
1114 1510 1317 1538 mendaciorum
1329 1509 1470 1544 ambages,
1484 1507 1566 1543 regiae
1581 1506 1739 1536 viainstar.
1754 1504 1844 1532 medio

1055 1557 1117 1587 loco
1130 1556 1243 1587 incedit,
1257 1555 1381 1583 devitans
1395 1554 1459 1582 hinc
1476 1553 1541 1580 inde
1558 1551 1730 1579 imminentia
1756 1550 1844 1578 haere—

1054 1611 1115 1632 sum
1130 1606 1264 1634 monstra,
1289 1609 1349 1636 qua:
1365 1601 1462 1628 insano
1477 1600 1598 1627 clamore
1618 1598 1760 1625 veritatem
1778 1597 1846 1624 alla-

1053 1653 1146 1676 trant:
1164 1652 1193 1676 ut
1207 1655 1294 1683 neque
1309 1654 1442 1683 personas
1456 1653 1519 1673 cum
1539 1644 1660 1673 Sabellio
1675 1642 1841 1674 confundat,

1054 1703 1142 1731 neque
1150 1702 1212 1722 cum
1224 1694 1290 1720 Ario
1304 1692 1486 1720 substantiam
1504 1695 1623 1726 separet.
1639 1689 1716 1717 Hanc
1729 1687 1845 1715 catholi-

1054 1749 1092 1770 cae
1101 1741 1224 1769 veritatis
1238 1746 1401 1776 cynosuram
1411 1738 1598 1765 Alexandrum
1609 1742 1718 1771 quoque
1724 1734 1777 1761 hoc
1784 1734 1846 1761 loco

1055 1791 1179 1816 secutum
1189 1790 1307 1816 constat.
1320 1785 1366 1820 qui
1380 1783 1529 1819 propositis
1543 1781 1647 1810 Christi
1659 1780 1762 1812 verbis,
1774 1779 1845 1807 duos

1055 1833 1120 1860 hinc
1144 1831 1207 1860 inde
1230 1831 1398 1858 adulterinos
1426 1836 1525 1857 sensus
1552 1833 1708 1858 removens,
1732 1825 1845 1853 tertium

1055 1879 1153 1906 deinde
1169 1884 1264 1905 verum
1279 1880 1306 1904 et
1321 1875 1471 1912 genuinum
1489 1873 1641 1909 subiungit.
1655 1872 1723 1907 Ego,
1745 1870 1845 1906 inquit,

1055 1930 1080 1954 et
1091 1925 1171 1952 Pater
1184 1931 1264 1951 unum
1273 1930 1376 1954 sumus,
1388 1929 1441 1948 non
1456 1924 1486 1947 ut
1494 1928 1524 1948 se
1534 1919 1642 1947 Patrem
1657 1925 1718 1946 esse
1727 1917 1847 1944 allirma-

1057 1974 1108 1998 ret.
1125 1976 1179 2004 quo
1195 1973 1372 2003 personarum
1384 1963 1622 1996 confusionem,ct
1634 1960 1743 1988 Sabellii
1752 1959 1847 1986 υἱοπά-

1057 2025 1122 2051 τορα
1139 2015 1219 2042 tollit.
1240 2012 1333 2047 Neque
1347 2016 1376 2039 ut
1391 2009 1610 2040 substantialiter
1633 2007 1703 2034 duas
1722 2009 1846 2035 naturas.

1057 2070 1118 2099 qua:
1130 2065 1172 2089 est
1186 2067 1250 2092 una,
1265 2058 1416 2087 declararet
1437 2065 1445 2084 :
1464 2056 1516 2083 hoc
1531 2059 1585 2088 est,
1601 2061 1656 2081 non
1677 2056 1706 2080 ut
1722 2058 1804 2080 unam
1815 2058 1848 2079 ac

1059 2096 1292 2144 simplicissimam
1305 2104 1397 2131 Patris
1412 2102 1530 2138 Filiique
1540 2105 1666 2128 naturam
1678 2096 1710 2126 in
1725 2099 1795 2126 duas
1806 2097 1848 2124 di-

1058 2155 1162 2183 videret
1178 2164 1184 2181 :
1197 2160 1253 2188 quo
1279 2150 1439 2181 substantia
1461 2147 1662 2185 separationem
1677 2146 1712 2173 ab
1725 2144 1792 2172 Ario
1805 2144 1849 2171 in-

1060 2201 1215 2230 troductam
1230 2202 1360 2227 removet.
1372 2194 1506 2226 Tandem.
1522 2193 1638 2222 sublatis
1653 2190 1789 2219 bincinde
1803 2196 1850 2218 er-

222 2236 384 2287 ctissimdld
402 2236 668 2293 virum‘hujusmodi
684 2236 745 2285 labe
770 2236 915 2292 aspergere
931 2236 1007 2291 qiuis-
1025 2248 1049 2278 υ
1061 2255 1153 2276 rorum
1168 2244 1310 2277 extremis,
1326 2242 1490 2270 catholicam
1505 2240 1566 2293 eius
1579 2238 1632 2266 loci
1648 2241 1767 2265 mentem
1780 2236 1848 2288 sub-

223 2313 305 2340 quam
331 2309 446 2333 conetur
463 2303 548 2333 liiihi
579 2311 645 2331 vero
665 2303 718 2331 loci
732 2303 815 2337 hujus
845 2301 1007 2330 sententiam

224 2352 316 2379 animo
327 2351 448 2379 versanti
477 2350 539 2378 duae
560 2349 742 2378 occurrebant
757 2350 890 2380 rationes,
907 2349 1008 2384 quibus

225 2397 249 2426 ai
265 2406 322 2426 non
332 2397 475 2433 explicari,
498 2397 593 2425 saltem
604 2396 729 2424 excusari
758 2402 839 2430 posse
853 2396 1007 2423 videbatur.

225 2441 359 2471 Videlicet
385 2445 537 2473 auctorem,
553 2445 583 2468 ut
598 2441 764 2468 Arianorum
790 2440 955 2467 sententiam
970 2447 1010 2467 re-

227 2488 311 2520 fellat,
325 2487 448 2523 ipsorum
459 2487 512 2516 sibi
527 2494 609 2515 voces
623 2494 655 2514 ac
683 2486 815 2514 formulas
829 2485 940 2513 mutari.
961 2485 1010 2512 Vel

225 2534 251 2563 ai
260 2541 311 2563 suo
320 2541 414 2565 sensu.
423 2533 536 2569 suisque
543 2533 634 2561 verbis
647 2533 769 2561 locutum
782 2532 909 2563 velimus,
918 2531 1010 2566 φύσιν,

225 2579 284 2607 sive
299 2582 423 2606 naturam
434 2585 484 2613 pro
498 2578 645 2606 ὑποστάσει
667 2579 806 2613 accepisse
822 2587 829 2604 ε
852 2577 926 2613 quod
941 2577 1012 2605 forte

226 2624 478 2660 antiquissimorum
492 2627 635 2652 auctorum
646 2623 777 2659 exemplis
788 2631 843 2651 non
854 2627 939 2650 caret.
957 2621 1011 2650 Sed

226 2671 290 2697 dum
305 2668 430 2704 pressius
446 2669 554 2705 singula
578 2670 713 2706 expendo,
726 2673 853 2698 neutrum
873 2668 940 2696 mihi
957 2668 1010 2696 loci

226 2722 324 2743 sensus
339 2713 482 2742 admittere
496 2714 612 2743 videtur.
626 2715 748 2744 Primum
772 2715 844 2744 enim
869 2714 938 2747 suis,
954 2722 1009 2742 non

227 2759 500 2794 Arianorumverbis,
513 2769 576 2789 eum
587 2762 661 2798 loqui
680 2761 934 2790 manifestissimum
955 2764 1008 2788 est.

227 2803 329 2835 Deinde
359 2807 497 2840 utcunque
516 2807 641 2842 exempla
665 2807 727 2843 quis
745 2806 867 2844 proferat
890 2805 1008 2841 φύσεως,

226 2851 283 2880 sive
303 2853 406 2876 natura!
420 2858 514 2880 vocem
529 2860 579 2888 pro
594 2853 742 2881 ὑποστάσει
766 2852 912 2889 aliquando
931 2859 1010 2880 acce-

278 2927 359 2956 ‘Jar.
380 2937 400 2962 ι,
418 2928 461 2956 i7.

1059 2294 1130 2330 jicit,
1145 2292 1272 2319 videlicet
1287 2288 1385 2316 Filium
1400 2293 1500 2314 natura
1516 2285 1591 2313 Patri
1607 2292 1656 2320 per
1667 2283 1760 2311 omnia
1772 2282 1850 2310 simi-

1061 2327 1124 2371 lem,
1142 2342 1169 2366 et
1183 2336 1343 2364 invariatam
1355 2333 1446 2360 Patris
1471 2333 1617 2368 imaginem
1632 2337 1694 2358 esse
1708 2339 1716 2357 :
1732 2336 1788 2364 quo
1804 2327 1851 2355 ille

1060 2391 1087 2414 et
1114 2392 1196 2413 uuam
1225 2381 1400 2416 eamdemque
1428 2379 1519 2406 Patris
1532 2382 1559 2406 et
1575 2376 1636 2404 Filii
1659 2380 1796 2406 naturam,
1822 2378 1850 2402 et

1061 2433 1208 2461 distinctas
1221 2428 1356 2466 prototypi
1367 2430 1394 2454 et
1409 2425 1537 2461 imaginis
1550 2424 1713 2460 bypostases
1735 2421 1850 2448 contlte-

1062 2485 1117 2507 tur.
1130 2477 1184 2506 Sed
1199 2477 1243 2504 hic
1258 2475 1322 2503 mihi
1337 2481 1431 2501 aurem
1446 2473 1509 2509 quis
1528 2471 1647 2501 vellicet,
1662 2473 1690 2496 et
1713 2467 1777 2504 quid
1801 2466 1851 2495 δύο

1063 2528 1096 2562 τῇ
1114 2524 1262 2552 ὑποστάσει
1290 2521 1386 2556 φύσεις
1413 2519 1465 2547 sibi
1497 2518 1591 2549 velint,
1616 2514 1689 2543 haud
1715 2514 1854 2542 immerito

1062 2560 1177 2609 quaerat.
1188 2577 1251 2598 cum
1265 2567 1338 2603 apud
1363 2571 1478 2596 caeteros
1500 2563 1629 2591 Ecclesiae
1654 2561 1751 2589 Patres
1779 2560 1852 2588 haud

1063 2606 1143 2648 facile
1155 2614 1313 2652 huiusmodi
1327 2611 1457 2649 loquendi
1471 2610 1583 2639 modum
1598 2609 1636 2637 sit
1653 2608 1785 2644 reperire.
1799 2606 1853 2634 Sed

1064 2674 1120 2694 nou
1131 2671 1186 2692 uno
1198 2662 1281 2697 hujus
1293 2659 1414 2695 epistolae
1428 2658 1489 2685 loco
1502 2655 1609 2684 ostendi
1619 2657 1710 2690 potest
1734 2652 1853 2680 ὑποστά-

1065 2719 1132 2742 σεως
1145 2706 1306 2736 vocabulum
1317 2711 1372 2732 non
1382 2706 1437 2730 tam
1451 2700 1622 2729 individuum
1636 2707 1684 2727 seu
1694 2697 1853 2726 distinctum

1065 2754 1252 2793 personalibus
1262 2748 1473 2787 proprietatibus
1490 2747 1656 2782 subjectum,
1669 2745 1711 2772 vel
1723 2751 1854 2779 persona-

1062 2791 1116 2832 lem
1139 2796 1343 2828 subsistet-tiam
1364 2794 1470 2822 auctori
1488 2798 1584 2821 nostro
1594 2791 1759 2827 signiﬁcare,
1771 2796 1853 2825 quam

1063 2847 1173 2878 modum
1186 2841 1363 2875 subsistendi,
1378 2849 1458 2876 quem
1475 2839 1600 2868 Justinus
1613 2837 1727 2872 Martyr,
1755 2835 1857 2871 aliique
