2145 3163
325 162 379 190 583

857 163 887 191 S.
908 163 1119 192 ALEXANDER
1136 163 1414 210 ALEXANDBINUS.

1891 167 1945 197 δη

324 216 412 247 θηεθί
424 217 541 254 theologi
552 218 596 246 τδν
611 218 711 255 τρόπον
721 220 769 255 τῆς
784 220 937 256 ὑπάρξεως,
962 221 1004 248 vel
1030 222 1112 248 etiam
1128 225 1150 253 Α
1163 226 1171 249 1

1098 230 1112 248 n
1128 225 1150 253 Α
1163 226 1268 257 terpres
1285 221 1388 249 recedit
1403 231 1410 250 :
1433 221 1570 258 Tanquam
1592 230 1637 257 per
1659 222 1754 258 ipsum,
1769 221 1837 250 uetat
1850 223 1945 251 imma-

325 263 498 299 simpliciler,
517 264 566 299 τὴν
595 263 712 300 ὓπαρξιν
737 265 886 301 appellant.
912 265 951 293 lta
981 265 1112 294 Joannem

324 309 522 344 evangelistam
545 309 681 337 dicentem
697 320 705 338 :
719 310 752 338 In
770 311 898 346 principio
914 317 970 338 erat
988 311 1112 345 Verbum,

325 359 357 383 et
384 355 473 381 omnia
503 362 550 390 per
576 355 662 389 ipsum
687 356 761 391 facta
785 361 856 389 sunt,
879 357 927 393 τὴν
963 358 1114 395 ἰδιότροπον

326 403 409 429 αὐτοῦ
426 402 585 436 ὑπόστασιν,
596 404 739 438 proprium
759 403 820 439 ejus
844 405 1030 433 subsistentia:
1057 414 1115 435 mo-

326 447 402 480 dum.
415 449 483 482 sive,
496 453 525 475 ut
537 448 705 484 Epiphanius
716 450 807 482 vertit,
821 451 960 485 propriam
974 451 1035 486 ejus
1049 453 1116 480 sub-

327 494 456 521 stantiam
478 494 636 530 designasse
647 495 685 521 ait
705 503 712 521 :
735 494 824 529 ipsum
848 495 954 523 scilicet
982 495 1114 528 Verbum.

326 546 376 575 per
388 540 460 576 quod
474 539 543 567 facta
558 545 622 567 sunt
637 540 740 572 omnia.
752 540 838 568 fuisse
847 544 910 568 ante
916 542 1007 570 omnia
1019 546 1046 569 et
1054 550 1116 571 esse

327 585 386 613 sive
400 585 551 614 subsistere
569 585 707 613 diversum
723 585 789 621 quid
814 593 830 613 a
846 587 954 614 caeteris
966 587 1112 615 omnibus:

327 638 409 666 quam
425 631 471 658 ille
494 630 643 665 signanter,
670 629 821 667 ἰδιότροπον
848 631 999 658 ὑπόστασιν
1025 635 1114 659 vocat.

326 676 432 709 Quibus
456 676 538 711 paulo
566 679 628 710 post
656 675 808 712 subjungit,
832 677 964 704 mundum
982 685 1015 704 ex
1030 677 1115 705 nihilo

326 719 506 756 productum,
532 719 668 756 νεωτέραν
688 719 760 754 ἔχειν
791 720 842 755 τῆς
864 720 1038 752 ὑποστάσεως
1069 721 1116 748 καὶ

325 765 481 803 πρόσφατον
496 766 613 800 γένεσιν,
632 767 804 794 recentiorem
825 767 948 794 habuisse
965 768 1114 802 generatio-

327 820 396 844 nem,
410 813 478 845 sive,
493 810 704 847 ut‘Epipbauius
718 813 752 840 ad
773 813 886 840 verbum
901 811 1001 846 reddit,
1028 813 1115 841 novel-

326 859 381 886 tam
389 857 484 885 habere
496 858 652 886 substantia
666 863 843 894 recentomque
870 858 1043 886 nativitatem.
1063 858 1114 886 Ubi

326 904 395 931 nihil
410 903 484 931 aliud
499 902 676 936 ὑποστάσεως
690 912 757 932 voce
780 904 893 939 intelligi
917 908 1018 939 potest,
1031 912 1113 939 quam

326 950 386 986 ipsa
407 949 524 986 ὕπαρξις
534 955 561 978 et
576 951 746 978 exsistentia.
762 949 838 978 Unde
865 958 947 986 quam
969 950 1050 977 modo
1063 950 1114 986 τῆς

327 996 502 1027 ὑποστάσεως
517 995 635 1029 γένεσιν,
646 995 850 1032 productionem.
870 995 905 1022 ad
933 995 1114 1023 emittendum

327 1041 483 1073 disittmox
497 1040 681 1076 aequipollenti
697 1042 831 1069 vocabulo
843 1041 972 1068 οὐσιωσιν
985 1041 1112 1076 appellat.

327 1085 361 1113 Et
377 1085 471 1121 paucis
489 1086 642 1121 interjectis
671 1086 732 1114 Filii
762 1087 894 1123 unigeniti
921 1087 1114 1123 ἁνεχδιήγητον

327 1131 478 1159 ὑπόστασιν
491 1136 588 1166 vocat;
606 1132 640 1160 de
652 1140 706 1167 qua
722 1132 842 1168 Spiritus
869 1137 982 1162 sanctus
997 1134 1113 1170 prophe—

327 1177 384 1205 tico
396 1178 508 1206 oraculo
531 1178 636 1205 dixerat
653 1188 660 1205 τ
676 1178 732 1216 Τὴν
758 1179 855 1212 γενεὰν
878 1179 959 1206 αὐτοῦ
987 1179 1028 1211 τίς
1055 1179 1114 1215 διη-

326 1222 458 1259 γῆσεταις
487 1223 686 1251 Generationcm
711 1223 768 1258 ejus
794 1225 853 1260 quis
879 1223 1034 1253 enarrabit?
1063 1224 1114 1252 [ibi

327 1269 475 1295 ὑπόστασιν
491 1272 519 1295 et
529 1269 625 1302 γενεάν
643 1270 798 1303 promiscue
810 1276 860 1304 pro
884 1277 939 1296 uno
965 1269 1115 1305 eodemque

328 1314 394 1349 poni
409 1314 472 1349 quis
486 1321 541 1341 non
554 1314 644 1342 videt?
655 1315 720 1348 Qua.i
735 1314 798 1342 licet
808 1315 836 1342 in
850 1315 951 1342 divinis
971 1315 1026 1342 sint
1040 1315 1110 1342 inse-

328 1360 473 1395 parabilia,
489 1359 517 1387 in
532 1361 638 1388 ueteris
655 1365 745 1388 tamen
761 1362 885 1397 γενητοῖς
906 1360 997 1395 γενεά.
1012 1362 1055 1388 via
1080 1361 1115 1388 al

328 1404 478 1432 ὑπόστασιν
491 1413 553 1432 esse
569 1404 686 1433 videtur.
699 1404 801 1433 Verum
812 1411 840 1433 et
857 1405 924 1433 illud
937 1414 971 1433 ex
988 1406 1056 1434 locis
1071 1406 1116 1433 ha-

328 1455 427 1479 ctenus
444 1459 460 1478 a
482 1459 526 1480 me
540 1452 682 1487 productis
710 1459 760 1480 vos
785 1453 958 1488 perspexisse
985 1451 1112 1483 arbitror,

329 1495 512 1532 Epiphanium
523 1501 641 1525 veterem
660 1498 846 1532 interpretem,
868 1497 970 1533 ubique
998 1497 1116 1524 ὑποστά-

332 1550 403 1574 σεως
416 1550 521 1574 vocem,
536 1550 591 1570 non
604 1543 810 1570 subsistentiam
825 1551 859 1570 ex
872 1547 981 1578 recepta
1005 1548 1116 1585 sancto-
1130 1559 1151 1588 α

331 1594 392 1614 rum
407 1587 515 1614 Patrum
531 1591 559 1615 et
577 1587 684 1615 Scholaa
703 1587 912 1621 consuetudine,
930 1587 977 1615 sed
988 1584 1118 1615 substan—

331 1632 396 1658 tiam
410 1639 473 1658 cum
489 1631 597 1667 vulgato
618 1632 768 1660 Bibliorum
790 1633 936 1668 interprete
958 1633 1116 1663 reddidisse.

331 1675 409 1704 Unde
418 1680 445 1704 et
457 1677 509 1704 hoc
520 1677 589 1709 loco,
601 1678 650 1710 τὰς
661 1679 694 1714 τῇ
709 1679 857 1706 ὑποστάσει
867 1678 913 1705 δύο
924 1679 1028 1713 φύσεις,
1041 1678 1118 1706 subs-

330 1722 479 1750 tantiaiter
488 1721 556 1750 duas
566 1728 675 1750 naturas
685 1725 782 1758 vertit;
794 1724 846 1751 hoc
858 1728 900 1753 est
912 1723 1028 1759 quarum
1042 1728 1117 1752 utra-

330 1775 384 1802 que
398 1766 533 1794 diversam
548 1767 729 1796 substantiam
745 1769 803 1797 sive
817 1768 986 1797 subsistendi
1005 1769 1116 1803 modum

330 1811 439 1841 habeat.

367 1857 458 1894 Atque
471 1860 530 1888 hac
545 1860 655 1895 quidem
671 1859 705 1888 ad
714 1859 861 1892 diﬂicilem.
873 1863 900 1888 et
912 1867 975 1888 vere
986 1859 1116 1888 Gordium

331 1903 415 1939 hujus
425 1906 546 1941 epistolae
561 1906 674 1938 nodum,
689 1906 731 1934 vel
746 1906 917 1938 solvendum,
932 1905 975 1933 vel
992 1906 1119 1934 scinden-

331 1949 398 1977 dum
414 1951 503 1979 attuli.
513 1951 578 1984 Quae
589 1959 639 1986 ego
651 1951 805 1979 doctiorum
825 1951 928 1986 judicio
939 1951 1039 1978 lubens
1056 1951 1119 1979 sub-

333 1996 421 2023 rnitto.
434 1995 471 2024 De
484 2004 538 2032 quo
549 1997 610 2024 loco
626 1998 649 2025 si
660 1997 722 2032 quis
736 1997 854 2025 certiora
870 2003 914 2026 me
925 1995 1061 2029 docuerit,
1077 2004 1118 2024 ne

333 2040 380 2068 ille
393 2049 518 2077 magnam
530 2042 582 2070 sibi
596 2043 692 2078 gratia:
705 2041 858 2070 mercedem
870 2041 940 2077 apud
951 2049 994 2070 me
1008 2049 1119 2077 prome—

333 2087 430 2114 ruerit.

369 2132 408 2160 Ex
428 2133 558 2169 praedicto
577 2133 631 2162 divi
649 2133 764 2162 Joannis
785 2134 846 2162 loco
869 2134 1036 2170 probaturus
1056 2133 1118 2161 Ale-

331 2178 436 2207 xander
448 2178 547 2206 Filium
561 2178 608 2207 Dei
626 2186 674 2214 per
686 2179 784 2207 ‘omnia
803 2180 956 2215 exprimere
971 2184 998 2207 et
1015 2178 1118 2207 referre

1164 268 1282 294 sulatum
1294 271 1319 294 et
1331 266 1446 294 animale
1461 267 1593 302 speculum
1607 268 1703 295 diuinis
1727 267 1849 302 imaginis
1864 267 1946 296 Pater

1163 313 1364 348 conspiceretur.
1390 312 1453 341 Haec
1477 313 1649 349 interpretes.
1665 313 1787 348 Quorum
1810 314 1945 342 neminem

1165 359 1286 386 auctoris
1308 362 1427 386 mentem
1442 362 1600 393 penetrasse
1612 359 1793 394 praeﬁdenter,
1819 358 1867 387 sed
1883 366 1947 387 vere

1165 403 1353 432 aﬂirmaverim
1368 413 1374 431 :
1389 411 1450 432 cum
1465 396 1632 439 transposita
1642 404 1784 433 distinctio
1805 405 1947 441 glaucoma

1165 449 1234 484 ipsis
1251 449 1394 477 oﬂuderitf
1406 448 1461 476 Sed
1476 456 1538 476 cum
1552 456 1586 477 ex
1602 449 1655 477 levi
1675 450 1779 478 erroris
1803 450 1949 478 occasione

1165 494 1275 530 elegans
1288 494 1441 522 disserendi
1455 495 1584 523 materies
1600 501 1630 522 se
1642 493 1751 527 oﬂ’erat,
1763 494 1831 522 illud
1845 495 1948 531 princi-

1165 541 1212 574 pio
1224 540 1387 571 monuerim,
1401 538 1629 574 quemadmodum
1643 539 1841 568 nobilissimam
1854 539 1949 568 Corin-

1165 583 1215 611 thii
1231 584 1293 611 reris
1308 585 1461 616 misturam,
1476 591 1510 611 ex
1521 583 1581 610 auri
1596 583 1765 620 aliorumque
1779 584 1951 614 metallorum

1166 630 1359 665 colliquatione
1371 633 1478 657 enatam
1493 633 1599 658 veteres
1614 629 1758 665 prodidere
1775 639 1782 658 :
1797 629 1835 658 ita
1847 638 1881 658 ex
1898 637 1947 657 va-

1166 675 1217 703 riis
1231 675 1385 703 divinorum
1399 674 1570 709 eloquiorum
1586 674 1711 703 conﬂatis
1724 675 1795 702 inter
1804 678 1868 703 seet
1883 682 1948 703 con-

1165 721 1313 749 tessellatis
1329 721 1410 753 locis,
1434 726 1563 757 tanquam
1576 729 1611 749 ex
1625 728 1692 748 auro
1706 720 1822 757 probato
1836 721 1947 757 septies.

1166 767 1379 803 pulcherrimum
1393 767 1469 794 illum
1481 771 1508 795 et
1522 775 1586 795 vere
1596 775 1708 795 aureum
1723 771 1879 796 sanctorum
1896 766 1949 795 Pa-

1165 817 1239 842 trum
1251 812 1379 848 loquendi
1394 812 1582 840 cbaracterem
1598 812 1741 840 exsistere.
1757 811 1844 846 Quem
1857 813 1905 848 qui
1920 813 1952 841 in.

1165 865 1260 885 rerum
1269 865 1409 886 sacrarum
1421 858 1583 885 tractatione
1597 857 1747 893 negligunt,
1764 857 1804 885 illi
1827 858 1950 893 plerum-

1165 911 1218 938 que
1227 903 1453 939 persuasibilibus
1460 903 1586 931 humanae
1592 903 1733 938 sapientiai
1739 904 1829 932 verbis
1837 903 1949 940 turgidi,

1165 948 1325 977 ostensione
1335 952 1426 977 autem
1453 948 1567 984 spiritus
1585 953 1612 976 et
1625 948 1737 976 virtutis
1759 948 1893 979 destituti.
1911 956 1951 978 ass

1164 1002 1275 1024 sonans.
1285 999 1314 1022 ut
1322 994 1443 1029 Apostoli
1452 994 1542 1023 verbis
1549 996 1619 1026 utar,
1625 999 1652 1022 et
1659 994 1811 1029 cymbalum
1817 994 1950 1023 tinniens‘

1163 1041 1292 1069 evadunt.
1310 1040 1376 1068 Mihi
1404 1044 1494 1068 autem
1518 1040 1589 1068 inter
1607 1044 1705 1067 extera
1720 1044 1877 1074 sanctorum
1897 1039 1950 1067 Pa-

1163 1090 1235 1114 trum
1253 1090 1439 1119 monumenta,
1454 1093 1515 1121 qua;
1525 1094 1598 1114 nunc
1613 1085 1647 1113 ad
1662 1093 1771 1114 manum
1800 1090 1864 1114 sunt
1886 1086 1950 1114 Ale-

1163 1132 1261 1160 xandri
1276 1132 1399 1167 epistola:
1409 1131 1621 1168 pulcherrimam
1635 1131 1807 1159 vermiculati
1830 1132 1873 1160 vel
1889 1139 1951 1159 mu-

1164 1179 1216 1206 sivi
1230 1179 1321 1214 operis
1337 1178 1456 1213 speciem
1471 1177 1574 1206 referre
1587 1177 1726 1205 videntur.
1749 1177 1789 1204 lta
1811 1177 1950 1213 perpetuis

1164 1231 1250 1252 sacra:
1270 1223 1418 1260 Scriptura;
1439 1223 1610 1252 emblematis
1628 1223 1805 1251 interstincta;
1817 1223 1948 1252 relucent.

1164 1268 1242 1301 Quod
1256 1277 1311 1304 prae
1326 1269 1443 1301 caeteris,
1469 1268 1511 1296 vel
1539 1275 1612 1296 unus
1629 1268 1674 1296 hic
1697 1268 1774 1296 locus
1797 1268 1951 1296 luculenter

1164 1315 1294 1343 ostendit.
1310 1315 1378 1343 Cum
1400 1316 1472 1343 enim
1489 1314 1636 1351 Sapientia:
1661 1319 1722 1349 cap.
1743 1322 1794 1346 vlt,
1809 1315 1883 1343 inter
1897 1315 1950 1342 alia

1154 1363 1306 1399 innumera
1319 1361 1418 1396 elogia,
1435 1360 1574 1396 Sapientia
1591 1359 1682 1387 divina
1696 1364 1808 1387 vocetur
1825 1359 1951 1395 ἀπαύγα-

1165 1415 1221 1440 σμα
1247 1406 1333 1441 φωτὸς
1362 1406 1459 1439 ἀϊδίου,
1489 1406 1536 1432 καὶ
1554 1405 1684 1440 ἔσοπτρον
1709 1405 1875 1441 ἁκηλίδωτον
1899 1406 1950 1442 τῆς

1164 1452 1210 1479 τοῦ
1238 1451 1304 1479 Θεοῦ
1333 1451 1483 1488 ἐνεργείας.
1514 1451 1562 1478 καὶ
1589 1451 1672 1478 εἰκὼν
1701 1451 1750 1487 τῆς
1783 1451 1950 1488 suam“;

1164 1497 1246 1525 αὐτοῦ
1262 1506 1268 1512 ·
1281 1498 1333 1525 hoc
1351 1501 1404 1531 est,
1428 1497 1528 1524 candor
1551 1494 1618 1523 lucis
1639 1501 1759 1529 (sternte,
1773 1501 1800 1525 et
1815 1498 1950 1532 speculum

1166 1545 1223 1571 sine
1233 1544 1337 1571 macula
1356 1543 1403 1570 Dei
1416 1543 1577 1577 maiestatis.
1587 1547 1612 1570 et
1624 1543 1710 1579 imago
1721 1542 1846 1571 bonitatis
1863 1543 1948 1577 illius,

1168 1590 1230 1624 quis
1240 1598 1293 1617 non
1307 1590 1380 1617 videt
1389 1589 1445 1617 divi
1464 1588 1542 1616 Pauli
1554 1590 1678 1624 exemplo
1690 1590 1780 1616 locum
1797 1589 1870 1617 hunc
1886 1589 1950 1618 inde

1167 1635 1237 1663 vivis
1264 1635 1403 1662 coloribus
1432 1634 1641 1661 adumbratum?
1663 1633 1749 1669 Cujus
1784 1641 1835 1669 ego
1865 1634 1953 1663 ductu.

1167 1684 1194 1708 et
1207 1681 1347 1716 auspiciis,
1357 1680 1412 1707 duo
1422 1680 1466 1707 illa
1474 1680 1590 1715 epitheta
1606 1679 1710 1714 speculi
1724 1678 1891 1715 ἁκηλιδώτου
1901 1681 1951 1708 καὶ

1167 1725 1301 1761 ιμψύχου,
1316 1725 1386 1753 male
1397 1725 1431 1752 ab
1455 1724 1651 1760 interpretibus
1679 1725 1828 1760 conjuncta
1851 1725 1951 1753 distin-

1167 1771 1257 1799 ctione
1269 1771 1430 1806 interposita
1443 1770 1604 1798 diviserim:
1619 1774 1647 1798 et
1672 1770 1808 1806 posterius
1825 1771 1859 1798 ad
1880 1771 1952 1799 divi-

1167 1824 1230 1844 nam
1245 1817 1389 1852 imaginem
1401 1816 1556 1845 retulerim:
1573 1815 1680 1852 Ὠσπερ
1691 1816 1724 1843 δι’
1737 1816 1869 1853 ὲσόπτρω
1882 1818 1952 1853 agn.

1167 1862 1289 1895 λιδὼτου,
1306 1862 1354 1889 καὶ
1370 1862 1492 1898 ἐμψύχου
1514 1861 1589 1893 θείας
1612 1861 1714 1893 εἰκόνος
1730 1861 1812 1888 αὐτοῦ
1833 1861 1952 1898 θεωρου-

1169 1909 1250 1945 μένου
1261 1908 1308 1935 τοῦ
1319 1908 1435 1944 Πατρός·
1452 1908 1585 1941 Quoniam
1601 1915 1648 1943 per
1667 1908 1753 1942 ipsum
1764 1912 1890 1943 tanquam
1904 1916 1952 1943 per

1167 1954 1301 1990 speculum
1316 1954 1372 1981 sine
1381 1953 1497 1986 macula,
1509 1957 1533 1980 et
1548 1961 1636 1982 verum
1649 1954 1702 1980 sive
1713 1953 1861 1980 animatum
1882 1953 1952 1980 diri-

1168 2009 1231 2028 nam
1243 2000 1384 2035 imaginem
1396 1999 1451 2034 ipse
1466 1999 1546 2026 etiam
1561 1998 1644 2026 Pater
1657 1997 1827 2033 conspicitur.
1843 1998 1951 2026 Etenim

1167 2055 1230 2075 cum
1246 2046 1392 2082 Apostolus
1403 2045 1437 2073 ad
1449 2044 1557 2073 Coloss.
1568 2052 1588 2076 ι,
1601 2052 1674 2073 vers.
1686 2044 1730 2076 15,
1751 2043 1849 2071 Filium
1859 2044 1951 2072 εικόνι

1166 2091 1214 2120 τοῦ
1230 2091 1498 2128 ἁοράτου,ἱπιο9ἔηιιιι
1513 2089 1563 2117 Dei
1581 2089 1719 2123 invisibilis
1737 2089 1908 2124 appellasset,
1922 2093 1952 2117 et

1167 2139 1250 2166 Arius
1263 2137 1385 2173 improbe
1395 2137 1428 2164 ad
1443 2135 1637 2164 stabiliendum
1666 2143 1787 2163 errorem
1806 2142 1887 2162 suum
1916 2142 1952 2163 eo

1168 2185 1230 2212 loco
1246 2180 1413 2216 abuteretur,
1427 2180 1544 2217 eleganti
1555 2187 1623 2208 sane
1633 2179 1764 2216 adjuncto
1779 2185 1876 2208 noster
1900 2186 1952 2207 au-

332 2222 421 2252 Patris
436 2229 572 2255 naturam,
587 2224 702 2260 ejusque
717 2224 936 2263 ἀπειράλλακτον,
956 2225 1016 2253 sine
1039 2225 1117 2252 inva-
1131 2225 1155 2254 D
1167 2234 1227 2258 ctor
1252 2229 1385 2265 qumxov;
1406 2228 1465 2256 sive
1484 2227 1632 2254 animatam
1654 2226 1799 2261 imaginem
1824 2223 1950 2252 eumdem

332 2271 429 2299 riatam
444 2272 589 2308 imaginem
613 2273 752 2306 exhibere,
775 2273 862 2308 ipsius
886 2273 986 2301 Christi
1008 2273 1116 2301 Domini

332 2317 424 2345 verbis
438 2325 471 2345 ex
487 2318 581 2346 eodem
596 2319 760 2355 evangelista
774 2320 801 2347 id
811 2318 964 2350 conﬁrmat,
981 2318 1033 2352 Qui
1047 2319 1116 2346 videt

332 2371 384 2395 me,
399 2363 466 2392 uidet
479 2369 503 2392 et
523 2364 640 2397 Patrem,
663 2369 690 2393 et
709 2365 870 2401 subjungit:
889 2365 993 2401 Ὠσπερ
1010 2365 1045 2391 δι’
1068 2365 1115 2391 ἐσ-

331 2407 433 2445 όπτρου
448 2410 614 2446 ἀκηλιδὼτου
631 2411 677 2438 καὶ
688 2411 819 2447 ἐμψύχου,
832 2411 907 2442 θείας
919 2411 1021 2442 εἰκόνος
1030 2410 1112 2438 αὐτοῦ

332 2454 519 2492 θεωρουμένου
543 2456 589 2484 τοῦ
607 2457 722 2493 Πατρός.
741 2456 958 2493 Quandoquidem
971 2456 1053 2485 Pater
1067 2465 1114 2492 per

331 2501 418 2536 ipsum
436 2502 504 2529 uelut
513 2510 559 2537 per
572 2503 704 2538 speculum
723 2505 895 2538 purissimum
920 2503 1038 2539 idemque
1051 2504 1108 2530 ani-

333 2551 444 2582 matum.
474 2547 501 2574 in
523 2556 574 2583 quo
599 2548 647 2576 Dei
671 2550 826 2583 exprimitur
854 2554 880 2577 et
910 2550 992 2577 elucet
1013 2551 1112 2586 imago,

332 2593 471 2627 manifeste
486 2593 602 2620 cernitur
616 2602 625 2622 :
643 2595 680 2622 ita
701 2603 800 2631 magno
823 2596 969 2623 verborum
983 2600 1114 2632 apparatu

331 2639 469 2674 interpres
480 2643 574 2667 noster
585 2640 698 2676 Anglus.
711 2640 760 2669 Vel
775 2645 803 2668 ut
819 2641 985 2677 Epiphanius
1000 2642 1034 2670 ad
1056 2649 1115 2670 ver-

331 2683 398 2712 bum
413 2692 420 2710 :
438 2684 575 2719 Tanquam
584 2692 629 2719 per
638 2694 715 2721 specu
727 2694 770 2713 um
787 2687 842 2714 sine
857 2689 971 2720 macula,
1000 2691 1026 2715 et
1056 2688 1115 2714 ani-

332 2735 443 2763 matum,
458 2738 504 2765 per
525 2730 641 2758 divinans
655 2732 712 2764 eius
731 2730 873 2768 imaginem
896 2733 1116 2769 contemplaretur

333 2773 452 2803 Patrem.
464 2775 487 2802 A
501 2775 600 2811 quibus
627 2784 678 2805 nec
697 2777 872 2809 Camerarius
895 2777 1058 2808 Theodoreti
1073 2778 1116 2806 in-

370 2857 377 2872 ι
395 2854 411 2883 1
428 2851 490 2891 Cor.
511 2854 608 2889 sttt,|.

1168 2277 1296 2314 appellat,
1306 2279 1335 2303 ut
1344 2273 1550 2303 similitudinem
1567 2272 1794 2308 perfectissimam
1806 2271 1878 2299 inter
1895 2270 1950 2298 Pa-

1167 2318 1237 2354 trem
1254 2323 1407 2358 Filiumque
1423 2320 1676 2357 signiﬁcantissimo
1698 2326 1765 2346 voce
1786 2322 1881 2346 contra
1896 2318 1951 2346 hr-

1167 2373 1315 2401 reticorum
1329 2368 1444 2397 olIucias
1470 2369 1591 2398 tueatur,
1624 2368 1652 2393 et
1677 2363 1764 2396 ζῶντα
1788 2363 1875 2398 Λόγον
1895 2363 1951 2391 ἀπὸ

1162 2417 1262 2451 ζῶντος
1284 2413 1390 2449 Πατρδς
1401 2411 1536 2448 prodiisse
1555 2410 1662 2438 doceat.
1673 2408 1745 2437 Cum
1760 2409 1832 2437 enim
1849 2409 1960 2445 duplex_

1163 2464 1200 2492 sit
1224 2462 1314 2496 imago
1330 2463 1360 2487 ut
1375 2457 1601 2487 scholasticorum
1622 2454 1818 2490 antesignanus
1837 2460 1915 2491 parte
1928 2464 1949 2489 ι,

1163 2518 1191 2545 q.
1206 2508 1252 2540 35.
1265 2510 1292 2535 et
1304 2506 1360 2541 jam
1374 2504 1439 2532 olim
1453 2501 1622 2539 Epiphanius
1638 2501 1667 2528 in
1683 2501 1878 2530 Anommorum
1893 2501 1950 2530 hm-

1163 2555 1230 2586 resi,
1245 2560 1305 2588 cap.
1322 2552 1350 2584 3,
1366 2550 1459 2578 decuit
1473 2559 1480 2576 :
1492 2549 1577 2576 altera
1592 2548 1622 2575 in
1645 2555 1675 2575 re
1695 2547 1819 2578 eiusdem
1831 2552 1948 2580 natura,

1166 2604 1195 2627 ut
1212 2600 1302 2634 imago
1314 2596 1397 2632 Regis
1421 2596 1450 2622 in
1469 2593 1554 2627 Filio;
1568 2593 1654 2621 altera
1675 2593 1703 2621 in
1721 2601 1752 2621 re
1769 2593 1885 2622 diverse
1897 2601 1950 2621 na-

1164 2647 1232 2671 tura;
1245 2649 1386 2678 expressa,
1403 2639 1493 2676 qualis
1506 2641 1549 2666 est
1569 2638 1657 2674 imago
1675 2638 1809 2674 principis
1821 2638 1850 2666 in
1864 2646 1949 2666 num-

1164 2696 1220 2720 mo.
1250 2687 1294 2716 vel
1318 2686 1422 2718 tabula,
1446 2687 1493 2712 aut
1521 2687 1620 2711 statua.
1650 2683 1723 2717 Sive,
1744 2688 1774 2713 ut
1802 2682 1949 2721 Epiphanii

1164 2732 1256 2761 verbis
1267 2735 1341 2764 utar,
1361 2730 1458 2762 altera,
1471 2729 1516 2756 διὰ
1531 2728 1581 2764 τῆς
1595 2730 1757 2766 γεννητικῆς
1772 2729 1950 2766 opemm-

1165 2786 1221 2811 τος,
1236 2778 1321 2806 altera
1335 2775 1381 2804 διὰ
1394 2775 1547 2811 χρωμάτων
1557 2775 1731 2812 εἰκαζομένη,
1748 2776 1790 2804 vel
1803 2782 1852 2812 per
1865 2775 1949 2806 aliaat
