2145 3163
185 168 238 195 ωδ

909 170 1062 204 ΝΟΤΙΤΙΑ.

1761 187 1816 216 ειο

184 230 377 261 quamcunque
410 226 553 253 materiam
593 225 729 256 diversam
743 248 752 262 ,
786 232 815 258 et
843 231 976 268 ἁνομοού-
989 245 1031 272 Δί

969 248 976 254 -
989 245 1013 272 Δ
1026 232 1182 281 βιοηηάει·
1199 233 1298 264 Filium
1312 236 1360 265 Dei
1380 239 1502 277 ιμψυχον
1524 241 1600 270 οιιαν
1618 244 1711 271 εικόνι
1723 248 1816 281 appel-

183 277 241 296 σιον
263 277 412 306 expressa,
442 271 526 300 Arius
554 273 670 310 ejusque
694 279 845 304 sectatores
870 276 970 306 Filium

182 313 273 344 Patris
298 316 444 352 imaginem
469 319 616 353 posteriori
644 321 726 349 modo
749 323 918 356 intellexere,
941 329 972 353 ut

181 360 298 390 diversa
313 369 328 389 a
345 361 427 390 Patre
441 368 546 393 naturae
561 373 623 394 eum
636 374 699 395 esse
719 368 886 398 evincerent.
897 370 970 404 Quin

180 407 237 435 tino
259 407 311 437 hoc
333 408 394 444 ipso
419 408 519 438 Filium
548 413 680 441 minorem
712 413 795 442 Patre
823 410 970 446 ostendere

177 456 271 483 conati
287 460 361 488 sunt.
375 457 440 493 quia
452 458 543 488 Patris
558 460 648 497 imago
660 467 783 491 vocatur.
800 462 838 491 Ita
856 464 970 493 Marcel-

179 502 223 530 lus
240 501 313 537 apud
336 501 483 531 Eusebium
498 505 567 534 libro
584 515 604 539 r,
619 514 652 535 ex
673 507 776 536 Asterii
791 514 881 538 mente
894 510 967 539 amp

177 552 245 581 mat,
261 547 387 576 τοσοῦτον
400 550 446 577 τὸν
455 550 522 578 Θεὸν
533 551 581 578 τοῦ
589 553 676 588 Λόγου
685 554 835 591 διαφέρειν,
846 557 908 584 ὅσον
921 558 969 584 καὶ

175 593 319 629 ἄνθρωπος
331 595 382 631 τῆς
402 596 500 624 ἑαυτοῦ
521 598 625 632 εἰκόνος
647 600 786 637 διαφέρειν
803 602 895 630 δοκεῖ·
912 603 966 632 hoc

176 643 219 667 est
238 647 245 665 :
263 639 335 668 Deus
350 641 378 668 in
394 645 497 669 tantum
518 652 536 670 a
562 643 645 672 Verbo
662 654 713 673 suo
730 646 838 681 diJerre
852 648 964 680 videtur,

174 684 202 712 in
218 690 346 720 quantum
358 687 435 715 homo
454 688 488 715 ab
512 689 628 724 imagine
646 699 706 719 sua.
722 692 796 720 Idem
819 693 964 723 Marcellus

174 731 338 776 catholicam
371 733 471 762 Asterii
508 736 690 764 assertionem
723 739 878 774 exagitans,
909 748 964 776 qua

173 774 294 805 Verbum
320 779 482 807 invariatam
515 780 605 809 Patris
633 781 780 818 imaginem
807 774 965 814 afﬁrmave-

172 827 226 854 rat.
244 824 338 852 multis
364 825 560 860 debacchatur,
588 835 649 863 quae
670 832 698 856 et
717 829 790 864 apud
815 829 962 859 Eusebium

170 872 200 896 et
223 868 405 904 Epiphaniam
424 871 537 900 ,haresi
566 879 643 900 nun
667 881 701 902 ex
732 874 834 904 Acacio
858 876 964 905 haben-

1026 277 1074 310 let,
1100 282 1128 307 et
1141 287 1224 315 quam
1238 288 1270 308 ea
1288 289 1339 310 vox
1355 284 1423 312 nihil
1439 286 1541 315 humile
1554 292 1582 316 et
1599 277 1818 324 indignum-Dea

1025 324 1129 353 tribuat
1140 334 1148 360 ;
1165 327 1214 355 sed
1225 335 1371 362 summam,
1387 335 1415 358 et
1425 331 1459 359 ad
1465 333 1555 360 vivum
1566 341 1726 370 expressam
1734 340 1818 365 natu-

1023 371 1225 418 rte—gloriaeque
1231 378 1352 409 paterna
1361 376 1569 407 similitudinem
1583 381 1664 410 nobis
1676 381 1816 418 designet.

1059 415 1124 444 Eam
1137 425 1220 453 porro
1233 427 1330 448 vocem
1345 428 1379 449 ex
1395 422 1485 449 medio
1499 422 1611 458 Gracia:
1624 434 1677 454 usu
1699 415 1815 456 desum-

1021 465 1107 509 ptam,
1129 465 1224 492 nescio
1239 465 1319 501 cujus
1336 467 1437 495 veteris
1451 470 1572 498 auctoris
1587 473 1724 500 sententia
1739 474 1814 509 apud

1022 506 1161 536 Stobaum
1183 514 1311 545 testatur,
1341 513 1387 540 cui
1409 520 1458 541 rex
1487 514 1607 552 ιμψυχος
1631 517 1714 546 εἰκὼν
1742 506 1812 546 ὀιοῦ

1020 553 1134 582 dicitur.
1156 555 1195 583 ita
1215 556 1357 593 Longinus
1376 560 1522 589 notissimo
1543 561 1591 589 illo
1612 563 1701 599 elogio
1716 563 1812 592 Euna-

1019 599 1057 634 pii
1081 599 1276 644 18:61qu
1299 603 1420 640 ιμψυχος
1441 606 1489 632 καὶ
1512 606 1680 642 πιριταιτοῦν
1702 611 1812 644 μουσεῖ-

1018 643 1118 689 ονη-Ει
1142 643 1295 689 rlarcellus
1328 647 1439 677 Arcadii
1470 649 1646 686 imperatoris
1667 643 1809 689 magister,

1020 685 1113 715 Suidat
1142 688 1344 726 lexicograpbo,
1375 693 1467 723 minus
1477 685 1548 724 forte
1573 701 1652 730 noto,
1675 685 1728 726 sed
1752 685 1809 728 non

1017 733 1110 780 minus
1123 734 1240 770 eleganti
1251 738 1378 766 encomio
1391 747 1399 766 :
1410 738 1516 776 Κόσμος
1527 741 1629 778 ἀρετῆς
1643 743 1764 780 ἁπάσης,
1777 745 1808 780 ἢ.

1017 777 1048 804 τό
1056 786 1088 813 γε
1098 779 1319 817 ἀρμονικώτιρον
1332 783 1429 818 εἰπεῖν,
1440 785 1524 822 ἀρετή
1539 795 1581 818 τις
1597 777 1808 823 ἔμψυχος-ὀνξ-

1016 824 1058 851 nis
1072 824 1178 853 virtutis
1195 833 1391 862 ornamentum,
1407 831 1447 857 ul
1465 831 1553 865 potius
1572 826 1631 860 sivo
1646 838 1671 860 et
1685 834 1807 863 aniinata

1014 869 1136 904 quadam
1157 872 1250 900 virtus.
1276 874 1388 904 Grzcas
1411 876 1495 905 hasce
1516 879 1652 907 sermonis
1677 879 1806 911 lauticias

170 917 227 942 tur.
248 915 302 943 Sed
324 915 434 945 fanatici
463 917 581 946 hominis
607 919 704 948 deliria
732 921 872 957 castigans
891 923 963 950 Aca-
977 920 1017 956 nl

957 938 963 944 .
977 926 1000 956 Β
1014 915 1132 945 feliciter
1151 925 1349 954 expresserunt
1372 921 1474 950 Latini.
1496 922 1569 957 Quid
1584 925 1658 952 enim
1672 926 1804 960 spirantia

169 960 232 989 eius
252 971 259 988 :
282 971 292 988 ι
315 961 373 996 Τυ,
395 964 501 999 inquit,
519 964 566 993 Dei
596 966 744 1002 imaginem
770 967 858 1004 ἀζωῐᾳ
884 977 959 1006 περιρ

167 1006 289 1044 γράψας,
309 1008 378 1042 sive,
405 1009 458 1037 vita
476 1010 534 1043 ipsa
554 1011 673 1046 privam.
692 1020 780 1048 neque
803 1012 957 1048 Dominum,

169 1060 260 1088 neque
289 1052 375 1082 Deum
395 1063 457 1084 esse
478 1058 623 1092 concedis;
640 1058 689 1086 sed
709 1058 876 1086 immobilem
890 1059 959 1088 dun-

167 1103 245 1127 taxat
259 1099 417 1136 imaginem.
437 1103 519 1130 οἱονεὶ
532 1103 634 1140 ἄψυχον
649 1103 697 1132 καὶ
709 1103 806 1137 ᾱζωον,
822 1107 852 1132 ut
865 1104 958 1132 anima

167 1146 279 1181 vitaque
294 1146 452 1176 destitutam
473 1159 480 1177 :
496 1150 614 1178 viventis
636 1154 728 1178 autem
744 1151 880 1178 viventem
907 1150 956 1179 Dei

167 1191 314 1227 imaginem
341 1201 403 1222 esse
430 1203 522 1231 negas.
547 1195 621 1224 Idem
649 1204 760 1232 quoque
785 1196 956 1233 Epiphanius

167 1237 233 1265 harr.
250 1246 345 1272 L-xxvr,
374 1245 469 1268 contra
493 1242 602 1269 Aetium
632 1241 829 1270 Anommorum
853 1244 957 1279 princi-

164 1291 239 1320 pem,
251 1283 350 1312 Filium
377 1293 411 1314 ex
434 1285 515 1315 Patre
536 1292 631 1315 natum
648 1284 799 1321 contendit,
817 1292 847 1316 ut
868 1288 954 1317 Deum

164 1331 200 1358 de
215 1329 281 1362 Deo.
298 1331 389 1360 lumen
411 1333 446 1360 de
465 1332 577 1370 lumine,
599 1334 732 1369 aqualem
755 1341 803 1369 per
821 1335 913 1362 omnia
927 1340 955 1362 et

164 1378 426 1406 consubstantialem
432 1377 507 1405 Patri
515 1387 523 1413 ;
535 1378 626 1413 cujus.
638 1379 738 1415 inquit,
749 1380 840 1414 imago
853 1384 896 1408 est
903 1381 954 1407 οὐκ

163 1422 278 1457 ἄψυχος,
304 1423 373 1450 ἀλλὰ
393 1423 499 1460 Harpe;
523 1423 765 1461 χαρακτηρίζουσα
791 1425 884 1459 γένος’
901 1433 953 1452 non

162 1476 255 1503 expers
266 1470 373 1502 anima,
390 1469 435 1497 sed
459 1474 599 1505 paternum
615 1478 696 1506 genus
718 1471 876 1505 exprimens.
889 1470 953 1499 Haec

163 1514 343 1551 Epiphanius.
370 1515 464 1552 Neque
489 1516 617 1545 dissentit
641 1516 788 1551 Eusebius,
817 1518 864 1553 qui
887 1525 951 1546 cum

164 1564 234 1591 libro
256 1571 276 1591 ιι
302 1563 450 1599 Theologic
479 1564 572 1591 eesles.
597 1564 673 1591 varia
699 1564 858 1599 protulisset
879 1564 949 1597 loca,

1010 963 1097 998 signa,
1111 968 1139 992 et
1154 966 1286 1000 spirantia
1301 967 1408 995 mollius
1422 977 1490 1002 cra,
1511 973 1539 997 et
1555 970 1652 999 uivi'de'
1671 981 1804 1002 morm

1009 1009 1096 1037 nullus
1124 1009 1269 1040 Maronis?
1296 1012 1368 1046 Quid
1395 1013 1543 1051 Propertii,
1574 1017 1660 1044 uirida
1691 1024 1717 1046 et
1742 1022 1803 1048 ani-

1009 1063 1083 1082 mosa
1106 1056 1208 1092 signa!
1238 1056 1308 1091 Quid
1337 1059 1476 1089 Ammiani
1501 1062 1634 1096 spirantia
1664 1065 1802 1100 signorum

1008 1101 1144 1136 ﬁgmenta,
1165 1103 1218 1131 nisi
1246 1103 1374 1140 ἔμψυχαῖ
1399 1104 1452 1133 Sed
1478 1111 1588 1142 portum
1608 1109 1643 1138 de
1674 1111 1800 1146 proximo

1007 1148 1156 1184 prospicio,
1168 1157 1249 1185 quem
1268 1150 1378 1185 subibo,
1395 1151 1419 1179 si
1434 1159 1466 1180 ex
1481 1154 1566 1182 variis
1580 1162 1642 1190 qua:
1653 1156 1705 1185 sub
1716 1156 1801 1186 ﬁnem

1007 1194 1089 1229 hujus
1102 1195 1226 1230 epistolae
1245 1196 1381 1232 interpres
1396 1203 1501 1233 peccat,
1517 1208 1601 1228 unum
1619 1202 1709 1230 adhuc
1720 1203 1800 1231 addi-

1006 1239 1082 1268 dero.
1091 1240 1255 1275 Alexander,
1265 1246 1295 1269 ut
1311 1242 1502 1271 hereticorum
1517 1246 1703 1276 curiositatem
1720 1249 1799 1277 l'reno

1005 1285 1105 1320 injecto
1124 1291 1292 1322 compescat,
1311 1287 1461 1316 ὑπόστασιν
1473 1288 1545 1328 Filii,
1569 1291 1628 1319 sive
1647 1293 1798 1322 exsistendi

1004 1333 1126 1366 modum,
1142 1336 1173 1360 ut
1186 1333 1255 1366 dixi,
1268 1334 1343 1371 πάσῃ
1359 1335 1393 1370 τῇ
1411 1331 1512 1371 γινὴτῇ
1530 1336 1612 1371 φύσει
1625 1338 1799 1374 impervesti-

1004 1377 1121 1412 gabiletn
1135 1379 1249 1412 asserit;
1267 1387 1355 1414 neque
1364 1381 1415 1412 τὴν
1425 1380 1480 1407 τῶν
1492 1381 1610 1416 λογικῶν
1628 1383 1710 1418 φύσιν
1721 1392 1799 1414 como

1004 1423 1174 1458 prehendere
1193 1432 1276 1460 posse
1303 1426 1443 1461 quomodo
1458 1426 1541 1455 Pater
1560 1429 1654 1464 genuit
1665 1428 1796 1460 Verbum.

1003 1469 1034 1497 In
1064 1474 1181 1506 utroque
1209 1471 1394 1500 hallucinatur
1418 1480 1507 1502 novus
1529 1479 1624 1503 noster
1647 1475 1794 1513 interpres.

1002 1515 1124 1544 Primum
1148 1517 1258 1552 quidem
1272 1517 1346 1554 quod
1375 1518 1426 1555 τὴν
1441 1519 1558 1556 γενητὴν
1577 1521 1668 1555 φύσιν,
1690 1521 1725 1551 de
1739 1531 1795 1559 qua

1003 1563 1131 1598 superius
1139 1563 1192 1599 egi,
1202 1568 1326 1591 naturam
1334 1564 1472 1592 mortalem
1483 1565 1610 1594 reddidit.
1618 1567 1713 1604 Neque
1722 1571 1794 1597 enim

161 1618 224 1646 quae
237 1610 328 1638 Patris
341 1611 511 1638 divinitatem
534 1611 704 1646 gloriamque
723 1610 884 1646 praedicant,
901 1611 950 1638 ad-
964 1607 986 1636 C
1003 1612 1058 1635 tam
1075 1609 1202 1644 angustis
1226 1609 1359 1639 limitibus
1380 1616 1472 1639 creata
1497 1616 1596 1641 natura
1617 1614 1794 1643 circumscri—

162 1657 204 1684 dit
218 1656 328 1690 deinde,
341 1657 438 1684 herum
452 1656 575 1684 omnium
596 1656 766 1691 unigenitum
787 1655 834 1683 Dei
849 1656 950 1684 Filium

163 1701 310 1737 imaginem
338 1701 512 1734 cogitandum
536 1708 621 1729 esse:
638 1701 695 1736 υὺχ
718 1701 756 1732 ὡς
767 1701 864 1737 ἀψύχῳ
888 1701 950 1738 ὕλῃ,

161 1744 219 1772 ἀλλ’
233 1744 271 1777 ὥς
286 1745 315 1772 ιν
330 1744 388 1781 Υιῷ
402 1744 483 1778 ζῶντι
502 1745 733 1781 μεμορφωμένην.
748 1744 810 1772 Non
823 1751 950 1781 tanquam

162 1792 191 1819 in
206 1792 319 1819 materia
332 1792 455 1823 inanimi.
471 1792 517 1819 sed
532 1796 562 1819 ut
582 1793 609 1819 in
629 1791 704 1819 Filio
718 1792 816 1820 sinente
841 1799 949 1827 expres-

160 1846 230 1866 sam.
252 1837 357 1872 Quibus
375 1838 467 1866 verbis
480 1838 589 1874 egregie
598 1838 699 1873 duplex
708 1838 753 1865 illa
761 1838 890 1873 imaginis
905 1845 950 1865 ra-

162 1884 202 1911 tio
213 1891 246 1912 ex
258 1883 413 1920 Epiphanio
426 1888 454 1912 et
468 1883 612 1911 D.Tboma
627 1891 643 1911 a
658 1884 738 1912 nobis
747 1885 888 1920 proposita
901 1892 950 1912 ex-

160 1931 280 1966 plicatur
293 1938 300 1956 :
311 1937 427 1966 quarum
440 1930 525 1958 altera
540 1930 653 1965 ἄψυχος.
668 1938 703 1958 ex
724 1931 817 1958 Aeacii
829 1934 856 1958 et
868 1930 950 1959 Euse-

160 1976 200 2003 bii
210 1976 312 2009 verbis,
326 1976 411 2004 altera
427 1975 503 2008 ζῶσα
518 1976 565 2003 καὶ
579 1976 710 2011 ἔμψυχος,
735 1984 770 2004 ex
796 1980 922 2004 correcto
933 1984 949 2004 a

160 2023 242 2051 nobis
266 2022 415 2050 Alexandri
440 2023 501 2051 loco
527 2023 619 2051 vocari
642 2022 753 2058 poterit.
771 2022 843 2056 Quin
865 2023 948 2051 etiam

159 2077 194 2097 ex
219 2070 279 2104 ipso
293 2068 412 2097 Eusebio
426 2069 497 2097 libro
512 2077 520 2097 ι
538 2074 634 2096 contra
659 2069 816 2097 Marcellum
828 2069 947 2105 Ancyra-

157 2123 234 2147 num,
250 2114 296 2142 ubi
309 2115 530 2143 commemoratis
538 2115 599 2149 ejus
608 2114 724 2147 deliriis,
737 2122 854 2150 quorum
867 2115 949 2142 modo

159 2160 345 2192 meminimus,
359 2160 497 2188 hominem
513 2160 591 2188 valde
605 2161 733 2188 caecutire
748 2161 798 2192 ait,
813 2168 864 2188 nec
879 2168 948 2188 con-

157 2207 281 2235 stderare
295 2217 302 2234 :
317 2207 355 2238 ὡς
364 2208 412 2234 καὶ
421 2208 436 2234 ό
451 2207 515 2239 Υιὺς
528 2206 639 2234 δύναται
648 2206 768 2242 ἔμψυχός
786 2215 851 2233 ποτε
866 2207 948 2235 εἰκὼν

159 2253 228 2280 ιδιου
241 2253 347 2289 Harpe;
358 2252 484 2289 λεχθῆναι
503 2263 509 2280 :
527 2252 610 2280 Posse
632 2254 714 2279 etiam
734 2252 836 2280 Filium
862 2254 946 2281 vinem

158 2296 249 2324 Patris
257 2298 399 2333 imaginem
413 2297 476 2332 dici,
484 2306 543 2324 cum
555 2298 589 2325 sit
604 2296 682 2325 Patri
692 2305 770 2332 quam
780 2297 944 2326 simillimus.

159 2343 246 2376 Quam
265 2344 310 2372 ille
325 2344 487 2372 sententiam
510 2344 596 2371 multo
610 2344 751 2379 copioslus
766 2344 885 2380 explicat
897 2345 944 2372 lib.

159 2391 286 2424 vaang.
309 2391 468 2423 demonstr.,
483 2389 572 2424 capite
591 2389 619 2421 ι,
631 2389 677 2416 ubi
697 2388 787 2423 docet,
802 2389 882 2417 sicuti
901 2397 946 2418 re-

158 2435 200 2470 gis
216 2434 361 2469 imaginem
378 2440 490 2471 propter
509 2436 598 2470 ipsum
610 2443 701 2471 regem
719 2443 892 2468 veneramur,
907 2435 946 2462 ita

159 2480 242 2509 etiam
257 2479 357 2508 Filium
376 2482 547 2517 unigenitum
568 2481 675 2509 unicam
696 2481 743 2510 Dei
765 2481 855 2510 Patris
874 2482 945 2509 invi-

158 2527 247 2556 sibilis
271 2527 426 2562 imaginem,
446 2527 560 2555 Deitatis
583 2528 686 2555 honore
711 2527 941 2563 prosequendum,

158 2564 263 2610 utpote,
275 2574 322 2609 qui
347 2577 446 2600 natura
464 2573 536 2602 Deus
552 2577 595 2602 est
614 2574 649 2602 de
667 2573 734 2606 Deo,
750 2574 798 2601 καὶ
822 2573 857 2600 δι’
880 2573 942 2600 ὅλου

159 2620 238 2653 σώζει
250 2619 299 2646 τοῦ
316 2619 396 2655 μόνου
414 2619 482 2647 Θεοῦ
495 2619 544 2656 τὴν
552 2619 669 2655 ἔμψυχον
684 2619 732 2646 καὶ
744 2619 833 2651 ζῶσαν
847 2618 942 2655 νοερὰν

157 2666 259 2699 εἰκόνα,
281 2665 351 2693 κατὰ
372 2660 461 2692 trivia
475 2665 515 2701 τῷ
534 2666 622 2702 Harp!
637 2665 886 2702 παρωμοιωμένηψ
908 2663 941 2692 Et

144 2721 202 2752 ;per
212 2712 306 2740 omnia
322 2711 370 2739 Dei
381 2711 472 2739 Patris
494 2713 640 2740 animatum
653 2717 679 2740 et
697 2713 792 2744 eiram,
807 2716 831 2739 et
843 2711 942 2738 intelli-

157 2764 257 2795 gentem
274 2758 424 2793 imaginem,
444 2757 571 2793 Patrique
595 2760 623 2786 in
639 2756 759 2786 omnibus
775 2756 941 2785 simillimam

156 2795 303 2834 σοιιιεηαέ.
317 2804 433 2839 Videtis,
451 2805 479 2833 ni
495 2805 584 2839 fallor,
599 2804 750 2835 auditores.
768 2810 851 2839 quam
870 2802 941 2831 bene

1003 1655 1102 1689 benda,
1115 1663 1176 1683 cum
1190 1660 1218 1684 et
1230 1657 1319 1692 angeli
1340 1657 1397 1685 sint
1415 1659 1524 1694 γινητοὶ
1538 1661 1595 1687 sive
1611 1661 1707 1694 creati,
1722 1669 1793 1697 quos

1001 1701 1093 1727 tamen
1124 1701 1254 1729 mortales
1279 1708 1343 1729 cum
1373 1702 1479 1731 saniori
1502 1703 1691 1739 theologorum
1709 1711 1793 1741 parte

1001 1744 1214 1780 haudquaquam
1233 1746 1439 1780 appelluverirn.
1464 1745 1558 1782 Neque
1580 1749 1678 1777 melius
1701 1750 1730 1778 in
1747 1758 1792 1779 se—

1000 1790 1091 1818 cundo
1118 1791 1239 1818 membro
1254 1792 1271 1827 ἠ
1285 1791 1339 1818 τῶν
1360 1791 1478 1826 λογικῶν
1499 1793 1592 1828 φύσις.
1615 1798 1713 1823 natura
1737 1796 1792 1825 hu-

1000 1844 1080 1864 mana
1094 1836 1264 1872 rationisque
1280 1838 1416 1874 particeps
1427 1839 1591 1874 explicatur.
1607 1839 1666 1868 Nisi
1681 1842 1744 1877 quis
1758 1842 1790 1870 ιν
1830 1845 1834 1848 ”

998 1882 1043 1909 διὰ
1057 1882 1130 1909 δυοῖν
1154 1882 1329 1918 interpretem
1353 1883 1491 1912 addidisse
1505 1885 1658 1914 existimet..
1666 1885 1740 1915 Sane
1753 1887 1789 1915 ad

999 1932 1126 1956 naturam
1150 1927 1205 1955 τῶν
1229 1928 1346 1963 λογικῶν
1380 1930 1464 1958 etiam
1486 1931 1609 1966 angelos,
1631 1935 1659 1959 et
1676 1933 1789 1968 quidem

1000 1974 1138 2010 praecipuo
1151 1974 1214 2009 jure
1229 1975 1366 2010 pertinere
1395 1975 1458 2011 quis
1481 1976 1607 2005 dubitet?
1624 1978 1730 2011 Quibus
1745 1985 1788 2008 ta-

999 2027 1062 2047 men
1080 2027 1157 2055 mque
1183 2027 1216 2048 ac
1235 2020 1400 2054 hominibus,
1422 2021 1521 2050 divinat
1538 2023 1723 2058 generationis
1743 2033 1788 2053 ar-

999 2072 1098 2093 canum
1125 2065 1248 2101 ignotum
1261 2069 1289 2093 et
1314 2065 1452 2094 ineﬂabile
1472 2074 1544 2100 esse.
1568 2072 1685 2096 testatur
1703 2070 1786 2098 etiam

999 2112 1058 2146 ipse
1089 2110 1242 2139 Alexander
1273 2112 1410 2147 superius.
1441 2111 1574 2148 Unigeniti
1603 2113 1786 2148 subsistentia,

999 2157 1098 2192 inquit,
1113 2165 1165 2184 non
1180 2158 1266 2184 solum
1277 2158 1497 2193 nangsliuarum
1510 2159 1659 2193 solertiam,
1670 2159 1716 2187 sed
1730 2160 1787 2195 for-

999 2203 1079 2230 tassis
1107 2203 1188 2230 etiam
1215 2204 1369 2239 angelorum
1396 2204 1555 2232 intellectum
1581 2210 1698 2240 superat.
1730 2206 1785 2234 Sed

998 2248 1071 2283 quod
1087 2253 1180 2276 noster
1195 2249 1222 2276 in
1235 2249 1318 2277 dubio
1336 2249 1491 2285 relinquere
1507 2250 1626 2283 videtur,
1649 2251 1677 2278 id
1690 2252 1782 2280 ceteri

999 2293 1094 2323 Patres
1117 2295 1240 2323 disertim
1259 2300 1286 2323 et
1304 2300 1464 2324 constanter
1485 2295 1632 2324 afﬁrmant.
1651 2296 1684 2323 Et
1710 2306 1784 2326 nunc

997 2341 1108 2376 quidem
1126 2349 1159 2369 ex
1177 2341 1279 2370 Graecis
1299 2349 1370 2369 unus
1384 2342 1450 2369 mihi
1472 2341 1606 2370 Eusebius
1625 2343 1784 2372 testimonio

997 2388 1117 2415 dicundo
1138 2387 1221 2415 adsit.
1240 2387 1266 2415 Is
1283 2386 1353 2414 lib.t
1375 2387 1464 2415 Theol.
1481 2389 1557 2422 εδει,
1577 2396 1637 2424 cap.
1654 2389 1698 2422 i2,
1714 2388 1783 2417 Uni-

996 2434 1081 2469 geniti
1101 2434 1304 2470 generationem
1318 2441 1373 2461 non
1391 2434 1472 2462 nobis
1497 2435 1585 2463 solum
1611 2434 1783 2470 impervesti-

995 2480 1114 2516 gabiiem
1134 2480 1263 2513 afﬁrmat,
1278 2480 1346 2508 ἀλλὰ
1362 2481 1409 2508 καὶ
1429 2481 1530 2514 πάσαις
1549 2483 1608 2514 ταῖς
1630 2481 1782 2516 κρείττοσιν

996 2527 1013 2562 ἢ
1027 2526 1087 2554 καθ’
1098 2527 1171 2563 ἡμᾶς
1179 2527 1320 2563 δυνάμεσι,
1333 2528 1379 2555 sed
1389 2528 1469 2555 etiam
1487 2528 1588 2555 cunctis
1601 2528 1781 2562 superioribus

996 2573 1146 2600 uirtutibus.
1162 2573 1281 2600 Accedat
1294 2581 1326 2601 ex
1343 2573 1447 2601 Latinis
1462 2573 1635 2607 Ambrosius,
1647 2574 1696 2602 lib.
1714 2582 1721 2602 l
1742 2573 1783 2602 De

995 2618 1058 2653 ﬁde,
1074 2626 1135 2654 cap.
1147 2619 1165 2646 5
1178 2628 1185 2646 :
1202 2617 1270 2646 lilii
1292 2619 1453 2654 impossibile
1469 2623 1507 2646 est
1528 2620 1702 2654 generationis
1713 2619 1782 2647 scire

994 2669 1133 2692 secretum.
1152 2664 1228 2692 Mens
1243 2665 1343 2700 deﬁcit,
1365 2672 1414 2692 vos:
1430 2664 1500 2692 silet.
1513 2672 1566 2692 non
1589 2673 1648 2692 mea
1665 2670 1779 2699 tantum,

994 2710 1040 2738 sed
1053 2714 1078 2737 et
1087 2706 1250 2746 angelorum.

1029 2755 1081 2789 Qui
1101 2756 1178 2784 locus
1196 2759 1224 2784 et
1245 2764 1290 2784 me
1309 2759 1462 2791 opportune
1477 2756 1578 2784 silentii
1593 2755 1730 2787 admonet,
1749 2759 1779 2782 ut

994 2801 1111 2830 decurso
1124 2801 1326 2831 dissertationis
1338 2802 1427 2831 stadio
1444 2801 1568 2838 lampada
1583 2801 1644 2830 aliis
1659 2800 1776 2828 tradam.
