2145 3163
908 163 1100 192 EPISTOLE.

1773 164 1826 192 570

244 222 313 251 XIII.
332 222 424 250 Ταῦτα
435 223 469 249 ιιι
479 220 580 257 μέρους
593 220 745 258 ἐνεχάραξαν
753 223 788 258 τῇ
801 222 941 258 ἐπιστολῇ,
957 223 988 250 τὸ
1001 227 1027 256 Α
1073 222 1091 249 Χ

974 223 988 250 δ
1001 227 1027 256 Δ
1073 221 1141 250 XIII.
1160 221 1223 251 llaec
1239 230 1273 250 ex
1293 226 1370 258 parte
1392 223 1538 258 perscripsi
1554 222 1582 250 in
1610 222 1663 250 hac
1690 222 1821 258 epistola,

209 270 270 297 καθ’
292 269 406 296 tum
425 268 468 295 ht’
483 267 631 304 ἀκριϐείας
652 268 779 304 γράφειν,
796 269 934 305 φορτικὸν.
952 269 991 302 ὡς

210 316 288 351 ἔφην,
310 314 379 342 εἶναι
401 313 524 349 νομίσας,
546 312 591 341 διὰ
612 313 644 340 τὺ
666 313 733 350 μηδὲ
754 313 803 350 τὴν
822 314 898 350 ίερὰν
913 314 991 351 ὑμῶν

208 359 296 387 ταῦτα
309 357 447 394 λεληθέναι
462 356 591 394 σπουδήν.
605 357 698 386 Ταῦτα
715 357 885 393 διδάσκομεν,
905 358 991 385 ταῦτα

208 406 388 442 κηρύττομεν.
407 403 500 430 Ταῦτα
520 403 570 439 τῆς
593 403 755 440 Ἐκκλησίας
773 403 809 430 τὰ
826 404 992 431 ama-what).

207 451 340 487 δόγματα,
353 450 423 486 ὑπὲρ
433 446 471 476 ὢν
480 450 527 483 καὶ
536 448 755 485 ἀποθνήσκομεν,
765 449 819 476 τῶν
829 449 990 485 ἐξόμνυσθαι

205 496 276 523 αὐτὰ
295 494 462 531 βιαζομένων
483 491 566 532 ἦττον
589 495 808 531 πεφροντικότες,
831 496 856 522 εἰ
877 495 924 522 καὶ
946 496 991 523 διὰ

207 541 332 577 βασάνων
345 540 538 575 ἀναγκάζωσι,
551 540 600 577 τὴν
616 541 645 568 ἐν
659 540 751 572 αὐτοῖς
763 540 858 568 ἐλπίδα
875 540 912 578 μὴ
924 541 991 569 ἀπο-

206 587 392 624 στρεφόμενοι.
423 585 473 614 ⁷Ων
499 587 615 615 ιναντιοι
639 587 779 623 γενόμενοι
801 589 824 615 οί
852 588 924 623 ἀμφὶ
943 588 990 616 τὸν

207 634 317 670 Ἄρειον
329 634 376 660 καὶ
395 633 518 669 Ἀχιλλᾶν
534 634 582 661 καὶ
593 634 618 661 οι
633 634 684 669 τῆς
696 634 826 671 ἀληθείας
839 636 888 661 σῦν
897 634 990 666 αὐτοῖς

203 679 339 715 πολέμιοι,
363 678 545 715 άπεώσθησαν
571 679 622 716 τῆς
654 680 826 715 Ἐκχλησίας,
855 680 989 716 ἀλλότριοι

203 725 343 762 γενόμενοι
361 725 412 761 τῆς
427 725 555 758 εὐσεϐοῦς
567 726 646 762 ήμῶν
661 726 843 758 διδασκαλίας,
861 725 933 753 κατὰ
944 726 989 752 τὸν

203 771 339 808 μακάριον
353 771 458 798 Παῦλον
472 771 595 806 λέγοντα·
608 771 647 798 El
658 780 704 805 τις
714 770 793 806 ὑμᾶς
806 770 990 806 εὐαγγελίζε-

200 826 250 845 ται
268 818 336 853 παρ’
349 818 365 845 ὃ
380 816 572 853 παρελάϐετε,
584 817 718 852 ἀνάθεμα
731 816 819 850 ἔστω,
833 816 890 844 κᾶν
903 816 989 852 ἅγνε-

199 865 255 897 λος
270 864 305 896 ἐξ
320 863 450 898 οὐρανοῦ
467 864 546 891 εῖναι
565 864 756 900 προσποιῆται.
781 863 861 890 ’Δλλὰ
876 863 932 895 καὶ,
952 863 989 890 ει

1042 268 1149 304 singula
1165 271 1294 297 accurate
1307 267 1433 305 persequi
1449 269 1634 304 importunum
1656 269 1824 301 arbitratus.

1041 318 1071 342 ut
1087 317 1166 342 antea
1179 314 1253 347 di‘xi,
1271 322 1305 342 eo
1322 313 1394 350 quod
1408 314 1560 350 religiosam
1575 318 1694 343 vestram
1707 314 1824 351 diligen~

1040 359 1104 387 tiam
1120 367 1175 387 non
1190 360 1302 387 lateant.
1329 359 1392 387 llaec
1405 359 1546 392 docemus,
1561 359 1619 388 haec
1631 359 1823 396 pradicamus.

1040 403 1104 432 Haec
1125 408 1189 432 sunt
1217 404 1367 440 apostolica
1384 403 1513 432 Ecclesiae
1536 405 1680 440 dogmata,
1696 413 1747 441 pro
1760 406 1824 442 qui.

1039 448 1091 476 bus
1104 453 1216 477 mortem
1229 457 1339 485 quoque
1353 449 1469 476 libenter
1493 450 1662 485 oppetimus.
1678 451 1755 486 parvi
1782 451 1824 478 t'a-

1038 495 1141 522 cientes
1154 502 1201 522 eos
1214 495 1260 530 qui
1275 502 1326 522 nos
1347 494 1398 522 ista
1414 502 1514 530 negare
1535 495 1715 530 compellunt.
1731 503 1822 531 spem-

1039 547 1092 575 que
1104 539 1132 566 in
1145 539 1180 566 iis
1196 539 1312 574 positam
1327 547 1382 567 non
1406 539 1566 575 abjicientes
1577 559 1585 571 ,
1601 539 1665 567 licet
1694 540 1740 568 isti
1764 544 1823 567 tor-

1039 584 1139 612 mentis
1152 584 1281 612 adhibitis
1305 585 1359 612 vim
1380 584 1503 612 aderant.
1527 583 1632 618 Quibus
1647 585 1822 614 adversantes

1038 631 1121 659 Arius
1135 635 1162 659 et
1173 630 1302 662 Achillas.
1317 637 1343 659 et
1362 632 1409 667 qui
1426 639 1488 660 cum
1509 631 1564 660 illis
1579 635 1645 659 sunt
1668 631 1760 660 hostes
1775 639 1821 660 ve-

1038 677 1138 708 ritatis,
1151 676 1272 705 Ecclesia
1285 677 1391 713 expulsi
1405 681 1478 710 sunt,
1490 681 1584 713 utpote
1595 677 1676 705 alieni
1693 685 1709 704 ι
1728 682 1821 706 nostra

1039 723 1083 758 pia
1099 722 1234 755 doctrina,
1248 722 1326 757 juxta
1347 723 1456 752 beatum
1476 724 1607 756 Paulum.
1624 725 1670 760 qui
1684 725 1723 752 ait
1734 724 1775 753 “z
1791 724 1822 753 Si

1037 768 1097 803 quis
1109 767 1180 796 vobis
1194 769 1409 805 euangelizaverit
1432 775 1527 804 praeter
1547 771 1574 798 id
1587 771 1655 806 quod
1669 771 1821 805 accepistis,

1038 813 1178 841 anathema
1201 815 1236 842 sit
1243 822 1254 847 ;
1279 814 1339 844 licet
1360 815 1479 850 angelum
1490 815 1521 843 de
1527 816 1590 843 mlo
1598 824 1625 844 se
1634 824 1689 844 esse
1700 816 1820 844 simulet.

1039 858 1093 886 Sed
1108 864 1144 891 et,
1163 858 1194 887 Si
1213 861 1271 895 quis
1290 860 1364 887 aliud
1378 861 1486 893 doceat,
1501 866 1526 889 et
1540 870 1591 889 non
1614 863 1761 897 acquiescat
1775 870 1822 890 sa-

199 895 252 943 ttc-
273 895 544 944 ἑτεροδιδασκαλεῖ,
637 909 681 944 μὴ
705 909 901 944 προσέρχεται
925 909 988 942 τοῖς
1003 895 1024 922 Β
1036 915 1046 933 ι

972 919 988 942 ς
1003 895 1089 934 Baris
1103 906 1266 935 sermonibus
1285 907 1392 934 Domini
1414 908 1498 935 nostri
1522 907 1586 935 Iesu
1609 895 1725 940 Christi,
1749 912 1774 935 et
1795 908 1819 935 ei

198 956 370 991 ὑγιαίνουσι
388 955 490 990 λόγοις
509 955 572 988 τοῖς
584 955 638 982 τοῦ
657 955 767 989 Kvplov
785 954 869 989 ἡμῶν
888 955 985 988 Ἰησοῦ

198 1001 341 1037 Χριστοῦ,
358 1001 408 1029 καί
421 1001 460 1036 τῆ
473 1002 536 1029 κατ’
551 1001 709 1029 εὐσέϐειαν
723 1000 914 1034 διδασκαλίᾳ,
937 1009 984 1028 τε-

197 1048 339 1082 τύφωται,
349 1047 448 1083 μηδὲν
458 1048 668 1083 ἐπιστάμενος,
678 1047 724 1074 καὶ
738 1046 771 1074 τὰ
784 1047 857 1082 ἑξῆς.
870 1047 987 1078 Τούτους

197 1091 245 1121 οὖν
257 1092 523 1128 ἀναθεματισθέντας
539 1093 595 1119 ἀπὸ
610 1093 661 1128 τῆς
679 1091 869 1128 άδελφότητος,
891 1091 986 1127 μηδεὶς

197 1137 276 1173 ὑμῶν
298 1136 427 1172 δεχέσθω,
456 1137 524 1172 μηδὲ
550 1137 688 1172 άνεχέσθω
710 1136 764 1164 τῶν
787 1136 939 1172 λεγομένων
965 1136 981 1172 ἢ

196 1183 378 1219 γραφομένων
399 1183 444 1210 ὑπ’
467 1182 568 1210 αὐτῶν.
590 1183 683 1211 Πάντα
695 1183 751 1218 γὰρ
765 1184 789 1210 οἱ
805 1183 902 1218 γόητες
919 1182 984 1218 ψεύο

195 1229 296 1261 δονται,
312 1228 440 1266 ἀλήθειαν
455 1228 486 1255 οὐ
500 1229 538 1264 μὴ
549 1228 704 1264 λαλήσουσι.
722 1227 913 1264 Περιέρχονται
928 1228 982 1264 γὰρ

194 1274 246 1307 τὰς
269 1274 377 1307 πόλεις,
403 1275 479 1302 οὐδὲν
502 1274 596 1310 ἕτερον
622 1274 856 1310 σπουδάζοντες,ἢ
875 1274 915 1309 τῷ
932 1274 982 1309 τῆς

196 1320 286 1354 φιλίας
310 1320 486 1356 προσχήματι
510 1319 559 1346 καὶ
587 1319 627 1354 τῷ
655 1319 706 1354 τῆς
721 1321 831 1356 εἰρήνης
858 1319 980 1354 ὀνόματι,

194 1363 228 1390 δι’
245 1364 417 1400 ὑποκρίσεως
435 1364 482 1391 καὶ
496 1363 642 1396 κολακείας
655 1364 808 1400 γράμματα
821 1364 920 1391 διδόναι
933 1364 981 1390 καὶ

193 1408 353 1444 λαμϐάνειν,
369 1409 437 1445 πρὸς
448 1409 478 1436 τὺ
492 1409 597 1436 πλανᾶν
615 1409 660 1435 διὰ
669 1409 771 1436 τούτων
782 1410 816 1436 τὰ.
832 1410 878 1436 ὑπ’
892 1409 981 1436 αὐτῶν

1036 959 1094 986 quia
1104 951 1246 978 secundum
1266 951 1388 985 pietatem
1406 957 1444 979 est
1460 951 1607 984 doctrinm;
1622 953 1644 980 is
1656 952 1767 987 inﬂatur
1779 953 1820 980 ni-

1037 996 1075 1023 hil
1089 997 1173 1024 sciens
1187 996 1208 1013 "
1224 1006 1231 1024 :
1247 1001 1275 1024 et
1290 1004 1350 1032 quae
1369 1001 1530 1032 sequuntur.
1547 997 1603 1025 Hos
1622 997 1705 1033 igitur
1716 997 1750 1025 ab
1763 997 1823 1025 nni-

1036 1042 1124 1070 versis
1146 1042 1289 1071 -fratribus
1318 1042 1560 1071 anathematizatos
1591 1051 1672 1071 nemo
1699 1046 1820 1072 vestrum

1037 1087 1180 1122 suscipiat.
1193 1095 1242 1115 nec
1255 1095 1286 1115 ea
1297 1095 1357 1124 qum
1371 1088 1405 1116 ab
1421 1088 1475 1115 illis
1487 1092 1533 1115 aut
1547 1088 1677 1116 dicuntur
1691 1092 1738 1116 aut
1751 1089 1822 1117 scrio

1036 1132 1137 1160 buntur
1163 1132 1298 1160 admittat.
1325 1133 1422 1161 Omnia
1455 1134 1526 1162 enim
1556 1133 1725 1162 mentiuntur
1751 1142 1820 1170 prae-

1035 1178 1200 1214 stigiatores,
1216 1186 1267 1206 nec
1282 1179 1422 1207 veritatem
1437 1187 1557 1214 unquam
1576 1180 1730 1215 loquentur.
1759 1179 1819 1208 Cir-

1034 1229 1164 1252 cumeunt
1179 1225 1314 1260 siquidem
1327 1224 1463 1258 civitates,
1485 1225 1551 1253 nihil
1569 1225 1642 1253 aliud
1657 1226 1798 1254 molientes
1809 1245 1818 1259 ,

1034 1277 1115 1304 quam
1132 1275 1161 1298 ut
1179 1269 1305 1297 amicitia:
1320 1271 1411 1306 specie
1423 1274 1452 1298 et
1467 1270 1517 1298 sub
1539 1270 1648 1298 nomine
1661 1270 1738 1306 pacis
1748 1290 1756 1303 ,
1771 1278 1820 1306 per

1034 1315 1234 1343 simulationem
1250 1319 1278 1344 et
1291 1315 1439 1344 blanditias
1451 1315 1516 1344 dent
1532 1316 1637 1344 litteras
1649 1321 1731 1351 atque
1745 1318 1818 1345 acci-

1033 1362 1128 1398 piant;
1144 1363 1245 1398 quibus
1265 1362 1435 1390 mulierculos
1450 1371 1551 1398 paucas
1565 1363 1598 1390 ab
1617 1363 1681 1398 ipsis
1699 1363 1819 1398 deceptas

1033 1413 1058 1435 et
1073 1409 1187 1442 peccatis
1201 1413 1310 1436 onustas
1327 1409 1355 1436 in
1365 1417 1480 1437 errorem
1490 1409 1616 1436 inducant
1634 1408 1656 1425 ³⁸
1667 1412 1694 1437 et
1709 1413 1817 1437 cetera.

193 1456 371 1491 ἠπατημένα
381 1456 469 1491 ὀλίγα
479 1455 667 1491 γυναικάρια,
680 1456 884 1492 σεσορευμένα
894 1457 1058 1492 ἁμαρτίαις,
1074 1456 1121 1482 καὶ
1135 1455 1169 1482 τὰ
1182 1455 1254 1492 ἑξῆς.

227 1514 298 1542 XIV.
321 1514 438 1546 Τούτους
452 1513 499 1542 οὖν
511 1515 575 1547 τοὺς
591 1514 625 1542 τὰ
639 1515 758 1543 τοσαῦτα
773 1515 845 1542 κατὰ
861 1514 980 1552 Χριστοῦ

192 1560 390 1606 τολμήσαντας,
404 1560 468 1593 τοὺς
483 1560 530 1587 τὸν
542 1560 758 1606 ξίριστιανισμδν
772 1560 850 1589 τοῦτο
870 1562 920 1596 μὲν
933 1560 979 1590 δη-
993 1577 1014 1606 c

195 1606 276 1642 μοσιᾳ
295 1605 486 1641 διασύραντας,
507 1604 588 1631 τοῦτο
610 1604 638 1631 δὲ
656 1605 702 1631 ἐπὶ
720 1605 901 1641 δικαστηρίων
917 1606 978 1632 ἑπι-

192 1651 313 1686 δεικτιᾷν
330 1649 581 1685 φιλοτιμουμένους,
600 1649 664 1680 τοὺς
679 1649 797 1684 διωγμδν
812 1650 878 1685 ήμῖν
896 1650 925 1676 ὲν
940 1650 979 1676 εί-

194 1695 264 1732 ρήνῃ
278 1695 309 1721 τδ
322 1695 382 1721 ὅσον
399 1694 442 1721 ἐπ’
454 1694 546 1726 αὐτοῖς
559 1694 765 1730 ἑπεγείραντας,
778 1694 841 1726 τοὺς
851 1694 881 1721 τὸ
893 1695 979 1731 άρῤη-

191 1749 238 1769 τον
253 1741 401 1778 μυστήριον
416 1740 468 1776 τῆς
481 1739 600 1776 Χριστοῦ
612 1739 745 1774 γενέσεως
756 1740 976 1777 ὲκνευρίσαντας,

191 1786 304 1819 τούτους
316 1785 547 1821 άποστραφέντες,
560 1785 698 1821 ἀγαπητοὶ
706 1786 752 1813 καὶ
759 1786 889 1822 ὸμόψυχοι
902 1786 978 1813 ἁδελ-

192 1832 248 1867 φοὶ,
270 1832 411 1870 σύμψηφοι
427 1830 534 1866 γίνεσθε
556 1830 627 1858 κατὰ
646 1831 695 1868 τῆς
720 1831 870 1868 μανιώδους
888 1833 977 1860 αὐτῶν

191 1876 304 1913 τόλμης,
316 1876 377 1904 καθ’
390 1875 536 1912 ὁμοιότητα
547 1875 601 1903 τῶν
615 1877 862 1913 ἀγανακτησάντων
878 1878 978 1904 συλλει-

190 1922 314 1958 τουργῶν
332 1922 422 1958 ήμῶν,
447 1923 495 1950 καὶ
511 1922 719 1950 ἐπιστειλάντων
738 1931 783 1958 μοι
801 1923 860 1950 κατ’
876 1924 975 1956 αὐτῶν,

190 1967 239 1994 καὶ
252 1967 291 2003 τῷ
301 1967 376 2004 τόμῳ
387 1967 659 2004 συνυπογραψάντων.
679 1968 713 1994 'A
724 1968 773 1995 καὶ
782 1968 976 2005 διεπεμψάμην

190 2011 256 2047 ὑμῖν
276 2011 321 2041 διὰ
341 2011 389 2038 τοῦ
413 2012 471 2040 υἱοῦ
489 2021 542 2049 μου
564 2013 694 2046 Ἀπίωνος
711 2013 759 2040 τοῦ
774 2013 898 2041 διακόνου
908 2014 975 2050 (42),

189 2057 269 2084 τοῦτο
283 2057 333 2092 μὲν
346 2058 437 2094 πάσης
455 2058 592 2093 Αἰγύπτου
616 2059 664 2085 καὶ
687 2058 830 2095 Θηὸαῑδος,
856 2059 935 2086 τοῦτο
947 2060 976 2087 δὲ

189 2102 293 2138 Λιϐύης
315 2112 346 2130 τε
370 2105 418 2131 καὶ
441 2104 643 2137 Πεντατυόλεως,
669 2105 717 2132 καὶ
740 2104 850 2140 Συρίας,
871 2106 919 2132 καὶ
935 2106 976 2133 ἔτι

188 2148 291 2180 Δυκίας
316 2149 364 2177 καὶ
385 2150 560 2186 Παμφυλίας,
589 2150 690 2182 Ἄσίας,
703 2151 910 2184 Καππαδοκίας,
927 2151 976 2178 καὶ

187 2194 242 2220 τῶν
255 2194 343 2222 ἄλλων
356 2195 518 2232 περιχόρων.
537 2193 588 2222 Ὧν
603 2196 664 2223 καθ’
680 2196 835 2232 ὁμοιότητα,
849 2196 896 2223 καὶ
909 2197 974 2232 παρ’

1069 1513 1139 1541 XIV.
1163 1513 1219 1542 Hos
1233 1521 1299 1550 ergo
1315 1514 1361 1551 qui
1375 1518 1415 1542 tot
1427 1522 1459 1542 ac
1480 1518 1555 1542 tanta
1572 1514 1632 1542 ausi
1646 1518 1710 1543 sunt
1723 1519 1818 1542 contra

1032 1560 1189 1594 Christum;
1205 1562 1252 1596 qui
1266 1561 1450 1590 Christianam
1471 1562 1628 1598 religionem
1644 1561 1742 1597 partim
1757 1561 1819 1589 irri-

1029 1610 1125 1634 serunt
1137 1607 1262 1642 publice,
1279 1608 1378 1642 partim
1395 1608 1422 1635 in
1438 1607 1551 1643 iudiciis
1566 1607 1711 1635 traducere
1725 1615 1758 1635 ac
1770 1607 1818 1635 de-

1027 1658 1123 1681 notare
1137 1653 1266 1681 student:
1291 1653 1338 1688 qui
1353 1654 1431 1689 pacis
1451 1657 1574 1688 tempore
1601 1653 1816 1688 persecutionem

1027 1699 1159 1726 adversus
1173 1706 1224 1726 nos
1235 1718 1243 1731 ,
1269 1703 1402 1734 quantum
1418 1700 1445 1726 in
1461 1699 1529 1735 ipsis
1554 1703 1596 1727 est
1607 1719 1614 1731 ,
1642 1699 1815 1731 excitarunt;

1026 1745 1072 1779 qui
1089 1744 1225 1772 inell‘abile
1239 1745 1399 1780 mysterium
1410 1745 1593 1781 generationis
1607 1743 1710 1773 Christi
1736 1753 1816 1774 ener-

1026 1795 1125 1818 varunt
1137 1800 1144 1818 :
1159 1790 1221 1824 hos,
1235 1791 1358 1827 inquam,
1376 1795 1535 1820 aversantes
1547 1812 1556 1825 ,
1570 1791 1724 1820 charissimi
1734 1797 1816 1827 atque

1026 1836 1169 1865 unanimes
1187 1836 1300 1868 fratres,
1321 1837 1508 1874 suﬂ'ragamini
1531 1837 1611 1865 nobis
1624 1838 1756 1866 adversus
1770 1835 1814 1866 fu-

1026 1882 1126 1910 riosam
1145 1882 1253 1910 illorum
1269 1883 1411 1910 audaciam
1424 1902 1433 1915 .
1457 1883 1571 1918 perinde
1593 1890 1626 1911 ac
1639 1883 1750 1918 collegae
1764 1891 1814 1910 no-

1027 1927 1088 1960 stri,
1103 1927 1149 1962 qui
1162 1926 1295 1963 indignati
1315 1932 1390 1958 sunt.
1405 1933 1433 1955 et
1452 1928 1532 1956 nobis
1549 1928 1680 1963 epistolas
1696 1929 1813 1964 scripse-

1026 1978 1089 2000 runt
1103 1973 1235 2002 adversus
1250 1974 1322 2006 illos.
1338 1978 1365 2002 et
1376 1977 1452 2001 tomo
1466 1978 1562 2002 nostro
1578 1974 1812 2009 subscripserunt.

1025 2018 1090 2051 Quae
1106 2019 1187 2047 etiam
1205 2019 1239 2047 ad
1254 2027 1302 2047 vos
1316 2019 1379 2047 misi
1398 2027 1446 2054 per
1466 2019 1550 2047 tilium
1567 2027 1658 2047 meum
1682 2019 1813 2055 Apionem

1024 2064 1178 2097 diaconum,
1194 2064 1292 2100 partim
1306 2072 1339 2093 ex
1351 2064 1478 2093 universa
1491 2063 1609 2101 Egypto
1621 2071 1653 2092 ac
1663 2063 1811 2098 Thebaide.

1025 2110 1122 2145 partim
1137 2118 1171 2138 ex
1186 2109 1271 2146 Libya
1283 2118 1315 2138 ac
1329 2110 1470 2146 Pentapoli
1484 2120 1492 2138 :
1509 2111 1574 2138 item
1592 2119 1625 2138 ex
1641 2109 1720 2147 Syria
1730 2131 1738 2144 ,
1758 2110 1812 2147 Ly-

1024 2155 1077 2189 cia,
1095 2155 1264 2192 Pamphylia,
1275 2155 1351 2189 Asia.
1370 2156 1543 2192 Cappadocia
1560 2156 1676 2192 aliisque
1690 2156 1813 2185 tlnitimls

1024 2201 1182 2237 provinciis.
1201 2201 1323 2234 Quorum
1338 2201 1464 2236 exemplo
1479 2209 1495 2229 a
1511 2201 1589 2229 vobis
1612 2209 1721 2237 qucque
1741 2202 1813 2230 litte-

187 2239 266 2275 ὐμῶν
286 2240 413 2275 δέξασθαι
433 2241 560 2269 πέποιθα.
578 2241 685 2269 Πολλῶν
703 2242 758 2278 γάρ
774 2250 818 2277 μοι
835 2242 975 2279 βοηθημά-
988 2254 1034 2282 Dx

964 2258 975 2263 -
988 2254 1012 2282 ι)
1025 2255 1071 2274 ras
1087 2254 1129 2274 me
1144 2251 1319 2282 accepturum
1333 2254 1395 2275 esse
1416 2246 1535 2275 conﬁdo.
1556 2246 1624 2274 Nam
1642 2255 1704 2274 cum
1727 2248 1811 2275 multa

185 2293 242 2312 των
258 2286 327 2322 πρὸς
346 2287 410 2320 τοὺς
425 2287 571 2322 βλασέντας
593 2287 809 2324 πεπορισμένων,
828 2288 876 2315 καὶ
894 2288 972 2316 τοῦτο

187 2330 298 2368 ιῦρεται
313 2332 521 2370 λυσιφάρμακον
540 2333 588 2361 τοῦ
611 2334 656 2360 ὑπ’
675 2333 765 2361 αὐτῶν
786 2335 971 2370 ἀπατηθέντος

185 2376 262 2408 λαοῦ,
279 2378 446 2414 πειθομένων
464 2380 512 2407 καὶ
533 2381 593 2412 ταῖς
612 2379 669 2415 (45)
685 2380 739 2407 τῶν
760 2380 971 2417 συλλειτουργῶν

185 2423 265 2458 ήμῶν
279 2425 518 2459 συγκαταθέσεων,
536 2426 577 2458 είς
596 2426 740 2462 μετάνοιαν
753 2426 797 2453 διὰ
811 2427 905 2454 τούτου
923 2428 969 2464 ἐρ-

185 2467 280 2504 χεσθαι
295 2471 508 2504 σπουδαζόντων.
533 2473 702 2500 ΙΔσϊτάσασθε
720 2472 850 2508 ἀλλήλους
869 2474 918 2501 σὺν
936 2475 969 2510 τῇ

186 2514 252 2549 παρ’
269 2515 347 2550 ὑμῶν
358 2515 518 2554 ἁδιλφάτητι
532 2517 599 2554 (ιι).
619 2517 772 2554 Ἐῤῥῶσθαι
783 2518 856 2554 ὑμᾶς
868 2520 897 2546 ὲν
911 2520 969 2546 Κυ-

1026 2300 1042 2319 a
1059 2300 1102 2320 me
1113 2292 1239 2327 praesidia
1252 2297 1410 2328 comparata
1427 2292 1484 2320 sint
1498 2291 1533 2319 ad
1552 2291 1689 2320 sanandos
1705 2299 1753 2319 eos
1763 2291 1810 2326 qui

1024 2338 1082 2365 laesi
1096 2341 1172 2369 sunt.
1188 2341 1245 2364 tum
1258 2336 1327 2365 illud
1352 2338 1488 2372 praecipue
1501 2337 1649 2365 remedium
1673 2336 1811 2372 excogita-

1024 2388 1083 2414 tum
1098 2387 1141 2412 est
1163 2383 1196 2411 ad
1219 2383 1368 2412 curandam
1393 2384 1594 2412 multitudinem
1614 2391 1674 2418 quae
1695 2383 1729 2411 ab
1755 2383 1810 2410 illis

1023 2429 1135 2464 decepta
1147 2433 1200 2461 est,
1213 2433 1242 2456 ut
1253 2429 1418 2464 collegarum
1430 2432 1587 2461 nostrorum
1603 2428 1748 2455 consensui
1760 2427 1809 2454 oh-

1023 2474 1184 2510 temperent.
1198 2478 1225 2502 et
1239 2482 1287 2509 per
1310 2473 1361 2501 hoc
1382 2474 1416 2501 ad
1430 2474 1616 2509 paenitentiam
1628 2473 1719 2501 redire
1732 2472 1809 2500 festi-

1022 2524 1098 2548 nent.
1113 2519 1240 2547 Salutare
1253 2526 1302 2547 vos
1321 2519 1439 2548 invicem
1455 2526 1510 2547 una
1531 2527 1592 2547 cum
1607 2518 1748 2552 fratribus,
1759 2517 1807 2554 qui

219 2606 242 2622 ³⁸
257 2604 348 2634 Galat.
360 2614 380 2638 I,
393 2606 459 2640 8,9.
492 2608 514 2625 "’
535 2608 549 2636 1
564 2609 633 2637 Tim.
651 2618 689 2643 τι,
702 2610 729 2643 5,
742 2610 769 2638 4.
807 2610 829 2627 ³⁸
847 2610 879 2638 II
894 2611 962 2640 Tim.
980 2620 1022 2644 In,
1038 2612 1065 2640 ι.

221 2707 278 2747 92)
299 2707 438 2747 Ἁπιῳζος
452 2709 506 2747 τοῦ
521 2710 673 2747 διακόνου.
690 2711 720 2739 ln
734 2711 795 2740 cod.
809 2712 908 2740 Leonis
927 2712 972 2740 Al-

183 2742 253 2782 l‘atii,
268 2747 295 2782 et
310 2743 382 2782 apud
395 2742 580 2782 Nicephqrum
598 2746 695 2782 legitur
706 2747 753 2773 τοῦ
770 2747 968 2782 άρχιδιακόνου.

185 2778 273 2819 Atque
283 2779 320 2806 ita
330 2778 413 2819 etiam
429 2778 494 2814 legit
504 2778 672 2819 Epiphanius
687 2778 883 2819 scholasticus.
895 2787 925 2810 ut
935 2791 967 2811 ex

184 2815 629 2883 :Egimxﬁeggxaopopﬂizmex
654 2816 754 2853 Regius
775 2817 800 2845 J.
821 2817 880 2845 Pini
903 2819 968 2854 legit

182 2855 261 2876 τουοε
276 2857 322 2876 του
335 2855 457 2878 διακόνου
478 2855 616 2883 Ἀπίωνος.

218 2884 276 2921 (65)
295 2884 480 2920 ausam-or
494 2885 544 2912 καί
563 2885 636 2920 ταῖς.
660 2886 796 2916 Particula
817 2887 863 2915 καί
879 2888 965 2917 alieno

1024 2715 1084 2742 loro
1101 2715 1189 2749 posita
1205 2719 1256 2748 est,
1274 2720 1301 2744 et
1316 2716 1343 2743 in
1362 2723 1440 2743 suum
1459 2715 1546 2742 locum
1566 2716 1605 2743 sie
1623 2715 1800 2748 restituenda,

1022 2750 1188 2786 πειθομένων
1203 2752 1263 2783 ταῖς
1287 2751 1340 2778 τῶν
1364 2751 1575 2786 ουλλειτουργῶν
1599 2749 1676 2786 ἡμῶν
1700 2757 1802 2785 συγκα-

1020 2785 1154 2817 ταθέσεσι,
1168 2785 1215 2812 καὶ
1229 2787 1279 2818 εἰς,
1295 2791 1347 2814 etc.

1054 2820 1110 2855 (Η)
1130 2821 1191 2857 Σὺν
1202 2820 1240 2854 τῇ
1251 2822 1318 2856 παρ’
1334 2821 1417 2857 ὑμῶν
1430 2821 1617 2856 ἀδελφότητι.
1632 2819 1800 2857 ApudNice-

1018 2855 1134 2918 Samium
1157 2856 1253 2892 legitur
1275 2855 1438 2894 παρ“ἦμῶν,
1454 2855 1525 2894 quod
1550 2855 1737 2884 restius'mihi
1759 2855 1799 2883 vi-

1043 2898 1050 2907 ι
1066 2899 1081 2917 u
1100 2911 1107 2918 .

1043 2895 1107 2918 :lur.
