2152 3163
341 169 394 198 (ἰιὸ

817 167 847 195 S.
868 164 1054 194 EUSTATHII
1069 163 1223 192 EPISCOPI
1245 162 1453 192 ANTIOCHENI

1908 162 1961 191 θοι

339 225 380 253 dit
394 225 521 258 Dominus
540 225 648 259 spiritus
671 224 800 251 mendacii
819 224 848 251 in
867 232 912 251 ore
928 224 1043 250 omnium
1068 230 1126 257 pro.

1140 224 1163 252 Α
1183 221 1366 255 Ἀπατήσεις,
1381 223 1432 248 καί
1443 229 1477 256 γε
1494 221 1627 256 δυνήσῃ.
1640 221 1694 249 Καὶ
1708 221 1767 248 νῦν
1779 220 1854 254 ιὸοὑ,
1868 221 1961 256 φησὶν,

340 271 478 307 rhetorum
494 276 599 297 tuorum
624 271 668 305 qui
688 270 730 296 hic
747 274 820 301 sunt,
839 274 864 296 et
880 269 1007 296 Dominus
1024 269 1125 296 locutus

338 321 380 345 ut
393 321 487 344 contra
501 321 525 343 lc
539 316 621 343 uiola.
639 316 709 351 Ergo
724 316 746 343 si
763 315 889 350 spiritum
903 316 975 344 hunc
987 315 1033 349 qui
1050 322 1125 341 men-

339 363 411 390 dacii
425 362 475 389 fuit
490 368 596 392 auctor.
613 362 725 389 minime
737 363 836 388 bonum
849 360 896 388 sed
914 368 1026 396 pravum
1044 359 1128 387 fuisse

340 409 492 444 intelligere
507 415 619 436 necesse
629 408 675 438 sit,
691 407 824 442 sequitur,
841 405 914 433 hunc
930 406 994 433 item
1011 405 1125 433 creden-

339 453 405 481 dum
432 454 517 482 fuisse
538 453 639 480 diaboli
656 453 875 480 instrumentum.
900 451 966 478 Cum
991 455 1081 478 autem
1099 458 1128 478 re

340 499 400 533 ipsa
422 500 459 526 illi
486 499 635 533 contigisse
657 502 757 533 pateat,
767 505 832 532 ergo
845 497 922 532 prius
936 497 1060 524 audierat
1072 503 1127 531 quo

340 547 421 577 pacto
434 542 646 570 srelestissimus
656 542 749 569 Achab
758 542 790 568 ad
807 541 908 568 bellum
923 541 1074 576 procedens
1081 549 1128 568 oc-

340 588 484 616 cubiturus
506 592 589 616 esset.
615 587 681 614 Nam
706 587 750 613 ille
767 586 938 614 mendacium
953 594 1002 622 pro
1014 587 1127 614 veritate

339 631 488 660 obtrudere
516 632 612 663 voluit,
637 636 667 658 ut
687 631 749 658 belli
777 639 888 658 causam
917 632 1060 659 moliretur
1075 632 1126 658 im-

340 677 472 713 piumque
488 676 614 712 perderet
631 676 748 711 turpius.
767 675 806 703 ita
819 680 848 703 ut
863 677 939 704 hisce
956 677 1050 707 rebus.
1068 684 1127 704 ma-

339 723 366 750 la
383 730 443 758 qua:
457 723 582 750 scelestis
605 721 761 749 inferuntur
780 722 919 750 diabolum
945 723 1125 758 prmscivisse,

339 768 517 795 manifestum
539 768 584 800 sit,
603 774 664 795 cum
682 768 862 802 pessimorum
879 768 1000 795 omnium
1016 769 1074 803 ipse
1092 768 1129 796 sit

339 813 439 849 opifex.
455 813 484 841 In
495 813 578 841 Saule
588 821 653 841 vero
663 813 795 849 quidquid
807 821 822 841 e
835 821 864 841 re
871 814 979 849 propria
993 814 1126 842 Samuelis

341 859 462 887 oraculis
470 859 574 888 addens
589 860 747 891 immiscuit,
763 867 818 887 non
834 863 938 886 tantum
951 860 1127 895 probabiliter

1175 267 1290 300 ἔξελθε,
1308 268 1357 294 καὶ
1372 268 1503 301 ποίησον
1516 267 1620 300 οὕτως.
1643 268 1672 294 '0
1691 267 1720 294 δὲ
1737 267 1878 303 προφήτης
1893 267 1963 294 αὺτά

1175 312 1261 339 ταῦτα
1275 312 1314 348 τῷ
1331 312 1434 348 βασιλεῖ
1447 312 1623 348 διηγούμενος
1637 313 1737 344 εὐθέως
1753 312 1878 348 ἐπιφέρει
1888 321 1895 327 ·
1913 312 1963 339 Δέ-

1175 357 1271 384 du)st
1282 359 1298 384 ὀ
1315 358 1388 390 Θεὸς
1402 357 1520 392 πνεῦμα
1532 356 1644 391 ψευδὲς
1656 359 1690 384 ἐν
1703 358 1828 393 στόματι
1843 357 1964 385 πάντων

1176 403 1236 430 τῶν
1249 403 1409 438 προφητῶν
1420 411 1478 430 σου
1492 404 1614 434 τούτων,
1636 404 1685 430 καί
1702 404 1836 438 ἐλάλησα
1854 404 1963 438 Κύριος

1175 448 1224 474 ἐπὶ
1248 447 1286 475 σὲ
1307 448 1393 475 κακά.
1417 448 1565 484 Τοιγαροῦν
1588 448 1666 486 εἰπερ
1689 449 1796 485 ἀνάγκη
1819 451 1890 477 νοεῖν
1913 448 1964 476 οὐκ

1176 494 1286 528 ἀγαθὸν,
1301 494 1369 522 ἀλλὰ
1382 494 1499 529 πονηρὸν
1514 492 1582 521 εἶναι
1595 494 1673 521 τοῦτο
1685 495 1717 522 τὸ
1730 496 1847 532 πνεῦμα,
1866 495 1896 523 τὸ
1913 496 1964 532 τῆς

1175 540 1356 575 ψευδηγορίας
1384 541 1480 573 αἴτιον,
1505 539 1650 569 ἀκόλουθον
1677 540 1875 577 ὑπολαμὸἀνειν
1897 542 1965 570 αὐτὸ

1176 585 1255 612 τοῦτο
1267 585 1297 612 τὺ
1312 585 1462 612 διασολικὸν
1476 586 1592 621 ὄργανον
1609 586 1752 621 ὑπάρχειν.
1768 587 1800 614 Et
1812 588 1841 615 δὲ
1861 588 1964 624 κυρίως

1177 631 1367 659 ἀποδείκνυται
1393 631 1473 660 τοῦτο
1507 629 1587 663 εἶναι,
1617 631 1787 667 προακήκοεν
1820 633 1874 669 ἂρα
1904 633 1965 666 πῶς

1177 678 1291 713 ἤμελλεν
1315 679 1329 704 6
1345 678 1442 713 μιαρὸς
1473 677 1576 713 ’Λχαάὁ
1597 678 1637 708 εἰς
1656 677 1772 712 πόλεμον
1787 678 1875 705 ἀπιὼν
1895 679 1965 707 ἀτω-

1177 723 1302 759 θνήσκειν
1312 732 1318 738 ·
1339 723 1404 750 αὐτὸ
1421 723 1476 759 γάρ
1491 723 1592 758 ἠξίωσε
1605 722 1636 749 τὸ
1646 722 1742 757 ψεῦδος
1761 723 1822 750 ἀντὶ
1838 723 1888 760 τῆς
1899 724 1965 761 ἀλη-

1178 769 1253 801 θείας
1268 769 1417 801 ἐκϐάλλειν,
1432 769 1476 796 ἵνα
1486 769 1604 804 πολέμου
1616 769 1722 803 γένεσιν
1733 769 1905 807 αὖτουργήσῃ
1917 771 1965 799 καὶ

1177 813 1318 850 διαφθείρῃ
1330 812 1376 842 τὸν
1395 813 1486 841 ἄδικον
1504 813 1626 848 αίσχίως.
1647 814 1727 840 Ὥστε
1745 814 1792 840 καὶ
1805 814 1850 841 διὰ
1863 815 1964 842 τούτων

1178 860 1367 886 ἀποδείκνυται
1384 859 1438 886 τῶν
1452 859 1550 896 ἔργων,
1573 859 1615 886 ὅτι
1639 858 1673 886 τὰ
1695 859 1768 886 κακά
1782 861 1839 892 τοῖς
1861 860 1964 893 ἀδίκοις

341 905 483 937 mentitus,
497 906 545 933 sed
561 906 642 941 impie
663 905 866 940 irreligioseque
882 906 990 933 locutus
1014 910 1068 934 est.
1092 906 1127 934 At

1143 895 1164 924 Β
1178 905 1364 941 ἐπιφερόμενα
1380 905 1592 942 πῳμεμάθηκεν
1614 907 1629 933 6
1646 905 1778 939 διάϐολος,
1799 906 1892 942 ἐπειδὴ
1910 907 1965 934 τιῖιν

342 951 459 986 primum
475 951 549 978 illius
563 951 675 986 impium
688 951 789 978 dictum
803 951 846 978 vel
866 951 929 978 inde
947 951 1124 987 deprehendi-

341 1001 404 1024 tur:
418 997 534 1032 primum
551 996 660 1031 quidem
676 996 763 1030 quod,
780 997 1009 1031 quemadmodum
1035 996 1128 1026 Domi-

340 1049 394 1070 nus
406 1042 571 1075 latroni.qui
586 1042 661 1075 regni
678 1042 738 1076 ejus
754 1042 903 1077 potentiam
911 1042 1056 1070 confessus
1068 1043 1128 1071 fue-

339 1091 400 1118 rat.
418 1087 487 1116 dixit
506 1087 530 1103 "
549 1097 554 1114 :
571 1086 656 1114 Hodie
679 1096 779 1114 mecum
800 1089 853 1115 eris
877 1089 905 1114 in
928 1088 1072 1123 paradiso;
1090 1089 1127 1116 ita

338 1137 368 1161 ct
382 1133 428 1161 hic
453 1133 561 1160 illorum
587 1133 725 1164 imitator,
753 1133 829 1160 Sauli
853 1135 966 1169 magicis
990 1135 1127 1163 vaticiniis

339 1179 464 1214 expletis.
487 1179 598 1206 dolosus
623 1179 720 1205 artifex
745 1179 917 1206 enuntiavit:
935 1179 1002 1206 Cras
1027 1181 1079 1206 eri:
1098 1185 1125 1206 ιιι

339 1232 450 1255 mecum,
465 1229 488 1251 et
501 1224 637 1251 Jonatlum
651 1224 724 1258 ﬁlius
737 1229 797 1251 tuus
813 1224 846 1250 ⁸⁸.
869 1224 1006 1256 Secundo,
1020 1225 1124 1260 justum

337 1269 375 1297 ab
389 1270 491 1304 iniusto
512 1270 577 1296 nihil
595 1270 691 1297 abesse
706 1273 823 1297 conatur
840 1270 966 1305 probare,
979 1275 1008 1298 ut
1029 1271 1126 1298 callide

338 1315 448 1351 piorum
466 1320 583 1342 conatus
606 1319 688 1350 atque
708 1309 826 1350 impetus
842 1317 1014 1350 comprimat.
1030 1315 1126 1349 Nemo,

339 1363 370 1387 ut
379 1359 498 1391 videtur,
516 1359 594 1394 plane
615 1367 669 1387 non
687 1361 773 1392 novit,
793 1360 895 1387 nullam
922 1360 993 1388 inter
1020 1360 1126 1388 fidelem

337 1407 367 1433 et
393 1404 531 1433 inlldelem
554 1405 775 1433 communionem
806 1406 998 1433 intercedere:
1021 1414 1126 1434 necnon

338 1457 448 1482 mus,
465 1457 520 1485 quo
548 1454 628 1484 pacto
653 1452 699 1486 qui
729 1451 885 1478 divitiarum
901 1453 979 1487 copia
1007 1452 1127 1487 profusis

337 1498 494 1522 marcuerat
508 1494 607 1528 epulis,
624 1495 703 1530 longe
720 1503 735 1521 a
759 1495 854 1522 Lazari
872 1497 1054 1524 contubernio
1083 1506 1127 1525 se-

336 1538 451 1575 junctas
466 1544 644 1575 secretosque
659 1540 741 1568 fuerit
753 1541 786 1572 ⁸³,
797 1542 922 1575 quamvis
937 1542 1003 1568 nihil
1014 1542 1041 1568 in
1051 1543 1125 1570 illum

339 1592 433 1614 ausus.
451 1585 523 1613 Sane
538 1586 606 1613 nihil
621 1587 727 1621 uspiam
740 1587 915 1622 reliquiarum
931 1592 977 1614 aut
995 1588 1126 1615 micarum

338 1629 368 1657 in
383 1631 569 1666 pavimentum
586 1632 742 1658 cadentium
756 1632 879 1660 exhibuit
890 1653 896 1664 ,
913 1633 959 1661 sed
977 1641 1027 1661 nec
1042 1634 1127 1669 plagis

337 1675 429 1703 Virmn
444 1675 590 1708 amixerat,
618 1684 668 1704 ncc
693 1677 785 1712 ﬂagris
810 1685 910 1705 caesum
940 1679 994 1706 alio
1021 1679 1127 1714 longius

338 1721 510 1752 amandarat.
522 1721 625 1749 Verum
637 1730 699 1749 cum
717 1723 798 1750 ambo
811 1723 873 1750 hinc
885 1724 1036 1759 migrantes
1044 1724 1126 1751 vitam

337 1769 626 1794 commutassentcum
641 1770 739 1799 morte,
750 1767 795 1794 hic
804 1768 913 1802 quidem
927 1769 954 1795 in
971 1769 1033 1796 sinu
1045 1769 1128 1796 Abrao

339 1808 382 1838 ha
390 1810 499 1847 generis
508 1812 630 1840 auctoris
644 1813 758 1846 quievit,
772 1814 817 1840 ille
837 1815 1002 1848 perennibus
1011 1814 1128 1843 flammis

338 1859 422 1892 atque
435 1856 705 1893 inexstinguibilibus
720 1863 864 1895 correptus
881 1864 922 1888 est
939 1870 944 1887 :
963 1860 1006 1888 hic
1019 1861 1084 1888 dum
1099 1862 1127 1888 in

319 1902 327 1907 “
338 1901 437 1930 inferis
447 1906 538 1931 tortus
553 1905 761 1938 cremaretur“,
779 1905 852 1933 videt
869 1913 884 1932 a
905 1906 985 1941 longe
1001 1907 1128 1942 progeni-

338 1950 553 1981 torem,necnon
565 1953 592 1976 et
600 1948 733 1977 Lazarum
748 1951 775 1978 in
792 1951 853 1978 sinu
865 1951 926 1986 ejus
940 1961 945 1978 :
957 1955 984 1978 at
994 1952 1053 1987 igne
1065 1960 1126 1980 cum

339 1991 461 2024 arderet,
478 2000 510 2020 ex
531 1994 623 2021 animo
639 1994 776 2022 Abraham
793 1987 954 2031 rogabat‘ut
966 1998 999 2024 ad
1010 2004 1040 2025 se
1051 2005 1127 2025 men-

337 2035 431 2064 dicum
453 2038 574 2065 mitteret
590 2048 597 2065 :
613 2039 714 2074 quippe
735 2040 836 2068 obnixe
851 2041 1015 2076 precabatur
1028 2046 1058 2069 ut
1072 2042 1125 2070 La-

339 2089 422 2110 urus
436 2085 469 2111 ad
479 2091 542 2111 eum
552 2085 665 2113 veniens
677 2090 829 2114 extremum
843 2087 919 2123 digiti
932 2089 973 2116 sui
987 2089 1013 2116 iu
1027 2097 1125 2124 aquam

340 2129 499 2165 intingeret,
527 2131 622 2166 sicque
646 2131 766 2168 linguam
785 2140 861 2160 suam
878 2134 948 2161 roris
965 2134 1127 2163 hutniditate

338 2178 536 2204 contrectatam
556 2176 750 2212 refrigeraret:
771 2179 863 2214 itaque
883 2179 976 2215 ignitis
995 2180 1125 2208 cruciati-

1178 950 1309 986 ἐχθίστων
1320 953 1334 978 ό
1345 952 1552 988 δραματουργὸς
1568 952 1650 983 αὑτός
1660 952 1733 980 ἐστιν
1743 953 1880 987 ἀπάντων.
1901 953 1964 980 Ἐπὶ

1179 995 1269 1030 μέντοι
1281 995 1328 1022 τοῦ
1340 995 1436 1027 Σαοὺλ,
1450 996 1499 1022 ὃσα
1515 995 1644 1031 προσθεὶς
1654 996 1700 1032 ἀφ’
1711 996 1808 1023 ἑαυτοῦ
1821 996 1964 1030 συνέζευξα

1177 1043 1234 1073 τοῖς
1252 1040 1303 1068 τοῦ
1313 1041 1438 1077 Σαμουὴλ
1457 1041 1674 1077 ἀποφθέγμασιν,
1691 1041 1722 1069 οὐ
1739 1042 1817 1078 μόνον
1831 1041 1966 1076 ἐψεύσατο

1178 1087 1308 1118 πιθανῶς,
1329 1086 1397 1114 ἀλλά
1413 1087 1460 1113 καὶ
1478 1087 1688 1124 ἐϐλασφήμησεν
1704 1087 1819 1119 ἀσεϐῶς.
1843 1087 1964 1114 Ἐνθένδε

1178 1132 1260 1158 ποθὲν
1274 1131 1440 1167 διελέγχεται
1453 1133 1470 1168 ἠ
1484 1132 1578 1168 πρώτη
1600 1133 1755 1169 δυσφημία·
1773 1133 1883 1169 Πρῶτον
1903 1133 1966 1168 μὲν,

1177 1178 1217 1203 ὅτι
1233 1177 1301 1204 κατὰ
1312 1178 1437 1213 μίμησιν,
1448 1178 1485 1209 t'o;
1496 1179 1510 1204 6
1522 1178 1622 1213 Κύριος
1634 1179 1685 1214 ἔφη
1696 1178 1735 1214 τῷ
1745 1179 1843 1214 λῃστῇ,
1857 1178 1887 1205 τὺ
1899 1179 1965 1215 κρά-

1177 1229 1222 1252 τος
1233 1221 1430 1257 ὁμολογήσαντι
1443 1223 1492 1258 τῆς
1505 1222 1642 1257 βασιλείας
1657 1223 1749 1254 αὑτοῦ,
1760 1223 1896 1258 Σήμερον
1905 1223 1964 1258 ἔσῃ

1173 1267 1238 1300 μετ’
1259 1267 1347 1301 ἐμοῦ,
1364 1268 1462 1302 λέγων,
1479 1268 1514 1295 ἐν
1538 1268 1579 1300 τῷ
1605 1269 1784 1303 παραδείσῳ,
1807 1270 1906 1296 ταυτὸν
1930 1268 1964 1304 δὴ

1177 1313 1255 1340 τοῦτο
1271 1314 1318 1340 καὶ
1331 1314 1369 1353 τῷ
1383 1313 1468 1340 Σαοὺλ
1483 1314 1689 1350 ὲκπληρώσαντι
1700 1316 1749 1347 τάς
1765 1315 1899 1351 μαντικὰς
1913 1316 1964 1343 αὺ-

1177 1359 1223 1385 τοῦ
1247 1359 1374 1393 μαντείας
1394 1359 1493 1395 ἔφησεν
1514 1361 1528 1386 ὁ
1541 1360 1701 1396 δολομήτης·
1717 1360 1825 1394 Αὔριον
1844 1359 1902 1394 ἔσῃ
1920 1360 1964 1388 σὺ

1175 1404 1239 1438 μετ’
1264 1404 1348 1439 ἐμοῦ,
1369 1396 1424 1432 ’καὶ
1453 1404 1595 1433 Ἰωνάθαν
1615 1407 1631 1432 ό
1657 1406 1722 1438 υἱός
1737 1414 1806 1433 σου.
1832 1405 1965 1442 Δεύτερον

1180 1450 1302 1485 βούλεται
1319 1451 1455 1478 δεικνύναι
1472 1451 1517 1479 διὰ
1536 1451 1647 1484 τούτων,
1664 1452 1706 1479 ότι
1725 1452 1809 1488 μηδὲν
1825 1452 1840 1478 ό
1861 1452 1965 1486 δίκαιος

1178 1494 1269 1520 ἀδίκου
1293 1494 1426 1530 διαφέρει,
1447 1495 1497 1527 τάς
1514 1495 1570 1522 τῶν
1590 1495 1709 1523 εὐσεϐῶν
1729 1495 1843 1531 ἐκκόψαι
1863 1497 1965 1533 προθυ-

1140 1558 1162 1586 C
1180 1539 1244 1586 μίας
1262 1540 1486 1586 ὲπιτεχνῴμενος.
1509 1541 1602 1573 οὐδεὶς
1616 1541 1704 1569 ἔοικεν
1723 1542 1840 1577 ἀγνοεῖν,
1855 1544 1897 1571 ὅτι
1912 1552 1966 1580 μη-

1179 1584 1258 1620 δεμία
1277 1585 1442 1620 συνυπάρχει
1461 1586 1589 1614 κοινωνία
1603 1586 1690 1622 πιστῷ
1710 1587 1779 1623 μετά
1798 1588 1925 1624 ἀπίστου,
1945 1589 1965 1627 ἢ

1178 1629 1211 1657 αὖ
1229 1631 1319 1663 πάλιν,
1340 1631 1413 1663 ὅπως
1435 1633 1449 1658 ό
1465 1631 1572 1667 πλούτῳ
1589 1635 1799 1669 κατατρυφήσας
1821 1635 1965 1672 ἀπλήστῳ.

1178 1676 1272 1712 πόρρω
1283 1677 1334 1711 τῆς
1351 1676 1477 1713 Λαζάρου
1494 1677 1599 1713 διαίτης
1614 1678 1761 1714 ἀπεκρίθη,
1777 1679 1865 1706 καίτοι
1881 1681 1966 1716 μηδὲν

1178 1722 1268 1756 ὅμοιον
1280 1720 1414 1756 ἐκείνῳ(5⁶
1419 1722 1544 1757 )δράσας.
1553 1722 1621 1749 Ἀλλ’
1628 1719 1705 1755 οὗτος
1716 1723 1765 1759 μὲν
1772 1724 1846 1751 οὐδὲν
1853 1724 1966 1756 πώποτε

1179 1767 1314 1802 μετέδωκε
1330 1767 1368 1802 τῷ
1382 1767 1532 1803 πενομένῳ,
1546 1768 1577 1794 τὸ
1591 1769 1721 1804 παράπαν
1734 1769 1820 1802 οὐδὲν,
1834 1770 1897 1798 οὔτε
1913 1780 1965 1798 πε-

1178 1814 1373 1849 ριττευμάτων,
1382 1813 1443 1840 οὔτε
1457 1813 1544 1849 ψιχῶν
1557 1815 1596 1846 εἰς
1608 1814 1738 1850 τοῦδαφος
1748 1816 1964 1852 ὲκριπτομένωνν

1177 1859 1235 1886 ἀλλ’
1251 1859 1304 1886 οὐδ’
1321 1860 1474 1896 ἐλυμήνατο
1491 1860 1536 1887 τὸν
1551 1860 1636 1897 ἄνδρα
1649 1860 1776 1896 πληγαῖς,
1791 1862 1821 1889 οὐ
1837 1863 1964 1898 μάστιξιν

1177 1906 1353 1940 αἰκισάμενος
1373 1905 1464 1938 ἐδίωξε
1480 1906 1635 1941 περαιτέρω
1657 1915 1708 1934 που
1722 1907 1790 1942 γῆς’
1815 1907 1872 1934 ἀλλ’
1889 1908 1964 1940 ὅπως·

1176 1949 1269 1985 ἐπειδὴ
1297 1949 1465 1985 μετήλλαξαν
1493 1951 1576 1985 ἄμφω
1604 1950 1770 1987 μετάραντες
1790 1951 1925 1986 ἐντεῦθεν,
1948 1954 1964 1984 ὁ

1177 1994 1226 2029 μὲν
1246 1995 1286 2025 είς
1308 1994 1423 2025 κόλπους
1441 1993 1518 2029 ἔληξε
1539 1993 1585 2021 τοῦ
1602 1994 1774 2030 προπάτορος
1799 1994 1933 2030 Ἀϐραὰμ,
1947 1995 1963 2021 6

1175 2039 1203 2066 δὲ
1220 2041 1281 2071 ταῖς
1297 2040 1454 2075 ἀκοιμήτοις
1470 2039 1547 2074 ἐδόθη
1573 2039 1650 2075 φλοξὶ
1668 2039 1717 2067 τοῦ
1733 2041 1835 2077 πυρός·
1853 2040 1892 2073 ὼς
1914 2038 1963 2068 οὖν

1176 2085 1204 2111 ὲν
1221 2084 1260 2119 τῷ
1285 2084 1334 2120 ᾄδῃ
1358 2085 1566 2120 βασανιζόμενος
1582 2085 1726 2119 ἐφλέγετο,
1748 2085 1889 2122 πόρρωθεν
1912 2086 1962 2122 μὲν

1175 2130 1227 2165 όρᾷ.
1246 2130 1290 2156 τὸν
1309 2130 1479 2166 προπάτορα,
1499 2130 1596 2166 θεωρεῖ
1613 2130 1641 2157 δὲ
1661 2131 1708 2158 καὶ
1725 2131 1771 2158 τὸν
1791 2130 1916 2167 Λάζαρον
1931 2131 1962 2159 ὲν

1175 2177 1232 2208 τοῖς
1249 2176 1359 2208 κόλποις
1375 2176 1457 2203 αὑτοῦ
1467 2185 1474 2192 ’
1489 2178 1521 2212 τῇ
1539 2176 1568 2204 δὲ
1584 2176 1615 2213 δὴ
1638 2177 1718 2212 φλογὶ
1732 2177 1900 2213 πυρούμενος
1914 2179 1963 2205 ιχ.

338 2220 392 2248 bus
406 2221 476 2248 male
489 2226 603 2249 vexatus
616 2222 729 2257 supplex
745 2223 802 2251 haec
815 2224 899 2252 miser
906 2225 1046 2253 exorabat.
1055 2226 1122 2254 Cum

1140 2226 1162 2253 D
1177 2223 1270 2258 θύμως
1281 2222 1357 2258 ἠξίου
1372 2223 1418 2250 τὸν
1438 2223 1562 2259 ’Δὸραάμ
1570 2224 1643 2256 ὅπως
1658 2223 1785 2260 ἐκπέμψῃ
1799 2224 1845 2250 τὸν
1857 2224 1962 2260 πένητα

339 2273 422 2300 porro
438 2266 598 2301 progenitor
613 2267 646 2294 ad
660 2269 799 2302 postulata
814 2269 1010 2304 respondisset,
1026 2279 1124 2306 quem-

339 2309 406 2338 libet
429 2311 458 2338 in
473 2311 594 2345 qualibet
617 2316 695 2347 parte
718 2313 808 2348 justas
823 2315 960 2349 recepisse
984 2315 1125 2343 mercedes

340 2355 444 2390 premit
456 2355 528 2387 loco,
545 2361 611 2384 tunc
627 2358 758 2393 temporis
769 2358 890 2386 subdidit
906 2369 913 2387 :
927 2359 961 2386 Et
975 2360 1003 2387 in
1014 2360 1054 2387 his
1069 2369 1125 2387 om-

339 2401 416 2429 nibus
431 2402 500 2429 inter
511 2410 558 2429 nos
578 2407 603 2429 et
627 2411 671 2430 ros
683 2403 762 2431 chao;
783 2413 906 2440 magnum
921 2406 1057 2440 firmatum
1075 2412 1124 2440 est,

339 2455 369 2474 It
393 2447 420 2474 Ιιὲ
437 2447 483 2482 qui
500 2447 587 2475 colunt
605 2448 664 2475 hinc
686 2450 800 2477 transire
815 2450 850 2477 ad
871 2459 915 2478 vos
936 2459 988 2478 non
1010 2453 1123 2487 possint,

340 2500 421 2528 aqua
433 2492 492 2520 inde
506 2492 542 2520 ad
561 2502 607 2521 nos
628 2499 791 2523 transmeare
802 2496 834 2522 δ’.
848 2495 876 2522 Si
891 2496 983 2532 itaque
997 2504 1124 2532 magnum

340 2537 425 2565 chaos
440 2542 483 2566 est
493 2538 566 2573 quod
580 2539 672 2574 justos
682 2540 717 2568 ab
727 2541 837 2576 injustis
850 2541 982 2578 sejungit,
991 2542 1027 2570 ita
1040 2543 1123 2578 utqui

340 2581 397 2610 illic
413 2587 478 2610 sunt
490 2591 546 2610 nou
561 2584 667 2619 possint
678 2585 732 2612 huc
754 2587 906 2619 transvehi,
923 2595 1011 2622 neque
1019 2588 1067 2623 qui
1079 2587 1124 2615 hic

339 2631 546 2656 commorantur
559 2629 624 2656 illuc
639 2629 737 2658 adduci
749 2640 756 2664 ;
768 2635 843 2667 patet
857 2631 1000 2660 manifeste
1013 2632 1122 2660 Saulem

340 2672 388 2707 qui
403 2672 523 2708 injustus
536 2681 605 2706 erat,
620 2682 674 2702 una
694 2683 757 2703 cum
771 2677 902 2712 propheta
925 2677 1050 2707 Samuele
1068 2686 1122 2706 non

340 2717 448 2754 degere.
457 2718 525 2746 Nam
541 2720 565 2748 si
585 2720 662 2749 dives
681 2725 709 2749 et
724 2729 828 2758 pauper
841 2730 897 2750 non
908 2729 1023 2759 possunt
1039 2725 1122 2753 simul

1175 2269 1244 2304 πρὸς
1260 2269 1353 2296 αὐτόν·
1376 2269 1460 2297 ἐδεῖτο
1480 2269 1534 2305 γὰρ
1557 2270 1591 2296 iv‘
1615 2269 1779 2305 ἀφικόμενος
1793 2271 1808 2297 6
1823 2270 1960 2306 Λάζαρος,

1174 2314 1205 2343 τὸ
1222 2314 1271 2350 μὲν
1287 2315 1369 2349 ἀκρον
1386 2314 1461 2341 ὕδατι
1472 2314 1546 2351 βάψῃ
1557 2313 1602 2341 τοῦ
1612 2314 1754 2347 δακτύλου,
1775 2314 1917 2352 καταψύξῃ
1930 2313 1962 2342 δὲ

1175 2359 1224 2394 τὴν
1240 2359 1360 2393 γλῶτταν
1366 2359 1459 2391 αὑτοῦ,
1468 2359 1568 2391 νοτίδος
1581 2359 1791 2395 ἐπαφησάμενος
1805 2359 1868 2394 (5")
1881 2358 1963 2394 ίκμό-

1175 2404 1217 2431 δα”
1233 2404 1394 2440 πυροφόροις
1414 2402 1461 2431 οὖν
1478 2404 1658 2440 ἀλγυνόμενος
1676 2403 1792 2436 ὀδύναις,
1809 2403 1961 2440 ὲπρέσδευτ

1176 2442 1289 2477 τοιαῦτα
1305 2450 1363 2486 μεθ’
1382 2450 1498 2483 ἱκετείας
1511 2452 1525 2478 6
1538 2451 1632 2483 τάλας.
1652 2450 1759 2486 Ἐπειδὴ
1771 2450 1800 2477 δὲ
1812 2450 1880 2488 πρὸς
1895 2450 1961 2483 Em;

1177 2498 1393 2533 ἀποκρινάμενος
1407 2498 1422 2524 6
1439 2497 1596 2533 προπάτωρ,
1612 2497 1727 2524 ἕκαστον
1743 2497 1772 2523 ὲν
1787 2496 1894 2532 ἑκάστῳ
1912 2495 1961 2532 μι-

1178 2551 1218 2579 ρει
1235 2543 1284 2575 τὰς
1301 2543 1379 2576 ἀξίας
1392 2542 1500 2578 ἔφαινεν
1513 2542 1630 2578 ἀμοιϐὰς
1650 2542 1766 2569 ὲπάθλου
1788 2543 1869 2578 χάριν
1887 2541 1962 2577 εἱλη-

1177 2589 1266 2625 φέναι,
1291 2588 1440 2624 τηνικαῦτα
1465 2587 1593 2624 προσθεὶς
1613 2588 1816 2624 ἐπεφθέγξατο·
1833 2587 1888 2617 Kal
1909 2587 1959 2614 ἐπι

1176 2635 1250 2663 πᾶσι
1262 2636 1379 2668 τούτοις
1388 2633 1502 2669 μεταξὺ
1517 2632 1601 2669 ὑμῶν
1617 2633 1667 2660 καὶ
1681 2633 1764 2668 ἡμῶν
1779 2632 1892 2668 χάσμα.
1905 2641 1959 2669 φη-

1177 2682 1228 2714 σιν,
1242 2680 1412 2715 ἐστήρικται
1424 2679 1511 2715 μέγα,
1530 2678 1609 2712 ὅπως
1622 2680 1648 2706 οὶ
1663 2678 1801 2712 θέλοντες
1819 2677 1958 2713 διαϐῆναι

1175 2725 1262 2753 ἐνθεν
1285 2725 1359 2759 πρὸς
1375 2726 1453 2761 ὐμας
1467 2723 1510 2759 μὴ
1528 2723 1684 2756 δύνωνται,
1701 2723 1779 2759 μηδὲ
1798 2724 1827 2751 οι
1842 2722 1958 2751 ἐκεῖθεν·

377 2774 401 2791 ⁸³
422 2774 486 2803 ιιι.
511 2784 592 2808 xxnt,
608 2777 653 2806 ιδ.
689 2778 713 2794 ⁸⁸
729 2778 744 2805 1
762 2778 823 2815 Iug.
842 2788 939 2814 xxvnt,
961 2781 1005 2811 l9.
1044 2782 1067 2798 ⁸³
1087 2781 1128 2811 ιιι

1140 2792 1154 2810 τ.
1171 2790 1228 2814 xvt,
1257 2780 1292 2808 ιθ
1305 2788 1365 2816 sqq.
1404 2780 1428 2797 δ·
1449 2779 1515 2808 ibid.
1529 2779 1574 2808 sa.
1615 2779 1638 2797 δ’
1653 2779 1777 2808 tunae

375 2819 426 2855 (5‘)
444 2821 576 2856 Ἑκείνῳ.
589 2821 699 2852 Scilicet
707 2824 742 2851 τ””

375 2862 386 2882 ι
401 2855 496 2888 tutuo
505 2857 546 2888 hd
561 2857 707 2888 Lazarum.
724 2833 753 2888 fit

761 2825 880 2862 ἱπιστῷ;
896 2827 939 2855 sin
949 2831 1038 2856 autem
1053 2828 1123 2856 refe-

337 2861 386 2882 na
401 2855 496 2892 ἑκείιῳ
505 2855 707 2894 ladLaaarum,

754 2864 796 2889 rte
817 2860 962 2895 legendum
986 2863 1061 2897 ὠμόν
1073 2871 1122 2897 pro

1174 2828 1276 2896 δμῗὲῗξί
1560 2859 1643 2892 Forte
1648 2862 1867 2899 ιπιιφυπμενος.
1876 2861 1956 2890 Eur.
