  <div class='ocr_page' id='page_1' title='image "/cluster/home/n/w/nwhite01/storage/ocr_20150623/18/njp.32101064224536/361.png"; bbox 0 0 2152 3163; ppageno 0'>
   <div class='ocr_carea' id='block_1_1' title="bbox 325 158 379 186">
    <p class='ocr_par' dir='ltr' id='par_1_1' title="bbox 325 158 379 186">
     <span class='ocr_line' id='line_1_1' title="bbox 325 158 379 186; baseline 0.056 -3"><span class='ocrx_word' id='word_1_1' title='bbox 325 158 379 186; x_wconf 72' lang='lat'><strong>675</strong></span> 
     </span>
    </p>
   </div>
   <div class='ocr_carea' id='block_1_2' title="bbox 835 155 1471 186">
    <p class='ocr_par' dir='ltr' id='par_1_2' title="bbox 835 155 1471 186">
     <span class='ocr_line' id='line_1_2' title="bbox 835 155 1471 186; baseline -0.003 0"><span class='ocrx_word' id='word_1_2' title='bbox 835 158 864 186; x_wconf 86' lang='lat' dir='ltr'>S.</span> <span class='ocrx_word' id='word_1_3' title='bbox 882 157 1069 186; x_wconf 70' lang='lat' dir='ltr'><strong>EUS’I&#39;ATHII</strong></span> <span class='ocrx_word' id='word_1_4' title='bbox 1088 156 1243 185; x_wconf 81' lang='lat' dir='ltr'><strong>EPISCOPI</strong></span> <span class='ocrx_word' id='word_1_5' title='bbox 1261 155 1471 185; x_wconf 70' lang='lat' dir='ltr'><strong>ANTIOCHENI</strong></span> 
     </span>
    </p>
   </div>
   <div class='ocr_carea' id='block_1_3' title="bbox 1889 156 1942 184">
    <p class='ocr_par' dir='ltr' id='par_1_3' title="bbox 1889 156 1942 184">
     <span class='ocr_line' id='line_1_3' title="bbox 1889 156 1942 184; baseline 0 0"><span class='ocrx_word' id='word_1_6' title='bbox 1889 156 1942 184; x_wconf 81' lang='lat'><strong>676</strong></span> 
     </span>
    </p>
   </div>
   <div class='ocr_carea' id='block_1_4' title="bbox 325 212 1175 252">
    <p class='ocr_par' dir='ltr' id='par_1_4' title="bbox 325 215 1173 252">
     <span class='ocr_line' id='line_1_4' title="bbox 325 215 1173 252; baseline -0.001 -9"><span class='ocrx_word' id='word_1_7' title='bbox 325 216 455 244; x_wconf 74' lang='lat' dir='ltr'><strong>divinitas</strong></span> <span class='ocrx_word' id='word_1_8' title='bbox 469 216 498 244; x_wconf 86' lang='lat' dir='ltr'><strong>in</strong></span> <span class='ocrx_word' id='word_1_9' title='bbox 509 216 598 244; x_wconf 89' lang='lat' dir='ltr'><strong>tribus</strong></span> <span class='ocrx_word' id='word_1_10' title='bbox 610 216 736 252; x_wconf 81' lang='lat' dir='ltr'><strong>personis</strong></span> <span class='ocrx_word' id='word_1_11' title='bbox 758 220 787 244; x_wconf 89' lang='lat' dir='ltr'><strong>et</strong></span> <span class='ocrx_word' id='word_1_12' title='bbox 800 216 994 252; x_wconf 81' lang='lat' dir='ltr'><strong>hypostasibus</strong></span> <span class='ocrx_word' id='word_1_13' title='bbox 1006 217 1106 252; x_wconf 81' lang='lat' dir='ltr'><strong>praedi-</strong></span> <span class='ocrx_word' id='word_1_14' title='bbox 1121 220 1145 248; x_wconf 71' lang='grc' dir='ltr'>Α</span> <span class='ocrx_word' id='word_1_15' title='bbox 1159 215 1173 242; x_wconf 86' lang='lat' dir='ltr'><strong>e</strong></span> 
     </span>
    </p>
   </div>
   <div class='ocr_carea' id='block_1_5' title="bbox 1092 212 1942 252">
    <p class='ocr_par' dir='ltr' id='par_1_5' title="bbox 1092 212 1942 252">
     <span class='ocr_line' id='line_1_5' title="bbox 1092 212 1942 252; baseline -0.002 -10"><span class='ocrx_word' id='word_1_16' title='bbox 1092 231 1106 237; x_wconf 89' lang='lat'><em>-</em></span> <span class='ocrx_word' id='word_1_17' title='bbox 1121 220 1145 248; x_wconf 70' lang='grc' dir='ltr'>Α</span> <span class='ocrx_word' id='word_1_18' title='bbox 1159 215 1253 252; x_wconf 83' lang='grc' dir='ltr'>θεότης</span> <span class='ocrx_word' id='word_1_19' title='bbox 1268 215 1296 241; x_wconf 81' lang='grc' dir='ltr'><strong>ἐν</strong></span> <span class='ocrx_word' id='word_1_20' title='bbox 1310 215 1384 250; x_wconf 78' lang='grc' dir='ltr'>τρισὶ</span> <span class='ocrx_word' id='word_1_21' title='bbox 1401 214 1557 250; x_wconf 79' lang='grc' dir='ltr'><strong>προσώποις</strong></span> <span class='ocrx_word' id='word_1_22' title='bbox 1574 215 1621 242; x_wconf 81' lang='grc' dir='ltr'>καὶ</span> <span class='ocrx_word' id='word_1_23' title='bbox 1633 214 1794 242; x_wconf 69' lang='grc' dir='ltr'><strong>ὑποστάσεσι</strong></span> <span class='ocrx_word' id='word_1_24' title='bbox 1809 212 1942 248; x_wconf 74' lang='grc' dir='ltr'>κηρύττε-</span> 
     </span>
    </p>
   </div>
   <div class='ocr_carea' id='block_1_6' title="bbox 326 261 1107 298">
    <p class='ocr_par' dir='ltr' id='par_1_6' title="bbox 326 261 1107 298">
     <span class='ocr_line' id='line_1_6' title="bbox 326 261 1107 298; baseline 0.001 -8"><span class='ocrx_word' id='word_1_25' title='bbox 326 265 416 290; x_wconf 85' lang='lat' dir='ltr'><strong>catur.</strong></span> <span class='ocrx_word' id='word_1_26' title='bbox 441 261 494 290; x_wconf 81' lang='lat' dir='ltr'><strong>Per</strong></span> <span class='ocrx_word' id='word_1_27' title='bbox 517 269 589 293; x_wconf 80' lang='lat' dir='ltr'><strong>eam,</strong></span> <span class='ocrx_word' id='word_1_28' title='bbox 613 262 772 296; x_wconf 84' lang='lat' dir='ltr'><strong>imperator,</strong></span> <span class='ocrx_word' id='word_1_29' title='bbox 795 263 916 289; x_wconf 87' lang='lat' dir='ltr'><strong>munitur</strong></span> <span class='ocrx_word' id='word_1_30' title='bbox 931 266 985 291; x_wconf 74' lang='lat' dir='ltr'><strong>tua:</strong></span> <span class='ocrx_word' id='word_1_31' title='bbox 998 263 1107 298; x_wconf 86' lang='lat' dir='ltr'><strong>pietatis</strong></span> 
     </span>
    </p>
   </div>
   <div class='ocr_carea' id='block_1_7' title="bbox 326 307 1108 342">
    <p class='ocr_par' dir='ltr' id='par_1_7' title="bbox 326 307 1108 342">
     <span class='ocr_line' id='line_1_7' title="bbox 326 307 1108 342; baseline 0.001 -8"><span class='ocrx_word' id='word_1_32' title='bbox 326 307 487 342; x_wconf 83' lang='lat' dir='ltr'><strong>imperium;</strong></span> <span class='ocrx_word' id='word_1_33' title='bbox 501 314 560 334; x_wconf 89' lang='lat' dir='ltr'><strong>eam</strong></span> <span class='ocrx_word' id='word_1_34' title='bbox 576 307 655 334; x_wconf 85' lang='lat' dir='ltr'><strong>nobis</strong></span> <span class='ocrx_word' id='word_1_35' title='bbox 666 315 744 335; x_wconf 84' lang='lat' dir='ltr'><strong>serva</strong></span> <span class='ocrx_word' id='word_1_36' title='bbox 761 308 927 335; x_wconf 69' lang='lat' dir='ltr'><strong>inviolatam.</strong></span> <span class='ocrx_word' id='word_1_37' title='bbox 946 307 1042 336; x_wconf 86' lang='lat' dir='ltr'><strong>Nullus</strong></span> <span class='ocrx_word' id='word_1_38' title='bbox 1053 309 1108 335; x_wconf 65' lang='lat' dir='ltr'><strong>ha:-</strong></span> 
     </span>
    </p>
   </div>
   <div class='ocr_carea' id='block_1_8' title="bbox 327 352 1108 388">
    <p class='ocr_par' dir='ltr' id='par_1_8' title="bbox 327 352 1108 388">
     <span class='ocr_line' id='line_1_8' title="bbox 327 352 1108 388; baseline 0 -8"><span class='ocrx_word' id='word_1_39' title='bbox 327 354 428 380; x_wconf 88' lang='lat' dir='ltr'><strong>reticus</strong></span> <span class='ocrx_word' id='word_1_40' title='bbox 453 353 480 380; x_wconf 90' lang='lat' dir='ltr'><strong>in</strong></span> <span class='ocrx_word' id='word_1_41' title='bbox 500 352 651 380; x_wconf 81' lang='lat' dir='ltr'><strong>Ecclesiam</strong></span> <span class='ocrx_word' id='word_1_42' title='bbox 674 353 834 380; x_wconf 86' lang='lat' dir='ltr'><strong>subintrans</strong></span> <span class='ocrx_word' id='word_1_43' title='bbox 861 361 945 380; x_wconf 89' lang='lat' dir='ltr'><strong>unum</strong></span> <span class='ocrx_word' id='word_1_44' title='bbox 968 354 1070 388; x_wconf 88' lang='lat' dir='ltr'><strong>aliquid</strong></span> <span class='ocrx_word' id='word_1_45' title='bbox 1092 361 1108 381; x_wconf 87' lang='lat' dir='ltr'><strong>a</strong></span> 
     </span>
    </p>
   </div>
   <div class='ocr_carea' id='block_1_9' title="bbox 327 396 1108 431">
    <p class='ocr_par' dir='ltr' id='par_1_9' title="bbox 327 396 1108 431">
     <span class='ocr_line' id='line_1_9' title="bbox 327 396 1108 431; baseline -0.003 -7"><span class='ocrx_word' id='word_1_46' title='bbox 327 396 462 424; x_wconf 81' lang='lat' dir='ltr'><strong>Trinitate</strong></span> <span class='ocrx_word' id='word_1_47' title='bbox 477 396 595 428; x_wconf 80' lang='lat' dir='ltr'><strong>auferat.</strong></span> <span class='ocrx_word' id='word_1_48' title='bbox 607 396 667 424; x_wconf 83' lang='lat' dir='ltr'><strong>sine</strong></span> <span class='ocrx_word' id='word_1_49' title='bbox 679 397 783 424; x_wconf 85' lang='lat' dir='ltr'><strong>honore</strong></span> <span class='ocrx_word' id='word_1_50' title='bbox 799 397 979 431; x_wconf 85' lang='lat' dir='ltr'><strong>all&#39;ectumque</strong></span> <span class='ocrx_word' id='word_1_51' title='bbox 994 396 1108 431; x_wconf 74' lang='lat' dir='ltr'><strong>ignomi-</strong></span> 
     </span>
    </p>
   </div>
   <div class='ocr_carea' id='block_1_10' title="bbox 327 441 1107 478">
    <p class='ocr_par' dir='ltr' id='par_1_10' title="bbox 327 441 1107 478">
     <span class='ocr_line' id='line_1_10' title="bbox 327 441 1107 478; baseline 0.001 -10"><span class='ocrx_word' id='word_1_52' title='bbox 327 443 373 469; x_wconf 90' lang='lat' dir='ltr'><strong>nia</strong></span> <span class='ocrx_word' id='word_1_53' title='bbox 389 442 557 478; x_wconf 85' lang='lat' dir='ltr'><strong>relinquens,</strong></span> <span class='ocrx_word' id='word_1_54' title='bbox 570 441 644 477; x_wconf 86' lang='lat' dir='ltr'><strong>quod</strong></span> <span class='ocrx_word' id='word_1_55' title='bbox 657 446 700 470; x_wconf 91' lang='lat' dir='ltr'><strong>est</strong></span> <span class='ocrx_word' id='word_1_56' title='bbox 711 443 856 477; x_wconf 88' lang='lat' dir='ltr'><strong>reliquum.</strong></span> <span class='ocrx_word' id='word_1_57' title='bbox 872 442 955 469; x_wconf 81' lang='lat' dir='ltr'><strong>Arius</strong></span> <span class='ocrx_word' id='word_1_58' title='bbox 971 442 1050 469; x_wconf 87' lang='lat' dir='ltr'><strong>nobis</strong></span> <span class='ocrx_word' id='word_1_59' title='bbox 1060 442 1107 477; x_wconf 87' lang='lat' dir='ltr'><strong>qui</strong></span> 
     </span>
    </p>
   </div>
   <div class='ocr_carea' id='block_1_11' title="bbox 327 487 1109 523">
    <p class='ocr_par' dir='ltr' id='par_1_11' title="bbox 327 487 1109 523">
     <span class='ocr_line' id='line_1_11' title="bbox 327 487 1109 523; baseline 0 -8"><span class='ocrx_word' id='word_1_60' title='bbox 327 496 343 515; x_wconf 86' lang='lat' dir='ltr'><strong>a</strong></span> <span class='ocrx_word' id='word_1_61' title='bbox 358 487 450 515; x_wconf 81' lang='lat' dir='ltr'><strong>furore</strong></span> <span class='ocrx_word' id='word_1_62' title='bbox 461 495 561 515; x_wconf 89' lang='lat' dir='ltr'><strong>nomen</strong></span> <span class='ocrx_word' id='word_1_63' title='bbox 577 489 694 523; x_wconf 84' lang='lat' dir='ltr'><strong>accepit,</strong></span> <span class='ocrx_word' id='word_1_64' title='bbox 709 488 842 516; x_wconf 86' lang='lat' dir='ltr'><strong>orationis</strong></span> <span class='ocrx_word' id='word_1_65' title='bbox 851 495 934 515; x_wconf 82' lang='lat' dir='ltr'><strong>causa</strong></span> <span class='ocrx_word' id='word_1_66' title='bbox 950 492 992 515; x_wconf 84' lang='lat' dir='ltr'><strong>est</strong></span> <span class='ocrx_word' id='word_1_67' title='bbox 1004 491 1030 515; x_wconf 79' lang='lat' dir='ltr'><strong>et</strong></span> <span class='ocrx_word' id='word_1_68' title='bbox 1042 495 1109 515; x_wconf 88' lang='lat' dir='ltr'><strong>con-</strong></span> 
     </span>
    </p>
   </div>
   <div class='ocr_carea' id='block_1_12' title="bbox 327 528 1109 568">
    <p class='ocr_par' dir='ltr' id='par_1_12' title="bbox 327 528 1109 568">
     <span class='ocr_line' id='line_1_12' title="bbox 327 528 1109 568; baseline -0.003 -8"><span class='ocrx_word' id='word_1_69' title='bbox 327 537 446 566; x_wconf 85' lang='lat' dir='ltr'><strong>ventus;</strong></span> <span class='ocrx_word' id='word_1_70' title='bbox 465 533 516 568; x_wconf 81' lang='lat' dir='ltr'><strong>qui</strong></span> <span class='ocrx_word' id='word_1_71' title='bbox 530 534 625 561; x_wconf 91' lang='lat' dir='ltr'><strong>nescio</strong></span> <span class='ocrx_word' id='word_1_72' title='bbox 638 533 786 568; x_wconf 85' lang='lat' dir='ltr'><strong>quomodo,</strong></span> <span class='ocrx_word' id='word_1_73' title='bbox 803 533 831 560; x_wconf 90' lang='lat' dir='ltr'><strong>in</strong></span> <span class='ocrx_word' id='word_1_74' title='bbox 846 528 983 560; x_wconf 47' lang='lat' dir='ltr'><strong>Ecclesia:-</strong></span> <span class='ocrx_word' id='word_1_75' title='bbox 993 533 1109 560; x_wconf 78' lang='lat' dir='ltr'><strong>Alexan-</strong></span> 
     </span>
    </p>
   </div>
   <div class='ocr_carea' id='block_1_13' title="bbox 328 578 1108 614">
    <p class='ocr_par' dir='ltr' id='par_1_13' title="bbox 328 578 1108 614">
     <span class='ocr_line' id='line_1_13' title="bbox 328 578 1108 614; baseline 0.001 -9"><span class='ocrx_word' id='word_1_76' title='bbox 328 580 415 606; x_wconf 65' lang='lat' dir='ltr'><strong>drinae</strong></span> <span class='ocrx_word' id='word_1_77' title='bbox 436 579 639 614; x_wconf 83' lang='lat' dir='ltr'><strong>presbyterium</strong></span> <span class='ocrx_word' id='word_1_78' title='bbox 663 579 787 611; x_wconf 80' lang='lat' dir='ltr'><strong>allectus,</strong></span> <span class='ocrx_word' id='word_1_79' title='bbox 808 579 994 606; x_wconf 79' lang='lat' dir='ltr'><strong>nescientibus</strong></span> <span class='ocrx_word' id='word_1_80' title='bbox 1016 578 1108 610; x_wconf 87' lang='lat' dir='ltr'><strong>nobis,</strong></span> 
     </span>
    </p>
   </div>
   <div class='ocr_carea' id='block_1_14' title="bbox 328 624 1109 658">
    <p class='ocr_par' dir='ltr' id='par_1_14' title="bbox 328 624 1109 658">
     <span class='ocr_line' id='line_1_14' title="bbox 328 624 1109 658; baseline 0.001 -8"><span class='ocrx_word' id='word_1_81' title='bbox 328 624 434 651; x_wconf 84' lang='lat' dir='ltr'><strong>alienus</strong></span> <span class='ocrx_word' id='word_1_82' title='bbox 455 631 471 650; x_wconf 83' lang='lat' dir='ltr'><strong>a</strong></span> <span class='ocrx_word' id='word_1_83' title='bbox 492 624 616 651; x_wconf 75' lang='lat' dir='ltr'><strong>doctrina</strong></span> <span class='ocrx_word' id='word_1_84' title='bbox 630 624 850 652; x_wconf 87' lang='lat' dir='ltr'><strong>beatissimorum</strong></span> <span class='ocrx_word' id='word_1_85' title='bbox 865 624 1058 658; x_wconf 88' lang='lat' dir='ltr'><strong>prophetarum</strong></span> <span class='ocrx_word' id='word_1_86' title='bbox 1079 628 1109 651; x_wconf 89' lang='lat' dir='ltr'><strong>et</strong></span> 
     </span>
    </p>
   </div>
   <div class='ocr_carea' id='block_1_15' title="bbox 327 668 1110 705">
    <p class='ocr_par' dir='ltr' id='par_1_15' title="bbox 327 668 1110 705">
     <span class='ocr_line' id='line_1_15' title="bbox 327 668 1110 705; baseline 0 -9"><span class='ocrx_word' id='word_1_87' title='bbox 327 670 515 704; x_wconf 78' lang='lat' dir='ltr'><strong>apostolorum</strong></span> <span class='ocrx_word' id='word_1_88' title='bbox 532 670 658 698; x_wconf 87' lang='lat' dir='ltr'><strong>inventus</strong></span> <span class='ocrx_word' id='word_1_89' title='bbox 681 670 742 697; x_wconf 81' lang='lat' dir='ltr'><strong>fuit.</strong></span> <span class='ocrx_word' id='word_1_90' title='bbox 771 669 946 705; x_wconf 76' lang='lat' dir='ltr'><strong>Unigenitum</strong></span> <span class='ocrx_word' id='word_1_91' title='bbox 968 670 1040 697; x_wconf 92' lang='lat' dir='ltr'><strong>enim</strong></span> <span class='ocrx_word' id='word_1_92' title='bbox 1064 668 1110 696; x_wconf 81' lang='lat' dir='ltr'><strong>Fi-</strong></span> 
     </span>
    </p>
   </div>
   <div class='ocr_carea' id='block_1_16' title="bbox 329 715 1109 750">
    <p class='ocr_par' dir='ltr' id='par_1_16' title="bbox 329 715 1109 750">
     <span class='ocr_line' id='line_1_16' title="bbox 329 715 1109 750; baseline 0 -8"><span class='ocrx_word' id='word_1_93' title='bbox 329 716 395 743; x_wconf 91' lang='lat' dir='ltr'><strong>lium</strong></span> <span class='ocrx_word' id='word_1_94' title='bbox 412 720 438 743; x_wconf 88' lang='lat' dir='ltr'><strong>et</strong></span> <span class='ocrx_word' id='word_1_95' title='bbox 454 715 574 744; x_wconf 80' lang='lat' dir='ltr'><strong>Verbum</strong></span> <span class='ocrx_word' id='word_1_96' title='bbox 588 715 677 743; x_wconf 86' lang='lat' dir='ltr'><strong>Patris</strong></span> <span class='ocrx_word' id='word_1_97' title='bbox 697 723 752 743; x_wconf 89' lang='lat' dir='ltr'><strong>non</strong></span> <span class='ocrx_word' id='word_1_98' title='bbox 774 721 884 743; x_wconf 89' lang='lat' dir='ltr'><strong>veretur</strong></span> <span class='ocrx_word' id='word_1_99' title='bbox 907 715 1030 750; x_wconf 85' lang='lat' dir='ltr'><strong>ejusdem</strong></span> <span class='ocrx_word' id='word_1_100' title='bbox 1045 722 1109 742; x_wconf 87' lang='lat' dir='ltr'><strong>cum</strong></span> 
     </span>
    </p>
   </div>
   <div class='ocr_carea' id='block_1_17' title="bbox 327 761 1106 797">
    <p class='ocr_par' dir='ltr' id='par_1_17' title="bbox 327 761 1106 797">
     <span class='ocr_line' id='line_1_17' title="bbox 327 761 1106 797; baseline 0 -9"><span class='ocrx_word' id='word_1_101' title='bbox 327 761 418 790; x_wconf 78' lang='lat' dir='ltr'><strong>Patris</strong></span> <span class='ocrx_word' id='word_1_102' title='bbox 431 762 592 789; x_wconf 68' lang='lat' dir='ltr'><strong>substantiae</strong></span> <span class='ocrx_word' id='word_1_103' title='bbox 612 762 751 790; x_wconf 85' lang='lat' dir='ltr'><strong>consortio</strong></span> <span class='ocrx_word' id='word_1_104' title='bbox 767 763 883 797; x_wconf 87' lang='lat' dir='ltr'><strong>privare,</strong></span> <span class='ocrx_word' id='word_1_105' title='bbox 900 766 926 789; x_wconf 87' lang='lat' dir='ltr'><strong>et</strong></span> <span class='ocrx_word' id='word_1_106' title='bbox 940 761 1106 794; x_wconf 82' lang='lat' dir='ltr'><strong>Creatorem,</strong></span> 
     </span>
    </p>
   </div>
   <div class='ocr_carea' id='block_1_18' title="bbox 327 806 1109 839">
    <p class='ocr_par' dir='ltr' id='par_1_18' title="bbox 327 806 1109 839">
     <span class='ocr_line' id='line_1_18' title="bbox 327 806 1109 839; baseline 0 -6"><span class='ocrx_word' id='word_1_107' title='bbox 327 811 460 834; x_wconf 69' lang='lat' dir='ltr'><strong>creatura:</strong></span> <span class='ocrx_word' id='word_1_108' title='bbox 472 808 573 839; x_wconf 83' lang='lat' dir='ltr'><strong>cultor.</strong></span> <span class='ocrx_word' id='word_1_109' title='bbox 588 807 730 835; x_wconf 87' lang='lat' dir='ltr'><strong>contendit</strong></span> <span class='ocrx_word' id='word_1_110' title='bbox 744 809 843 836; x_wconf 85' lang='lat' dir='ltr'><strong>creatis</strong></span> <span class='ocrx_word' id='word_1_111' title='bbox 866 815 1022 835; x_wconf 86' lang='lat' dir='ltr'><strong>accensere.</strong></span> <span class='ocrx_word' id='word_1_112' title='bbox 1041 806 1109 834; x_wconf 87' lang='lat' dir='ltr'><strong>Eum</strong></span> 
     </span>
    </p>
   </div>
   <div class='ocr_carea' id='block_1_19' title="bbox 328 853 1109 888">
    <p class='ocr_par' dir='ltr' id='par_1_19' title="bbox 328 853 1109 888">
     <span class='ocr_line' id='line_1_19' title="bbox 328 853 1109 888; baseline 0.001 -10"><span class='ocrx_word' id='word_1_113' title='bbox 328 856 419 879; x_wconf 83' lang='lat' dir='ltr'><strong>autem</strong></span> <span class='ocrx_word' id='word_1_114' title='bbox 443 853 626 888; x_wconf 80' lang='lat' dir='ltr'><strong>persuaseris,</strong></span> <span class='ocrx_word' id='word_1_115' title='bbox 649 854 808 888; x_wconf 82' lang='lat' dir='ltr'><strong>imperator.</strong></span> <span class='ocrx_word' id='word_1_116' title='bbox 839 858 943 880; x_wconf 83' lang='lat' dir='ltr'><strong>mutata</strong></span> <span class='ocrx_word' id='word_1_117' title='bbox 975 853 1109 881; x_wconf 79' lang='lat' dir='ltr'><strong>sententia</strong></span> 
     </span>
    </p>
   </div>
   <div class='ocr_carea' id='block_1_20' title="bbox 1157 259 1942 296">
    <p class='ocr_par' dir='ltr' id='par_1_20' title="bbox 1157 259 1942 296">
     <span class='ocr_line' id='line_1_20' title="bbox 1157 259 1942 296; baseline 0 -9"><span class='ocrx_word' id='word_1_118' title='bbox 1157 269 1212 289; x_wconf 79' lang='grc' dir='ltr'>ται.</span> <span class='ocrx_word' id='word_1_119' title='bbox 1227 260 1319 296; x_wconf 79' lang='grc' dir='ltr'>Ταύτῃ</span> <span class='ocrx_word' id='word_1_120' title='bbox 1332 260 1488 295; x_wconf 76' lang='grc' dir='ltr'><strong>τειχίζεται,</strong></span> <span class='ocrx_word' id='word_1_121' title='bbox 1505 260 1622 295; x_wconf 84' lang='grc' dir='ltr'>βασιλεῦ,</span> <span class='ocrx_word' id='word_1_122' title='bbox 1635 260 1666 287; x_wconf 81' lang='grc' dir='ltr'><strong>τδ</strong></span> <span class='ocrx_word' id='word_1_123' title='bbox 1681 260 1730 296; x_wconf 86' lang='grc' dir='ltr'>τῆς</span> <span class='ocrx_word' id='word_1_124' title='bbox 1743 259 1883 290; x_wconf 72' lang='grc' dir='ltr'>εύσεσείας</span> <span class='ocrx_word' id='word_1_125' title='bbox 1897 267 1942 287; x_wconf 80' lang='grc' dir='ltr'><strong>σου</strong></span> 
     </span>
    </p>
   </div>
   <div class='ocr_carea' id='block_1_21' title="bbox 1158 304 1944 343">
    <p class='ocr_par' dir='ltr' id='par_1_21' title="bbox 1158 304 1944 343">
     <span class='ocr_line' id='line_1_21' title="bbox 1158 304 1944 343; baseline -0.003 -9"><span class='ocrx_word' id='word_1_126' title='bbox 1158 307 1274 343; x_wconf 87' lang='grc' dir='ltr'>κράτος·</span> <span class='ocrx_word' id='word_1_127' title='bbox 1303 306 1404 341; x_wconf 88' lang='grc' dir='ltr'>ταύτην</span> <span class='ocrx_word' id='word_1_128' title='bbox 1432 307 1499 342; x_wconf 76' lang='grc' dir='ltr'><strong>ἡμῖν</strong></span> <span class='ocrx_word' id='word_1_129' title='bbox 1521 305 1619 333; x_wconf 79' lang='grc' dir='ltr'>ἀσυλον</span> <span class='ocrx_word' id='word_1_130' title='bbox 1642 305 1815 341; x_wconf 78' lang='grc' dir='ltr'>διαφύλαττε.</span> <span class='ocrx_word' id='word_1_131' title='bbox 1841 304 1944 340; x_wconf 73' lang='grc' dir='ltr'>Μηδεὶς</span> 
     </span>
    </p>
   </div>
   <div class='ocr_carea' id='block_1_22' title="bbox 1157 351 1944 389">
    <p class='ocr_par' dir='ltr' id='par_1_22' title="bbox 1157 351 1944 389">
     <span class='ocr_line' id='line_1_22' title="bbox 1157 351 1944 389; baseline -0.004 -9"><span class='ocrx_word' id='word_1_132' title='bbox 1157 352 1304 389; x_wconf 70' lang='grc' dir='ltr'>αίρετικδς.</span> <span class='ocrx_word' id='word_1_133' title='bbox 1320 352 1418 384; x_wconf 83' lang='grc' dir='ltr'>ὑποδὺς</span> <span class='ocrx_word' id='word_1_134' title='bbox 1442 352 1492 388; x_wconf 77' lang='grc' dir='ltr'>τὴν</span> <span class='ocrx_word' id='word_1_135' title='bbox 1511 351 1681 386; x_wconf 77' lang='grc' dir='ltr'>Ἐκκλησίαν.</span> <span class='ocrx_word' id='word_1_136' title='bbox 1700 351 1730 378; x_wconf 79' lang='grc' dir='ltr'><strong>ἐν</strong></span> <span class='ocrx_word' id='word_1_137' title='bbox 1751 360 1777 377; x_wconf 90' lang='grc' dir='ltr'><strong>τι</strong></span> <span class='ocrx_word' id='word_1_138' title='bbox 1796 351 1845 386; x_wconf 82' lang='grc' dir='ltr'>τῆς</span> <span class='ocrx_word' id='word_1_139' title='bbox 1859 351 1944 386; x_wconf 82' lang='grc' dir='ltr'>Τριά-</span> 
     </span>
    </p>
   </div>
   <div class='ocr_carea' id='block_1_23' title="bbox 1157 397 1942 434">
    <p class='ocr_par' dir='ltr' id='par_1_23' title="bbox 1157 397 1942 434">
     <span class='ocr_line' id='line_1_23' title="bbox 1157 397 1942 434; baseline -0.001 -9"><span class='ocrx_word' id='word_1_140' title='bbox 1157 399 1201 431; x_wconf 90' lang='grc' dir='ltr'><strong>δος</strong></span> <span class='ocrx_word' id='word_1_141' title='bbox 1213 399 1374 434; x_wconf 82' lang='grc' dir='ltr'>ἀφαιρείτω,</span> <span class='ocrx_word' id='word_1_142' title='bbox 1391 398 1602 434; x_wconf 82' lang='grc' dir='ltr'>καταλιμπάνων</span> <span class='ocrx_word' id='word_1_143' title='bbox 1617 398 1649 424; x_wconf 74' lang='grc' dir='ltr'>τὸ</span> <span class='ocrx_word' id='word_1_144' title='bbox 1657 397 1815 432; x_wconf 79' lang='grc' dir='ltr'>λειπόμενον</span> <span class='ocrx_word' id='word_1_145' title='bbox 1835 397 1942 432; x_wconf 61' lang='grc' dir='ltr'>ἄτιμον.</span> 
     </span>
    </p>
   </div>
   <div class='ocr_carea' id='block_1_24' title="bbox 1160 440 1945 478">
    <p class='ocr_par' dir='ltr' id='par_1_24' title="bbox 1160 440 1945 478">
     <span class='ocr_line' id='line_1_24' title="bbox 1160 440 1945 478; baseline -0.001 -10"><span class='ocrx_word' id='word_1_146' title='bbox 1160 443 1270 478; x_wconf 84' lang='grc' dir='ltr'>Ἀρειος</span> <span class='ocrx_word' id='word_1_147' title='bbox 1288 443 1353 478; x_wconf 80' lang='grc' dir='ltr'>ἡμῖν</span> <span class='ocrx_word' id='word_1_148' title='bbox 1366 443 1380 468; x_wconf 85' lang='grc' dir='ltr'><strong>ό</strong></span> <span class='ocrx_word' id='word_1_149' title='bbox 1395 442 1445 477; x_wconf 80' lang='grc' dir='ltr'>τῆς</span> <span class='ocrx_word' id='word_1_150' title='bbox 1464 442 1562 478; x_wconf 82' lang='grc' dir='ltr'>μανίας</span> <span class='ocrx_word' id='word_1_151' title='bbox 1583 441 1724 477; x_wconf 80' lang='grc' dir='ltr'>ἐπώνυμος</span> <span class='ocrx_word' id='word_1_152' title='bbox 1740 441 1787 468; x_wconf 80' lang='grc' dir='ltr'>τοῦ</span> <span class='ocrx_word' id='word_1_153' title='bbox 1803 441 1883 476; x_wconf 87' lang='grc' dir='ltr'>λόγου</span> <span class='ocrx_word' id='word_1_154' title='bbox 1896 440 1945 467; x_wconf 77' lang='grc' dir='ltr'>καὶ</span> 
     </span>
    </p>
   </div>
   <div class='ocr_carea' id='block_1_25' title="bbox 1158 486 1944 523">
    <p class='ocr_par' dir='ltr' id='par_1_25' title="bbox 1158 486 1944 523">
     <span class='ocr_line' id='line_1_25' title="bbox 1158 486 1944 523; baseline -0.001 -9"><span class='ocrx_word' id='word_1_155' title='bbox 1158 489 1208 523; x_wconf 78' lang='grc' dir='ltr'>τῆς</span> <span class='ocrx_word' id='word_1_156' title='bbox 1225 487 1405 519; x_wconf 84' lang='grc' dir='ltr'>συνελεύσεως</span> <span class='ocrx_word' id='word_1_157' title='bbox 1421 488 1521 520; x_wconf 77' lang='grc' dir='ltr'>αἴτιος·</span> <span class='ocrx_word' id='word_1_158' title='bbox 1541 488 1581 520; x_wconf 84' lang='grc' dir='ltr'>δς,</span> <span class='ocrx_word' id='word_1_159' title='bbox 1600 487 1637 519; x_wconf 83' lang='grc' dir='ltr'>ὡς</span> <span class='ocrx_word' id='word_1_160' title='bbox 1647 488 1697 514; x_wconf 80' lang='grc' dir='ltr'>οὐκ</span> <span class='ocrx_word' id='word_1_161' title='bbox 1714 487 1791 523; x_wconf 75' lang='grc' dir='ltr'>ἴσμεν</span> <span class='ocrx_word' id='word_1_162' title='bbox 1807 487 1891 519; x_wconf 80' lang='grc' dir='ltr'>ὅπως,</span> <span class='ocrx_word' id='word_1_163' title='bbox 1904 486 1944 522; x_wconf 76' lang='grc' dir='ltr'>τῷ</span> 
     </span>
    </p>
   </div>
   <div class='ocr_carea' id='block_1_26' title="bbox 1160 532 1946 569">
    <p class='ocr_par' dir='ltr' id='par_1_26' title="bbox 1160 532 1946 569">
     <span class='ocr_line' id='line_1_26' title="bbox 1160 532 1946 569; baseline 0 -10"><span class='ocrx_word' id='word_1_164' title='bbox 1160 532 1347 569; x_wconf 75' lang='grc' dir='ltr'>πρεσϐυτερίῳ</span> <span class='ocrx_word' id='word_1_165' title='bbox 1369 533 1420 568; x_wconf 82' lang='grc' dir='ltr'>τῆς</span> <span class='ocrx_word' id='word_1_166' title='bbox 1445 532 1637 569; x_wconf 79' lang='grc' dir='ltr'><strong>Ἀλεξανδρέων</strong></span> <span class='ocrx_word' id='word_1_167' title='bbox 1660 533 1851 568; x_wconf 80' lang='grc' dir='ltr'>ἐγκαταλεγεὶς</span> <span class='ocrx_word' id='word_1_168' title='bbox 1883 532 1946 559; x_wconf 85' lang='grc' dir='ltr'><strong>Ἑκ-</strong></span> 
     </span>
    </p>
   </div>
   <div class='ocr_carea' id='block_1_27' title="bbox 1159 577 1944 614">
    <p class='ocr_par' dir='ltr' id='par_1_27' title="bbox 1159 577 1944 614">
     <span class='ocr_line' id='line_1_27' title="bbox 1159 577 1944 614; baseline 0 -10"><span class='ocrx_word' id='word_1_169' title='bbox 1159 577 1281 613; x_wconf 83' lang='grc' dir='ltr'>κλησίας,</span> <span class='ocrx_word' id='word_1_170' title='bbox 1307 578 1450 605; x_wconf 81' lang='grc' dir='ltr'><strong>ἐλάνθανεν</strong></span> <span class='ocrx_word' id='word_1_171' title='bbox 1472 579 1560 614; x_wconf 78' lang='grc' dir='ltr'>ἡμᾶς,</span> <span class='ocrx_word' id='word_1_172' title='bbox 1585 579 1636 613; x_wconf 86' lang='grc' dir='ltr'>τῆς</span> <span class='ocrx_word' id='word_1_173' title='bbox 1658 579 1711 605; x_wconf 84' lang='grc' dir='ltr'><strong>τῶν</strong></span> <span class='ocrx_word' id='word_1_174' title='bbox 1739 577 1944 614; x_wconf 83' lang='grc' dir='ltr'>τρισμακαρίων</span> 
     </span>
    </p>
   </div>
   <div class='ocr_carea' id='block_1_28' title="bbox 1159 623 1944 660">
    <p class='ocr_par' dir='ltr' id='par_1_28' title="bbox 1159 623 1944 660">
     <span class='ocr_line' id='line_1_28' title="bbox 1159 623 1944 660; baseline 0.001 -10"><span class='ocrx_word' id='word_1_175' title='bbox 1159 623 1306 659; x_wconf 79' lang='grc' dir='ltr'><strong>προφητῶν</strong></span> <span class='ocrx_word' id='word_1_176' title='bbox 1321 625 1368 650; x_wconf 83' lang='grc' dir='ltr'>καὶ</span> <span class='ocrx_word' id='word_1_177' title='bbox 1383 624 1538 651; x_wconf 83' lang='grc' dir='ltr'><strong>ἀποστόλων</strong></span> <span class='ocrx_word' id='word_1_178' title='bbox 1548 624 1720 656; x_wconf 72' lang='grc' dir='ltr'><strong>διδασκαλίας</strong></span> <span class='ocrx_word' id='word_1_179' title='bbox 1730 624 1858 660; x_wconf 78' lang='grc' dir='ltr'><strong>ὑπάρχων</strong></span> <span class='ocrx_word' id='word_1_180' title='bbox 1868 623 1944 651; x_wconf 82' lang='grc' dir='ltr'>ἁλλό-</span> 
     </span>
    </p>
   </div>
   <div class='ocr_carea' id='block_1_29' title="bbox 1158 667 1944 705">
    <p class='ocr_par' dir='ltr' id='par_1_29' title="bbox 1158 667 1944 705">
     <span class='ocr_line' id='line_1_29' title="bbox 1158 667 1944 705; baseline -0.003 -9"><span class='ocrx_word' id='word_1_181' title='bbox 1158 678 1243 705; x_wconf 85' lang='grc' dir='ltr'>τριος.</span> <span class='ocrx_word' id='word_1_182' title='bbox 1255 669 1306 696; x_wconf 78' lang='grc' dir='ltr'><strong>Τὸν</strong></span> <span class='ocrx_word' id='word_1_183' title='bbox 1319 669 1373 705; x_wconf 87' lang='grc' dir='ltr'><strong>γὰρ</strong></span> <span class='ocrx_word' id='word_1_184' title='bbox 1387 669 1515 705; x_wconf 79' lang='grc' dir='ltr'><strong>μονογενῆ</strong></span> <span class='ocrx_word' id='word_1_185' title='bbox 1534 669 1598 696; x_wconf 84' lang='grc' dir='ltr'>Υίδν</span> <span class='ocrx_word' id='word_1_186' title='bbox 1612 669 1659 696; x_wconf 77' lang='grc' dir='ltr'>καὶ</span> <span class='ocrx_word' id='word_1_187' title='bbox 1674 670 1759 703; x_wconf 84' lang='grc' dir='ltr'>Λόγον</span> <span class='ocrx_word' id='word_1_188' title='bbox 1771 669 1818 696; x_wconf 83' lang='grc' dir='ltr'>τοῦ</span> <span class='ocrx_word' id='word_1_189' title='bbox 1838 667 1944 704; x_wconf 53' lang='lat' dir='ltr'><strong>nam;</strong></span> 
     </span>
    </p>
   </div>
   <div class='ocr_carea' id='block_1_30' title="bbox 1159 713 1944 750">
    <p class='ocr_par' dir='ltr' id='par_1_30' title="bbox 1159 713 1944 750">
     <span class='ocr_line' id='line_1_30' title="bbox 1159 713 1944 750; baseline -0.001 -9"><span class='ocrx_word' id='word_1_190' title='bbox 1159 715 1319 750; x_wconf 80' lang='grc' dir='ltr'><strong>ἀποστερεῖν</strong></span> <span class='ocrx_word' id='word_1_191' title='bbox 1332 716 1382 750; x_wconf 84' lang='grc' dir='ltr'>τῆς</span> <span class='ocrx_word' id='word_1_192' title='bbox 1395 715 1601 750; x_wconf 82' lang='grc' dir='ltr'>όμοουσιότητος</span> <span class='ocrx_word' id='word_1_193' title='bbox 1612 714 1659 741; x_wconf 79' lang='grc' dir='ltr'>τοῦ</span> <span class='ocrx_word' id='word_1_194' title='bbox 1673 714 1779 750; x_wconf 84' lang='grc' dir='ltr'>Πατρὺς</span> <span class='ocrx_word' id='word_1_195' title='bbox 1793 714 1843 740; x_wconf 85' lang='grc' dir='ltr'>οὐκ</span> <span class='ocrx_word' id='word_1_196' title='bbox 1854 713 1944 749; x_wconf 64' lang='lat' dir='ltr'><strong>inpi-</strong></span> 
     </span>
    </p>
   </div>
   <div class='ocr_carea' id='block_1_31' title="bbox 1160 759 1945 797">
    <p class='ocr_par' dir='ltr' id='par_1_31' title="bbox 1160 759 1945 797">
     <span class='ocr_line' id='line_1_31' title="bbox 1160 759 1945 797; baseline -0.001 -10"><span class='ocrx_word' id='word_1_197' title='bbox 1160 769 1251 793; x_wconf 88' lang='grc' dir='ltr'>πεται,</span> <span class='ocrx_word' id='word_1_198' title='bbox 1267 761 1314 788; x_wconf 79' lang='grc' dir='ltr'>καὶ</span> <span class='ocrx_word' id='word_1_199' title='bbox 1325 763 1357 797; x_wconf 83' lang='grc' dir='ltr'><strong>τῇ</strong></span> <span class='ocrx_word' id='word_1_200' title='bbox 1372 761 1458 788; x_wconf 79' lang='grc' dir='ltr'>κτίσει</span> <span class='ocrx_word' id='word_1_201' title='bbox 1473 761 1518 787; x_wconf 78' lang='grc' dir='ltr'><strong>τὸν</strong></span> <span class='ocrx_word' id='word_1_202' title='bbox 1529 761 1640 795; x_wconf 76' lang='grc' dir='ltr'>κτίστην</span> <span class='ocrx_word' id='word_1_203' title='bbox 1649 761 1664 786; x_wconf 87' lang='grc' dir='ltr'><strong>ό</strong></span> <span class='ocrx_word' id='word_1_204' title='bbox 1679 759 1870 795; x_wconf 79' lang='grc' dir='ltr'>κτιστολάτρης</span> <span class='ocrx_word' id='word_1_205' title='bbox 1883 768 1945 786; x_wconf 85' lang='grc' dir='ltr'>συν-</span> 
     </span>
    </p>
   </div>
   <div class='ocr_carea' id='block_1_32' title="bbox 1159 805 1943 842">
    <p class='ocr_par' dir='ltr' id='par_1_32' title="bbox 1159 805 1943 842">
     <span class='ocr_line' id='line_1_32' title="bbox 1159 805 1943 842; baseline 0 -11"><span class='ocrx_word' id='word_1_206' title='bbox 1159 805 1285 842; x_wconf 82' lang='grc' dir='ltr'>αριθμεῖν</span> <span class='ocrx_word' id='word_1_207' title='bbox 1299 806 1448 841; x_wconf 82' lang='grc' dir='ltr'>ἐπείγεται.</span> <span class='ocrx_word' id='word_1_208' title='bbox 1461 806 1558 832; x_wconf 75' lang='grc' dir='ltr'>Τοῦτον</span> <span class='ocrx_word' id='word_1_209' title='bbox 1569 806 1602 832; x_wconf 82' lang='grc' dir='ltr'><strong>ἀν</strong></span> <span class='ocrx_word' id='word_1_210' title='bbox 1615 806 1744 838; x_wconf 76' lang='grc' dir='ltr'>πείσειας,</span> <span class='ocrx_word' id='word_1_211' title='bbox 1754 805 1943 841; x_wconf 77' lang='grc' dir='ltr'>αὐτοκράτωρ.</span> 
     </span>
    </p>
   </div>
   <div class='ocr_carea' id='block_1_33' title="bbox 1162 850 1944 889">
    <p class='ocr_par' dir='ltr' id='par_1_33' title="bbox 1162 850 1944 889">
     <span class='ocr_line' id='line_1_33' title="bbox 1162 850 1944 889; baseline -0.004 -9"><span class='ocrx_word' id='word_1_212' title='bbox 1162 853 1390 889; x_wconf 77' lang='grc' dir='ltr'>μεταφρονοῢντα,</span> <span class='ocrx_word' id='word_1_213' title='bbox 1408 854 1463 885; x_wconf 76' lang='grc' dir='ltr'>τοῖς</span> <span class='ocrx_word' id='word_1_214' title='bbox 1479 852 1665 884; x_wconf 82' lang='grc' dir='ltr'>ἀποστολικοῖς</span> <span class='ocrx_word' id='word_1_215' title='bbox 1681 852 1718 888; x_wconf 80' lang='grc' dir='ltr'>μὴ</span> <span class='ocrx_word' id='word_1_216' title='bbox 1732 852 1888 879; x_wconf 80' lang='grc' dir='ltr'><strong>ἀντιτείνειν</strong></span> <span class='ocrx_word' id='word_1_217' title='bbox 1903 850 1944 877; x_wconf 83' lang='grc' dir='ltr'>δι-</span> 
     </span>
    </p>
   </div>
   <div class='ocr_carea' id='block_1_34' title="bbox 328 893 1178 934">
    <p class='ocr_par' dir='ltr' id='par_1_34' title="bbox 328 893 1178 934">
     <span class='ocr_line' id='line_1_34' title="bbox 328 893 1178 934; baseline 0.001 -10"><span class='ocrx_word' id='word_1_218' title='bbox 328 905 384 924; x_wconf 86' lang='lat' dir='ltr'><strong>non</strong></span> <span class='ocrx_word' id='word_1_219' title='bbox 398 905 551 933; x_wconf 65' lang='lat' dir='ltr'><strong>repugnare</strong></span> <span class='ocrx_word' id='word_1_220' title='bbox 570 899 730 934; x_wconf 74' lang='lat' dir='ltr'><strong>apostolicis</strong></span> <span class='ocrx_word' id='word_1_221' title='bbox 745 896 893 932; x_wconf 82' lang='lat' dir='ltr'><strong>doctrinis;</strong></span> <span class='ocrx_word' id='word_1_222' title='bbox 917 902 966 926; x_wconf 89' lang='lat' dir='ltr'><strong>aut</strong></span> <span class='ocrx_word' id='word_1_223' title='bbox 986 898 1010 925; x_wconf 88' lang='lat' dir='ltr'><strong>si</strong></span> <span class='ocrx_word' id='word_1_224' title='bbox 1025 899 1054 925; x_wconf 92' lang='lat' dir='ltr'><strong>in</strong></span> <span class='ocrx_word' id='word_1_225' title='bbox 1070 897 1109 925; x_wconf 86' lang='lat' dir='ltr'><strong>si-</strong></span> <span class='ocrx_word' id='word_1_226' title='bbox 1124 893 1145 921; x_wconf 81' lang='grc' dir='ltr'><strong><em>Β</em></strong></span> <span class='ocrx_word' id='word_1_227' title='bbox 1158 899 1178 925; x_wconf 70' lang='grc' dir='ltr'>δέ</span> 
     </span>
    </p>
   </div>
   <div class='ocr_carea' id='block_1_35' title="bbox 1093 893 1943 934">
    <p class='ocr_par' dir='ltr' id='par_1_35' title="bbox 1095 893 1943 934">
     <span class='ocr_line' id='line_1_35' title="bbox 1095 893 1943 934; baseline -0.005 -8"><span class='ocrx_word' id='word_1_228' title='bbox 1095 912 1109 919; x_wconf 86' lang='lat'><strong>-</strong></span> <span class='ocrx_word' id='word_1_229' title='bbox 1124 893 1145 921; x_wconf 79' lang='grc' dir='ltr'><strong><em>Β</em></strong></span> <span class='ocrx_word' id='word_1_230' title='bbox 1158 899 1293 934; x_wconf 86' lang='grc' dir='ltr'>δάγμασιν</span> <span class='ocrx_word' id='word_1_231' title='bbox 1302 908 1309 914; x_wconf 84' lang='grc'>·</span> <span class='ocrx_word' id='word_1_232' title='bbox 1330 898 1347 934; x_wconf 86' lang='grc' dir='ltr'>ἦ</span> <span class='ocrx_word' id='word_1_233' title='bbox 1362 899 1417 931; x_wconf 79' lang='grc' dir='ltr'>τοῖς</span> <span class='ocrx_word' id='word_1_234' title='bbox 1434 899 1463 925; x_wconf 88' lang='grc' dir='ltr'><strong>ἐν</strong></span> <span class='ocrx_word' id='word_1_235' title='bbox 1476 895 1516 930; x_wconf 77' lang='grc' dir='ltr'>οἷς</span> <span class='ocrx_word' id='word_1_236' title='bbox 1531 898 1601 925; x_wconf 80' lang='grc' dir='ltr'>ἐάλω</span> <span class='ocrx_word' id='word_1_237' title='bbox 1615 898 1772 930; x_wconf 78' lang='grc' dir='ltr'>κακοδοξίας</span> <span class='ocrx_word' id='word_1_238' title='bbox 1788 896 1943 932; x_wconf 73' lang='grc' dir='ltr'>ἐγκείμενον</span> 
     </span>
    </p>
   </div>
   <div class='ocr_carea' id='block_1_36' title="bbox 328 943 1110 980">
    <p class='ocr_par' dir='ltr' id='par_1_36' title="bbox 328 943 1110 980">
     <span class='ocr_line' id='line_1_36' title="bbox 328 943 1110 980; baseline 0.001 -11"><span class='ocrx_word' id='word_1_239' title='bbox 328 943 423 970; x_wconf 71' lang='lat' dir='ltr'><strong>nistrat</strong></span> <span class='ocrx_word' id='word_1_240' title='bbox 436 944 573 978; x_wconf 87' lang='lat' dir='ltr'><strong>opinionis</strong></span> <span class='ocrx_word' id='word_1_241' title='bbox 587 944 667 978; x_wconf 86' lang='lat' dir='ltr'><strong>cujus</strong></span> <span class='ocrx_word' id='word_1_242' title='bbox 680 948 721 972; x_wconf 88' lang='lat' dir='ltr'><strong>est</strong></span> <span class='ocrx_word' id='word_1_243' title='bbox 731 944 883 976; x_wconf 82' lang='lat' dir='ltr'><strong>convictus,</strong></span> <span class='ocrx_word' id='word_1_244' title='bbox 897 944 1036 980; x_wconf 82' lang='lat' dir='ltr'><strong>impietate</strong></span> <span class='ocrx_word' id='word_1_245' title='bbox 1046 952 1110 980; x_wconf 86' lang='lat' dir='ltr'><strong>per-</strong></span> 
     </span>
    </p>
   </div>
   <div class='ocr_carea' id='block_1_37' title="bbox 329 988 1109 1025">
    <p class='ocr_par' dir='ltr' id='par_1_37' title="bbox 329 988 1109 1025">
     <span class='ocr_line' id='line_1_37' title="bbox 329 988 1109 1025; baseline 0.004 -10"><span class='ocrx_word' id='word_1_246' title='bbox 329 988 440 1020; x_wconf 80' lang='lat' dir='ltr'><strong>stiterit,</strong></span> <span class='ocrx_word' id='word_1_247' title='bbox 454 997 470 1016; x_wconf 85' lang='lat' dir='ltr'><strong>a</strong></span> <span class='ocrx_word' id='word_1_248' title='bbox 485 989 588 1016; x_wconf 82' lang='lat' dir='ltr'><strong>Christi</strong></span> <span class='ocrx_word' id='word_1_249' title='bbox 602 994 629 1017; x_wconf 91' lang='lat' dir='ltr'><strong>et</strong></span> <span class='ocrx_word' id='word_1_250' title='bbox 642 995 737 1017; x_wconf 86' lang='lat' dir='ltr'><strong>nostro</strong></span> <span class='ocrx_word' id='word_1_251' title='bbox 749 993 822 1017; x_wconf 71' lang='lat' dir='ltr'><strong>eoatu</strong></span> <span class='ocrx_word' id='word_1_252' title='bbox 846 997 960 1025; x_wconf 77' lang='lat' dir='ltr'><strong>prorsus</strong></span> <span class='ocrx_word' id='word_1_253' title='bbox 977 990 1109 1018; x_wconf 76' lang='lat' dir='ltr'><strong>extermi-</strong></span> 
     </span>
    </p>
   </div>
   <div class='ocr_carea' id='block_1_38' title="bbox 328 1034 1109 1071">
    <p class='ocr_par' dir='ltr' id='par_1_38' title="bbox 328 1034 1109 1071">
     <span class='ocr_line' id='line_1_38' title="bbox 328 1034 1109 1071; baseline 0.005 -10"><span class='ocrx_word' id='word_1_254' title='bbox 328 1034 449 1068; x_wconf 82' lang='lat' dir='ltr'><strong>naveris,</strong></span> <span class='ocrx_word' id='word_1_255' title='bbox 461 1043 495 1063; x_wconf 89' lang='lat' dir='ltr'><strong>ne</strong></span> <span class='ocrx_word' id='word_1_256' title='bbox 506 1035 702 1071; x_wconf 73' lang='lat' dir='ltr'><strong>simpliciorum</strong></span> <span class='ocrx_word' id='word_1_257' title='bbox 716 1036 824 1064; x_wconf 88' lang='lat' dir='ltr'><strong>animus</strong></span> <span class='ocrx_word' id='word_1_258' title='bbox 835 1037 954 1064; x_wconf 79' lang='lat' dir='ltr'><strong>turbidis</strong></span> <span class='ocrx_word' id='word_1_259' title='bbox 963 1037 1109 1065; x_wconf 76' lang='lat' dir='ltr'><strong>verborum</strong></span> 
     </span>
    </p>
   </div>
   <div class='ocr_carea' id='block_1_39' title="bbox 328 1080 927 1117">
    <p class='ocr_par' dir='ltr' id='par_1_39' title="bbox 328 1080 927 1117">
     <span class='ocr_line' id='line_1_39' title="bbox 328 1080 927 1117; baseline 0.005 -11"><span class='ocrx_word' id='word_1_260' title='bbox 328 1086 442 1107; x_wconf 85' lang='lat' dir='ltr'><strong>suorum</strong></span> <span class='ocrx_word' id='word_1_261' title='bbox 459 1080 603 1109; x_wconf 86' lang='lat' dir='ltr'><strong>lenociniis</strong></span> <span class='ocrx_word' id='word_1_262' title='bbox 614 1080 764 1116; x_wconf 64' lang='lat' dir='ltr'><strong>depradari</strong></span> <span class='ocrx_word' id='word_1_263' title='bbox 775 1081 927 1117; x_wconf 59' lang='lat' dir='ltr'><strong>contingat.</strong></span> 
     </span>
    </p>
   </div>
   <div class='ocr_carea' id='block_1_40' title="bbox 1162 943 1945 981">
    <p class='ocr_par' dir='ltr' id='par_1_40' title="bbox 1162 943 1945 981">
     <span class='ocr_line' id='line_1_40' title="bbox 1162 943 1945 981; baseline -0.005 -9"><span class='ocrx_word' id='word_1_264' title='bbox 1162 944 1340 980; x_wconf 77' lang='grc' dir='ltr'>ἀσεϐήμασιν.</span> <span class='ocrx_word' id='word_1_265' title='bbox 1351 944 1436 980; x_wconf 83' lang='grc' dir='ltr'>ἀρδην</span> <span class='ocrx_word' id='word_1_266' title='bbox 1447 944 1496 979; x_wconf 85' lang='grc' dir='ltr'>τῆς</span> <span class='ocrx_word' id='word_1_267' title='bbox 1510 944 1627 981; x_wconf 79' lang='grc' dir='ltr'><strong>Χριστοῦ</strong></span> <span class='ocrx_word' id='word_1_268' title='bbox 1639 945 1686 972; x_wconf 84' lang='grc' dir='ltr'>καὶ</span> <span class='ocrx_word' id='word_1_269' title='bbox 1696 943 1774 980; x_wconf 78' lang='grc' dir='ltr'>ἡμῶν</span> <span class='ocrx_word' id='word_1_270' title='bbox 1787 943 1945 978; x_wconf 81' lang='grc' dir='ltr'>ἀφανίσειας</span> 
     </span>
    </p>
   </div>
   <div class='ocr_carea' id='block_1_41' title="bbox 1162 988 1945 1026">
    <p class='ocr_par' dir='ltr' id='par_1_41' title="bbox 1162 988 1945 1026">
     <span class='ocr_line' id='line_1_41' title="bbox 1162 988 1945 1026; baseline -0.001 -10"><span class='ocrx_word' id='word_1_271' title='bbox 1162 990 1311 1022; x_wconf 78' lang='grc' dir='ltr'>ἐπαύλεως,</span> <span class='ocrx_word' id='word_1_272' title='bbox 1330 989 1368 1021; x_wconf 82' lang='grc' dir='ltr'>ὼς</span> <span class='ocrx_word' id='word_1_273' title='bbox 1384 989 1417 1016; x_wconf 78' lang='grc' dir='ltr'>ἀν</span> <span class='ocrx_word' id='word_1_274' title='bbox 1433 990 1472 1026; x_wconf 82' lang='grc' dir='ltr'><strong>μὴ</strong></span> <span class='ocrx_word' id='word_1_275' title='bbox 1485 990 1534 1026; x_wconf 86' lang='grc' dir='ltr'>τῆς</span> <span class='ocrx_word' id='word_1_276' title='bbox 1547 990 1658 1026; x_wconf 76' lang='grc' dir='ltr'>θολερᾶς</span> <span class='ocrx_word' id='word_1_277' title='bbox 1671 989 1752 1016; x_wconf 84' lang='grc' dir='ltr'>αὺτοῦ</span> <span class='ocrx_word' id='word_1_278' title='bbox 1764 988 1945 1023; x_wconf 74' lang='grc' dir='ltr'>λογοθωπείσς</span> 
     </span>
    </p>
   </div>
   <div class='ocr_carea' id='block_1_42' title="bbox 1161 1034 1877 1072">
    <p class='ocr_par' dir='ltr' id='par_1_42' title="bbox 1161 1034 1877 1072">
     <span class='ocr_line' id='line_1_42' title="bbox 1161 1034 1877 1072; baseline -0.001 -10"><span class='ocrx_word' id='word_1_279' title='bbox 1161 1035 1211 1069; x_wconf 69' lang='grc' dir='ltr'>τὰς</span> <span class='ocrx_word' id='word_1_280' title='bbox 1223 1035 1277 1063; x_wconf 85' lang='grc' dir='ltr'>τῶν</span> <span class='ocrx_word' id='word_1_281' title='bbox 1291 1034 1480 1072; x_wconf 79' lang='grc' dir='ltr'><strong>ἁπλουστέρων</strong></span> <span class='ocrx_word' id='word_1_282' title='bbox 1494 1035 1582 1072; x_wconf 81' lang='grc' dir='ltr'>ψυχὰς</span> <span class='ocrx_word' id='word_1_283' title='bbox 1596 1035 1744 1072; x_wconf 83' lang='grc' dir='ltr'>ἐργάσηται</span> <span class='ocrx_word' id='word_1_284' title='bbox 1761 1035 1877 1071; x_wconf 77' lang='grc' dir='ltr'>θέραμα.</span> 
     </span>
    </p>
   </div>
   <div class='ocr_carea' id='block_1_43' title="bbox 333 1154 1929 1169">
    <p class='ocr_par' dir='ltr' id='par_1_43' title="bbox 333 1154 1929 1169">
     <span class='ocr_line' id='line_1_43' title="bbox 333 1154 1929 1169; baseline -0.001 -4"><span class='ocrx_word' id='word_1_285' title='bbox 333 1154 1929 1169; x_wconf 78' lang='lat'><strong>___—_—__________.__—_</strong></span> 
     </span>
    </p>
   </div>
   <div class='ocr_carea' id='block_1_44' title="bbox 923 1240 1360 1299">
    <p class='ocr_par' dir='ltr' id='par_1_44' title="bbox 923 1240 1360 1299">
     <span class='ocr_line' id='line_1_44' title="bbox 923 1240 1360 1299; baseline 0.002 -1"><span class='ocrx_word' id='word_1_286' title='bbox 923 1240 1360 1299; x_wconf 82' lang='lat' dir='ltr'><strong>FRAGMENTA</strong></span> 
     </span>
    </p>
   </div>
   <div class='ocr_carea' id='block_1_45' title="bbox 517 1357 1747 1392">
    <p class='ocr_par' dir='ltr' id='par_1_45' title="bbox 517 1357 1747 1392">
     <span class='ocr_line' id='line_1_45' title="bbox 517 1357 1747 1392; baseline -0.003 0"><span class='ocrx_word' id='word_1_287' title='bbox 517 1361 572 1392; x_wconf 78' lang='lat' dir='ltr'><strong>EX</strong></span> <span class='ocrx_word' id='word_1_288' title='bbox 588 1360 715 1392; x_wconf 78' lang='lat' dir='ltr'><strong>LIBRIS</strong></span> <span class='ocrx_word' id='word_1_289' title='bbox 736 1360 769 1391; x_wconf 85' lang='lat' dir='ltr'><strong>S.</strong></span> <span class='ocrx_word' id='word_1_290' title='bbox 790 1359 1003 1391; x_wconf 77' lang='lat' dir='ltr'><strong>EUSTATHII</strong></span> <span class='ocrx_word' id='word_1_291' title='bbox 1034 1357 1209 1390; x_wconf 80' lang='lat' dir='ltr'><strong>EPISCOPI</strong></span> <span class='ocrx_word' id='word_1_292' title='bbox 1244 1357 1494 1390; x_wconf 75' lang='lat' dir='ltr'><strong>ANTIOCHENI</strong></span> <span class='ocrx_word' id='word_1_293' title='bbox 1509 1358 1747 1390; x_wconf 77' lang='lat' dir='ltr'><strong>DEPERDITIS</strong></span> 
     </span>
    </p>
   </div>
   <div class='ocr_carea' id='block_1_46' title="bbox 399 1479 1871 1516">
    <p class='ocr_par' dir='ltr' id='par_1_46' title="bbox 399 1479 1871 1516">
     <span class='ocr_line' id='line_1_46' title="bbox 399 1479 1871 1516; baseline -0.001 -7"><span class='ocrx_word' id='word_1_294' title='bbox 399 1481 429 1510; x_wconf 90' lang='lat' dir='ltr'><strong>lu</strong></span> <span class='ocrx_word' id='word_1_295' title='bbox 443 1481 510 1509; x_wconf 89' lang='lat' dir='ltr'><strong>illud</strong></span> <span class='ocrx_word' id='word_1_296' title='bbox 523 1481 653 1509; x_wconf 79' lang='lat' dir='ltr'><strong>Proverb.</strong></span> <span class='ocrx_word' id='word_1_297' title='bbox 669 1487 730 1512; x_wconf 72' lang='lat' dir='ltr'>VIII,</span> <span class='ocrx_word' id='word_1_298' title='bbox 742 1479 789 1512; x_wconf 76' lang='lat'><strong>22,</strong></span> <span class='ocrx_word' id='word_1_299' title='bbox 804 1481 931 1508; x_wconf 77' lang='lat' dir='ltr'><strong>Dominus</strong></span> <span class='ocrx_word' id='word_1_300' title='bbox 947 1481 1044 1508; x_wconf 78' lang='lat' dir='ltr'><strong>creauit</strong></span> <span class='ocrx_word' id='word_1_301' title='bbox 1060 1489 1110 1509; x_wconf 82' lang='lat' dir='ltr'><strong>me.</strong></span> <span class='ocrx_word' id='word_1_302' title='bbox 1124 1495 1160 1501; x_wconf 88' lang='lat'><strong>-—</strong></span> <span class='ocrx_word' id='word_1_303' title='bbox 1175 1479 1252 1516; x_wconf 76' lang='lat' dir='ltr'><strong>Apud</strong></span> <span class='ocrx_word' id='word_1_304' title='bbox 1270 1479 1477 1513; x_wconf 85' lang='lat' dir='ltr'><strong>Theodoritum,</strong></span> <span class='ocrx_word' id='word_1_305' title='bbox 1497 1480 1546 1508; x_wconf 83' lang='lat' dir='ltr'><strong>lib.</strong></span> <span class='ocrx_word' id='word_1_306' title='bbox 1566 1487 1574 1508; x_wconf 93' lang='lat' dir='ltr'><strong>I</strong></span> <span class='ocrx_word' id='word_1_307' title='bbox 1593 1479 1664 1507; x_wconf 80' lang='lat' dir='ltr'><strong>Hist.</strong></span> <span class='ocrx_word' id='word_1_308' title='bbox 1679 1479 1753 1512; x_wconf 75' lang='grc' dir='ltr'>εετίη</span> <span class='ocrx_word' id='word_1_309' title='bbox 1770 1487 1830 1516; x_wconf 88' lang='lat' dir='ltr'><strong>cap.</strong></span> <span class='ocrx_word' id='word_1_310' title='bbox 1845 1481 1871 1508; x_wconf 84' lang='lat'><strong>8.</strong></span> 
     </span>
    </p>
   </div>
   <div class='ocr_carea' id='block_1_47' title="bbox 365 1536 1215 1574">
    <p class='ocr_par' dir='ltr' id='par_1_47' title="bbox 365 1537 1215 1574">
     <span class='ocr_line' id='line_1_47' title="bbox 365 1537 1215 1574; baseline -0.002 -8"><span class='ocrx_word' id='word_1_311' title='bbox 365 1537 478 1567; x_wconf 74' lang='lat' dir='ltr'><strong>Veniam</strong></span> <span class='ocrx_word' id='word_1_312' title='bbox 494 1542 585 1566; x_wconf 75' lang='lat' dir='ltr'><strong>autem</strong></span> <span class='ocrx_word' id='word_1_313' title='bbox 598 1545 671 1565; x_wconf 89' lang='lat' dir='ltr'><strong>nunc</strong></span> <span class='ocrx_word' id='word_1_314' title='bbox 685 1537 719 1565; x_wconf 89' lang='lat' dir='ltr'><strong>ad</strong></span> <span class='ocrx_word' id='word_1_315' title='bbox 733 1545 765 1565; x_wconf 83' lang='lat' dir='ltr'><strong>ea</strong></span> <span class='ocrx_word' id='word_1_316' title='bbox 781 1545 841 1573; x_wconf 69' lang='lat' dir='ltr'><strong>quae</strong></span> <span class='ocrx_word' id='word_1_317' title='bbox 854 1543 930 1574; x_wconf 72' lang='lat' dir='ltr'><strong>gesta</strong></span> <span class='ocrx_word' id='word_1_318' title='bbox 947 1543 1021 1567; x_wconf 88' lang='lat' dir='ltr'><strong>sunt.</strong></span> <span class='ocrx_word' id='word_1_319' title='bbox 1038 1539 1109 1572; x_wconf 87' lang='lat' dir='ltr'><strong>Quid</strong></span> <span class='ocrx_word' id='word_1_320' title='bbox 1124 1540 1148 1571; x_wconf 85' lang='lat' dir='ltr'><strong><em>C</em></strong></span> <span class='ocrx_word' id='word_1_321' title='bbox 1198 1538 1215 1564; x_wconf 82' lang='grc' dir='ltr'><strong><em>Ε</em></strong></span> 
     </span>
    </p>
   </div>
   <div class='ocr_carea' id='block_1_48' title="bbox 1093 1536 1943 1574">
    <p class='ocr_par' dir='ltr' id='par_1_48' title="bbox 1093 1536 1943 1573">
     <span class='ocr_line' id='line_1_48' title="bbox 1093 1536 1943 1573; baseline 0 -8"><span class='ocrx_word' id='word_1_322' title='bbox 1093 1539 1109 1565; x_wconf 90' lang='lat' dir='ltr'><strong>d</strong></span> <span class='ocrx_word' id='word_1_323' title='bbox 1124 1540 1148 1571; x_wconf 86' lang='lat' dir='ltr'><strong><em>C</em></strong></span> <span class='ocrx_word' id='word_1_324' title='bbox 1198 1537 1346 1573; x_wconf 62' lang='grc' dir='ltr'>ωδιοῦμαι</span> <span class='ocrx_word' id='word_1_325' title='bbox 1369 1537 1397 1564; x_wconf 81' lang='grc' dir='ltr'>δὲ</span> <span class='ocrx_word' id='word_1_326' title='bbox 1422 1537 1546 1564; x_wconf 80' lang='grc' dir='ltr'>ἐντεῦθεν</span> <span class='ocrx_word' id='word_1_327' title='bbox 1570 1537 1620 1573; x_wconf 69' lang='grc' dir='ltr'>ἤδη</span> <span class='ocrx_word' id='word_1_328' title='bbox 1642 1537 1688 1564; x_wconf 79' lang='grc' dir='ltr'>καὶ</span> <span class='ocrx_word' id='word_1_329' title='bbox 1709 1536 1756 1564; x_wconf 81' lang='grc' dir='ltr'>ἐπὶ</span> <span class='ocrx_word' id='word_1_330' title='bbox 1782 1537 1816 1563; x_wconf 88' lang='grc' dir='ltr'><strong>τὰ</strong></span> <span class='ocrx_word' id='word_1_331' title='bbox 1836 1544 1943 1573; x_wconf 74' lang='grc' dir='ltr'>πεπρα-</span> 
     </span>
    </p>
   </div>
   <div class='ocr_carea' id='block_1_49' title="bbox 329 1584 1110 1621">
    <p class='ocr_par' dir='ltr' id='par_1_49' title="bbox 329 1584 1110 1621">
     <span class='ocr_line' id='line_1_49' title="bbox 329 1584 1110 1621; baseline -0.001 -9"><span class='ocrx_word' id='word_1_332' title='bbox 329 1585 435 1621; x_wconf 74' lang='lat' dir='ltr'><strong>igitur?</strong></span> <span class='ocrx_word' id='word_1_333' title='bbox 458 1585 527 1612; x_wconf 88' lang='lat' dir='ltr'><strong>Cum</strong></span> <span class='ocrx_word' id='word_1_334' title='bbox 544 1584 580 1612; x_wconf 86' lang='lat' dir='ltr'><strong>ob</strong></span> <span class='ocrx_word' id='word_1_335' title='bbox 591 1592 638 1612; x_wconf 88' lang='lat' dir='ltr'><strong>eas</strong></span> <span class='ocrx_word' id='word_1_336' title='bbox 654 1592 699 1612; x_wconf 88' lang='lat' dir='ltr'><strong>res</strong></span> <span class='ocrx_word' id='word_1_337' title='bbox 715 1584 832 1611; x_wconf 84' lang='lat' dir='ltr'><strong>maxima</strong></span> <span class='ocrx_word' id='word_1_338' title='bbox 856 1585 977 1619; x_wconf 84' lang='lat' dir='ltr'><strong>synodus</strong></span> <span class='ocrx_word' id='word_1_339' title='bbox 993 1584 1110 1612; x_wconf 76' lang='lat' dir='ltr'><strong>Nicaeam</strong></span> 
     </span>
    </p>
   </div>
   <div class='ocr_carea' id='block_1_50' title="bbox 329 1630 1110 1665">
    <p class='ocr_par' dir='ltr' id='par_1_50' title="bbox 329 1630 1110 1665">
     <span class='ocr_line' id='line_1_50' title="bbox 329 1630 1110 1665; baseline -0.003 -6"><span class='ocrx_word' id='word_1_340' title='bbox 329 1631 513 1662; x_wconf 81' lang='lat' dir='ltr'><strong>convenisset.</strong></span> <span class='ocrx_word' id='word_1_341' title='bbox 539 1630 665 1658; x_wconf 81' lang='lat' dir='ltr'><strong>ducentis</strong></span> <span class='ocrx_word' id='word_1_342' title='bbox 680 1630 791 1657; x_wconf 82' lang='lat' dir='ltr'><strong>circiter</strong></span> <span class='ocrx_word' id='word_1_343' title='bbox 806 1636 837 1657; x_wconf 88' lang='lat' dir='ltr'><strong>ac</strong></span> <span class='ocrx_word' id='word_1_344' title='bbox 854 1630 1026 1665; x_wconf 74' lang='lat' dir='ltr'><strong>septuaginta</strong></span> <span class='ocrx_word' id='word_1_345' title='bbox 1051 1630 1110 1664; x_wconf 92' lang='lat' dir='ltr'><strong>epi-</strong></span> 
     </span>
    </p>
   </div>
   <div class='ocr_carea' id='block_1_51' title="bbox 329 1675 1110 1712">
    <p class='ocr_par' dir='ltr' id='par_1_51' title="bbox 329 1675 1110 1712">
     <span class='ocr_line' id='line_1_51' title="bbox 329 1675 1110 1712; baseline -0.004 -7"><span class='ocrx_word' id='word_1_346' title='bbox 329 1677 421 1712; x_wconf 84' lang='lat' dir='ltr'><strong>scopis</strong></span> <span class='ocrx_word' id='word_1_347' title='bbox 435 1678 537 1712; x_wconf 88' lang='lat' dir='ltr'><strong>(neque</strong></span> <span class='ocrx_word' id='word_1_348' title='bbox 548 1676 622 1703; x_wconf 86' lang='lat' dir='ltr'><strong>enim</strong></span> <span class='ocrx_word' id='word_1_349' title='bbox 638 1683 781 1703; x_wconf 88' lang='lat' dir='ltr'><strong>numerum</strong></span> <span class='ocrx_word' id='word_1_350' title='bbox 798 1679 874 1703; x_wconf 89' lang='lat' dir='ltr'><strong>certo</strong></span> <span class='ocrx_word' id='word_1_351' title='bbox 883 1675 984 1702; x_wconf 77' lang='lat' dir='ltr'><strong>referre</strong></span> <span class='ocrx_word' id='word_1_352' title='bbox 1000 1683 1110 1710; x_wconf 86' lang='lat' dir='ltr'><strong>possum</strong></span> 
     </span>
    </p>
   </div>
   <div class='ocr_carea' id='block_1_52' title="bbox 330 1721 1111 1759">
    <p class='ocr_par' dir='ltr' id='par_1_52' title="bbox 330 1721 1111 1759">
     <span class='ocr_line' id='line_1_52' title="bbox 330 1721 1111 1759; baseline -0.004 -8"><span class='ocrx_word' id='word_1_353' title='bbox 330 1724 366 1751; x_wconf 85' lang='lat' dir='ltr'><strong>ob</strong></span> <span class='ocrx_word' id='word_1_354' title='bbox 380 1724 516 1759; x_wconf 70' lang='lat' dir='ltr'><strong>ingentem</strong></span> <span class='ocrx_word' id='word_1_355' title='bbox 528 1726 678 1750; x_wconf 84' lang='lat' dir='ltr'><strong>conventus</strong></span> <span class='ocrx_word' id='word_1_356' title='bbox 694 1722 767 1749; x_wconf 89' lang='lat' dir='ltr'><strong>illius</strong></span> <span class='ocrx_word' id='word_1_357' title='bbox 787 1721 998 1753; x_wconf 80' lang='lat' dir='ltr'><strong>multitudinem.</strong></span> <span class='ocrx_word' id='word_1_358' title='bbox 1012 1721 1111 1756; x_wconf 85' lang='lat' dir='ltr'><strong>quippe</strong></span> 
     </span>
    </p>
   </div>
   <div class='ocr_carea' id='block_1_53' title="bbox 329 1767 1110 1803">
    <p class='ocr_par' dir='ltr' id='par_1_53' title="bbox 329 1767 1110 1803">
     <span class='ocr_line' id='line_1_53' title="bbox 329 1767 1110 1803; baseline -0.003 -8"><span class='ocrx_word' id='word_1_359' title='bbox 329 1776 392 1796; x_wconf 89' lang='lat' dir='ltr'><strong>cum</strong></span> <span class='ocrx_word' id='word_1_360' title='bbox 406 1776 456 1796; x_wconf 92' lang='lat' dir='ltr'><strong>nec</strong></span> <span class='ocrx_word' id='word_1_361' title='bbox 466 1768 493 1795; x_wconf 92' lang='lat' dir='ltr'><strong>in</strong></span> <span class='ocrx_word' id='word_1_362' title='bbox 511 1775 544 1796; x_wconf 89' lang='lat' dir='ltr'><strong>eo</strong></span> <span class='ocrx_word' id='word_1_363' title='bbox 554 1768 742 1803; x_wconf 71' lang='lat' dir='ltr'><strong>investigando</strong></span> <span class='ocrx_word' id='word_1_364' title='bbox 755 1767 833 1794; x_wconf 81' lang='lat' dir='ltr'><strong>valde</strong></span> <span class='ocrx_word' id='word_1_365' title='bbox 847 1767 975 1795; x_wconf 88' lang='lat' dir='ltr'><strong>curiosus</strong></span> <span class='ocrx_word' id='word_1_366' title='bbox 990 1767 1110 1802; x_wconf 80' lang='lat' dir='ltr'><strong>fuerim),</strong></span> 
     </span>
    </p>
   </div>
   <div class='ocr_carea' id='block_1_54' title="bbox 330 1808 1111 1850">
    <p class='ocr_par' dir='ltr' id='par_1_54' title="bbox 330 1808 1111 1850">
     <span class='ocr_line' id='line_1_54' title="bbox 330 1808 1111 1850; baseline -0.004 -8"><span class='ocrx_word' id='word_1_367' title='bbox 330 1819 476 1850; x_wconf 80' lang='lat' dir='ltr'><strong>postquam</strong></span> <span class='ocrx_word' id='word_1_368' title='bbox 488 1815 521 1842; x_wconf 90' lang='lat' dir='ltr'><strong>de</strong></span> <span class='ocrx_word' id='word_1_369' title='bbox 533 1814 613 1841; x_wconf 90' lang='lat' dir='ltr'><strong>modo</strong></span> <span class='ocrx_word' id='word_1_370' title='bbox 631 1813 692 1841; x_wconf 83' lang='lat' dir='ltr'><strong>ﬁdei</strong></span> <span class='ocrx_word' id='word_1_371' title='bbox 707 1814 791 1849; x_wconf 67' lang='lat' dir='ltr'><strong>quaeri</strong></span> <span class='ocrx_word' id='word_1_372' title='bbox 803 1812 923 1849; x_wconf 67' lang='lat' dir='ltr'><strong>coeptum</strong></span> <span class='ocrx_word' id='word_1_373' title='bbox 937 1817 989 1847; x_wconf 89' lang='lat' dir='ltr'><strong>est,</strong></span> <span class='ocrx_word' id='word_1_374' title='bbox 1004 1808 1111 1840; x_wconf 75' lang='lat' dir='ltr'><strong>libellus</strong></span> 
     </span>
    </p>
   </div>
   <div class='ocr_carea' id='block_1_55' title="bbox 331 1857 1112 1894">
    <p class='ocr_par' dir='ltr' id='par_1_55' title="bbox 331 1857 1112 1894">
     <span class='ocr_line' id='line_1_55' title="bbox 331 1857 1112 1894; baseline -0.004 -7"><span class='ocrx_word' id='word_1_375' title='bbox 331 1860 442 1888; x_wconf 87' lang='lat' dir='ltr'><strong>Eusebii</strong></span> <span class='ocrx_word' id='word_1_376' title='bbox 461 1859 584 1894; x_wconf 83' lang='lat' dir='ltr'><strong>prolatus</strong></span> <span class='ocrx_word' id='word_1_377' title='bbox 598 1862 641 1886; x_wconf 89' lang='lat' dir='ltr'><strong>est</strong></span> <span class='ocrx_word' id='word_1_378' title='bbox 658 1859 686 1885; x_wconf 91' lang='lat' dir='ltr'><strong>in</strong></span> <span class='ocrx_word' id='word_1_379' title='bbox 711 1858 840 1890; x_wconf 85' lang='lat' dir='ltr'><strong>medium,</strong></span> <span class='ocrx_word' id='word_1_380' title='bbox 864 1857 924 1893; x_wconf 86' lang='lat' dir='ltr'><strong>ejus</strong></span> <span class='ocrx_word' id='word_1_381' title='bbox 937 1857 1112 1892; x_wconf 66' lang='lat' dir='ltr'><strong>blasphemiae</strong></span> 
     </span>
    </p>
   </div>
   <div class='ocr_carea' id='block_1_56' title="bbox 330 1902 1113 1938">
    <p class='ocr_par' dir='ltr' id='par_1_56' title="bbox 330 1902 1113 1938">
     <span class='ocr_line' id='line_1_56' title="bbox 330 1902 1113 1938; baseline -0.004 -6"><span class='ocrx_word' id='word_1_382' title='bbox 330 1905 513 1932; x_wconf 83' lang='lat' dir='ltr'><strong>certissimum</strong></span> <span class='ocrx_word' id='word_1_383' title='bbox 527 1907 728 1938; x_wconf 73' lang='lat' dir='ltr'><strong>argumentum.</strong></span> <span class='ocrx_word' id='word_1_384' title='bbox 745 1903 874 1936; x_wconf 86' lang='lat' dir='ltr'><strong>Quicum</strong></span> <span class='ocrx_word' id='word_1_385' title='bbox 891 1903 979 1938; x_wconf 89' lang='lat' dir='ltr'><strong>palam</strong></span> <span class='ocrx_word' id='word_1_386' title='bbox 1000 1902 1113 1929; x_wconf 88' lang='lat' dir='ltr'><strong>audien-</strong></span> 
     </span>
    </p>
   </div>
   <div class='ocr_carea' id='block_1_57' title="bbox 329 1948 1113 1980">
    <p class='ocr_par' dir='ltr' id='par_1_57' title="bbox 329 1948 1113 1980">
     <span class='ocr_line' id='line_1_57' title="bbox 329 1948 1113 1980; baseline -0.003 -2"><span class='ocrx_word' id='word_1_387' title='bbox 329 1951 404 1978; x_wconf 85' lang='lat' dir='ltr'><strong>tibus</strong></span> <span class='ocrx_word' id='word_1_388' title='bbox 419 1949 527 1977; x_wconf 86' lang='lat' dir='ltr'><strong>cunctis</strong></span> <span class='ocrx_word' id='word_1_389' title='bbox 556 1949 687 1976; x_wconf 84' lang='lat' dir='ltr'><strong>recitatus</strong></span> <span class='ocrx_word' id='word_1_390' title='bbox 704 1948 815 1980; x_wconf 84' lang='lat' dir='ltr'><strong>ruisset&#39;.</strong></span> <span class='ocrx_word' id='word_1_391' title='bbox 834 1949 925 1976; x_wconf 84' lang='lat' dir='ltr'><strong>statim</strong></span> <span class='ocrx_word' id='word_1_392' title='bbox 943 1948 1113 1976; x_wconf 86' lang='lat' dir='ltr'><strong>auditoribus</strong></span> 
     </span>
    </p>
   </div>
   <div class='ocr_carea' id='block_1_58' title="bbox 329 1995 1112 2033">
    <p class='ocr_par' dir='ltr' id='par_1_58' title="bbox 329 1995 1112 2033">
     <span class='ocr_line' id='line_1_58' title="bbox 329 1995 1112 2033; baseline -0.005 -7"><span class='ocrx_word' id='word_1_393' title='bbox 329 1998 438 2033; x_wconf 86' lang='lat' dir='ltr'><strong>quidem</strong></span> <span class='ocrx_word' id='word_1_394' title='bbox 457 1998 621 2025; x_wconf 90' lang='lat' dir='ltr'><strong>immensum</strong></span> <span class='ocrx_word' id='word_1_395' title='bbox 652 1996 774 2023; x_wconf 90' lang='lat' dir='ltr'><strong>dolorem</strong></span> <span class='ocrx_word' id='word_1_396' title='bbox 803 1997 894 2023; x_wconf 89' lang='lat' dir='ltr'><strong>attulit</strong></span> <span class='ocrx_word' id='word_1_397' title='bbox 921 1996 956 2023; x_wconf 89' lang='lat' dir='ltr'><strong>ob</strong></span> <span class='ocrx_word' id='word_1_398' title='bbox 981 1995 1112 2022; x_wconf 66' lang='lat' dir='ltr'><strong>doctrinae</strong></span> 
     </span>
    </p>
   </div>
   <div class='ocr_carea' id='block_1_59' title="bbox 330 2041 1112 2081">
    <p class='ocr_par' dir='ltr' id='par_1_59' title="bbox 330 2041 1112 2081">
     <span class='ocr_line' id='line_1_59' title="bbox 330 2041 1112 2081; baseline -0.004 -10"><span class='ocrx_word' id='word_1_399' title='bbox 330 2045 489 2081; x_wconf 78' lang='lat' dir='ltr'><strong>pravitatem</strong></span> <span class='ocrx_word' id='word_1_400' title='bbox 506 2053 512 2070; x_wconf 90' lang='lat'><strong>:</strong></span> <span class='ocrx_word' id='word_1_401' title='bbox 531 2048 668 2070; x_wconf 87' lang='lat' dir='ltr'><strong>auctorem</strong></span> <span class='ocrx_word' id='word_1_402' title='bbox 683 2047 773 2070; x_wconf 87' lang='lat' dir='ltr'><strong>autem</strong></span> <span class='ocrx_word' id='word_1_403' title='bbox 791 2043 881 2077; x_wconf 89' lang='lat' dir='ltr'><strong>ipsum</strong></span> <span class='ocrx_word' id='word_1_404' title='bbox 896 2042 997 2077; x_wconf 79' lang='lat' dir='ltr'><strong>ingenti</strong></span> <span class='ocrx_word' id='word_1_405' title='bbox 1010 2041 1112 2076; x_wconf 90' lang='lat' dir='ltr'><strong>pudore</strong></span> 
     </span>
    </p>
   </div>
   <div class='ocr_carea' id='block_1_60' title="bbox 331 2087 1111 2118">
    <p class='ocr_par' dir='ltr' id='par_1_60' title="bbox 331 2087 1111 2118">
     <span class='ocr_line' id='line_1_60' title="bbox 331 2087 1111 2118; baseline -0.005 0"><span class='ocrx_word' id='word_1_406' title='bbox 331 2099 363 2118; x_wconf 91' lang='lat' dir='ltr'><strong>ac</strong></span> <span class='ocrx_word' id='word_1_407' title='bbox 386 2091 517 2118; x_wconf 89' lang='lat' dir='ltr'><strong>dedecore</strong></span> <span class='ocrx_word' id='word_1_408' title='bbox 532 2088 631 2117; x_wconf 80' lang='lat' dir='ltr'><strong>ali‘ecit.</strong></span> <span class='ocrx_word' id='word_1_409' title='bbox 659 2089 745 2117; x_wconf 85' lang='lat' dir='ltr'><strong>Porro</strong></span> <span class='ocrx_word' id='word_1_410' title='bbox 760 2096 823 2116; x_wconf 92' lang='lat' dir='ltr'><strong>cum</strong></span> <span class='ocrx_word' id='word_1_411' title='bbox 839 2088 1054 2116; x_wconf 86' lang='lat' dir='ltr'><strong>Eusebianorum</strong></span> <span class='ocrx_word' id='word_1_412' title='bbox 1069 2087 1111 2115; x_wconf 82' lang='lat' dir='ltr'><strong>of-</strong></span> 
     </span>
    </p>
   </div>
   <div class='ocr_carea' id='block_1_61' title="bbox 331 2134 1111 2173">
    <p class='ocr_par' dir='ltr' id='par_1_61' title="bbox 331 2134 1111 2173">
     <span class='ocr_line' id='line_1_61' title="bbox 331 2134 1111 2173; baseline -0.006 -8"><span class='ocrx_word' id='word_1_413' title='bbox 331 2138 411 2165; x_wconf 77' lang='lat' dir='ltr'><strong>ﬁcina</strong></span> <span class='ocrx_word' id='word_1_414' title='bbox 424 2137 479 2171; x_wconf 84' lang='lat' dir='ltr'><strong>jam</strong></span> <span class='ocrx_word' id='word_1_415' title='bbox 491 2135 596 2163; x_wconf 88' lang='lat' dir='ltr'><strong>detecta</strong></span> <span class='ocrx_word' id='word_1_416' title='bbox 612 2139 695 2168; x_wconf 86' lang='lat' dir='ltr'><strong>esset,</strong></span> <span class='ocrx_word' id='word_1_417' title='bbox 708 2140 735 2163; x_wconf 85' lang='lat' dir='ltr'><strong>et</strong></span> <span class='ocrx_word' id='word_1_418' title='bbox 747 2135 847 2170; x_wconf 87' lang='lat' dir='ltr'><strong>impius</strong></span> <span class='ocrx_word' id='word_1_419' title='bbox 864 2134 971 2161; x_wconf 87' lang='lat' dir='ltr'><strong>libellus</strong></span> <span class='ocrx_word' id='word_1_420' title='bbox 991 2134 1020 2160; x_wconf 91' lang='lat' dir='ltr'><strong>in</strong></span> <span class='ocrx_word' id='word_1_421' title='bbox 1043 2141 1111 2173; x_wconf 77' lang='lat' dir='ltr'><strong>con-</strong></span> 
     </span>
    </p>
   </div>
   <div class='ocr_carea' id='block_1_62' title="bbox 330 2178 1111 2218">
    <p class='ocr_par' dir='ltr' id='par_1_62' title="bbox 330 2178 1111 2218">
     <span class='ocr_line' id='line_1_62' title="bbox 330 2178 1111 2218; baseline -0.006 -8"><span class='ocrx_word' id='word_1_422' title='bbox 330 2187 424 2218; x_wconf 81' lang='lat' dir='ltr'><strong>spectu</strong></span> <span class='ocrx_word' id='word_1_423' title='bbox 440 2180 562 2208; x_wconf 91' lang='lat' dir='ltr'><strong>omnium</strong></span> <span class='ocrx_word' id='word_1_424' title='bbox 590 2179 767 2214; x_wconf 83' lang='lat' dir='ltr'><strong>discerptus;</strong></span> <span class='ocrx_word' id='word_1_425' title='bbox 798 2179 908 2214; x_wconf 83' lang='lat' dir='ltr'><strong>quidam</strong></span> <span class='ocrx_word' id='word_1_426' title='bbox 933 2178 1111 2209; x_wconf 78' lang='lat' dir='ltr'><strong>nihilominus</strong></span> 
     </span>
    </p>
   </div>
   <div class='ocr_carea' id='block_1_63' title="bbox 1163 1580 1944 1618">
    <p class='ocr_par' dir='ltr' id='par_1_63' title="bbox 1163 1580 1944 1618">
     <span class='ocr_line' id='line_1_63' title="bbox 1163 1580 1944 1618; baseline -0.001 -9"><span class='ocrx_word' id='word_1_427' title='bbox 1163 1583 1262 1618; x_wconf 81' lang='grc' dir='ltr'>γμένα.</span> <span class='ocrx_word' id='word_1_428' title='bbox 1281 1583 1313 1609; x_wconf 87' lang='grc' dir='ltr'>Τί</span> <span class='ocrx_word' id='word_1_429' title='bbox 1330 1580 1392 1615; x_wconf 83' lang='grc' dir='ltr'>οὗν;</span> <span class='ocrx_word' id='word_1_430' title='bbox 1407 1583 1500 1618; x_wconf 85' lang='grc' dir='ltr'>ἐπειδὴ</span> <span class='ocrx_word' id='word_1_431' title='bbox 1511 1582 1555 1609; x_wconf 83' lang='grc' dir='ltr'><strong>διὰ</strong></span> <span class='ocrx_word' id='word_1_432' title='bbox 1567 1582 1651 1609; x_wconf 85' lang='grc' dir='ltr'>ταῦτα</span> <span class='ocrx_word' id='word_1_433' title='bbox 1666 1582 1772 1613; x_wconf 78' lang='grc' dir='ltr'>σύνοδος</span> <span class='ocrx_word' id='word_1_434' title='bbox 1781 1583 1822 1613; x_wconf 86' lang='grc' dir='ltr'><strong>είς</strong></span> <span class='ocrx_word' id='word_1_435' title='bbox 1833 1582 1882 1617; x_wconf 73' lang='grc' dir='ltr'>τὴν</span> <span class='ocrx_word' id='word_1_436' title='bbox 1895 1582 1944 1608; x_wconf 83' lang='grc' dir='ltr'><strong>Νι-</strong></span> 
     </span>
    </p>
   </div>
   <div class='ocr_carea' id='block_1_64' title="bbox 1164 1629 1946 1665">
    <p class='ocr_par' dir='ltr' id='par_1_64' title="bbox 1164 1629 1946 1665">
     <span class='ocr_line' id='line_1_64' title="bbox 1164 1629 1946 1665; baseline -0.001 -9"><span class='ocrx_word' id='word_1_437' title='bbox 1164 1630 1252 1657; x_wconf 79' lang='grc' dir='ltr'>καέων</span> <span class='ocrx_word' id='word_1_438' title='bbox 1267 1630 1419 1664; x_wconf 83' lang='grc' dir='ltr'>ἀφικνεῖται</span> <span class='ocrx_word' id='word_1_439' title='bbox 1436 1629 1565 1665; x_wconf 79' lang='grc' dir='ltr'><strong>μεγίστη,</strong></span> <span class='ocrx_word' id='word_1_440' title='bbox 1587 1630 1730 1656; x_wconf 82' lang='grc' dir='ltr'>διακοσίων</span> <span class='ocrx_word' id='word_1_441' title='bbox 1748 1629 1812 1664; x_wconf 80' lang='grc' dir='ltr'>μήτι</span> <span class='ocrx_word' id='word_1_442' title='bbox 1836 1637 1867 1663; x_wconf 89' lang='grc' dir='ltr'><strong>γε</strong></span> <span class='ocrx_word' id='word_1_443' title='bbox 1897 1629 1946 1656; x_wconf 76' lang='grc' dir='ltr'>καὶ</span> 
     </span>
    </p>
   </div>
   <div class='ocr_carea' id='block_1_65' title="bbox 1164 1673 1945 1710">
    <p class='ocr_par' dir='ltr' id='par_1_65' title="bbox 1164 1673 1945 1710">
     <span class='ocr_line' id='line_1_65' title="bbox 1164 1673 1945 1710; baseline 0 -10"><span class='ocrx_word' id='word_1_444' title='bbox 1164 1675 1348 1710; x_wconf 78' lang='grc' dir='ltr'>ἐϐδομήκοντα</span> <span class='ocrx_word' id='word_1_445' title='bbox 1360 1674 1405 1700; x_wconf 79' lang='grc' dir='ltr'>τὸν</span> <span class='ocrx_word' id='word_1_446' title='bbox 1418 1674 1532 1710; x_wconf 80' lang='grc' dir='ltr'>ἀριθμὸν</span> <span class='ocrx_word' id='word_1_447' title='bbox 1545 1674 1626 1709; x_wconf 81' lang='grc' dir='ltr'>ὁμόσε</span> <span class='ocrx_word' id='word_1_448' title='bbox 1639 1674 1830 1710; x_wconf 80' lang='grc' dir='ltr'><strong>συναχθέντων·</strong></span> <span class='ocrx_word' id='word_1_449' title='bbox 1847 1674 1877 1701; x_wconf 81' lang='grc' dir='ltr'>τὸ</span> <span class='ocrx_word' id='word_1_450' title='bbox 1890 1673 1945 1710; x_wconf 88' lang='grc' dir='ltr'><strong>γάρ</strong></span> 
     </span>
    </p>
   </div>
   <div class='ocr_carea' id='block_1_66' title="bbox 1164 1717 1944 1755">
    <p class='ocr_par' dir='ltr' id='par_1_66' title="bbox 1164 1717 1944 1755">
     <span class='ocr_line' id='line_1_66' title="bbox 1164 1717 1944 1755; baseline 0.001 -10"><span class='ocrx_word' id='word_1_451' title='bbox 1164 1720 1248 1754; x_wconf 80' lang='grc' dir='ltr'>σαφὲς</span> <span class='ocrx_word' id='word_1_452' title='bbox 1267 1719 1312 1746; x_wconf 83' lang='grc' dir='ltr'>διὰ</span> <span class='ocrx_word' id='word_1_453' title='bbox 1332 1719 1378 1746; x_wconf 80' lang='grc' dir='ltr'><strong>τὸν</strong></span> <span class='ocrx_word' id='word_1_454' title='bbox 1401 1719 1452 1754; x_wconf 81' lang='grc' dir='ltr'>τῆς</span> <span class='ocrx_word' id='word_1_455' title='bbox 1472 1719 1650 1755; x_wconf 84' lang='grc' dir='ltr'>πολυανδρίας</span> <span class='ocrx_word' id='word_1_456' title='bbox 1671 1719 1748 1754; x_wconf 81' lang='grc' dir='ltr'>δχλον</span> <span class='ocrx_word' id='word_1_457' title='bbox 1763 1720 1812 1755; x_wconf 84' lang='grc' dir='ltr'>οὐχ</span> <span class='ocrx_word' id='word_1_458' title='bbox 1837 1717 1892 1751; x_wconf 77' lang='grc' dir='ltr'>οἷός</span> <span class='ocrx_word' id='word_1_459' title='bbox 1912 1720 1944 1746; x_wconf 78' lang='grc' dir='ltr'>τέ</span> 
     </span>
    </p>
   </div>
   <div class='ocr_carea' id='block_1_67' title="bbox 1163 1763 1945 1801">
    <p class='ocr_par' dir='ltr' id='par_1_67' title="bbox 1163 1763 1945 1801">
     <span class='ocr_line' id='line_1_67' title="bbox 1163 1763 1945 1801; baseline 0.001 -11"><span class='ocrx_word' id='word_1_460' title='bbox 1163 1765 1221 1800; x_wconf 82' lang='grc' dir='ltr'>εἰμι</span> <span class='ocrx_word' id='word_1_461' title='bbox 1233 1764 1357 1800; x_wconf 81' lang='grc' dir='ltr'>γράφειν,</span> <span class='ocrx_word' id='word_1_462' title='bbox 1366 1764 1458 1800; x_wconf 79' lang='grc' dir='ltr'>ἐπειδὴ</span> <span class='ocrx_word' id='word_1_463' title='bbox 1470 1763 1507 1800; x_wconf 81' lang='grc' dir='ltr'>μὴ</span> <span class='ocrx_word' id='word_1_464' title='bbox 1521 1764 1608 1800; x_wconf 81' lang='grc' dir='ltr'>πάντη</span> <span class='ocrx_word' id='word_1_465' title='bbox 1619 1764 1698 1791; x_wconf 86' lang='grc' dir='ltr'>τοῦτο</span> <span class='ocrx_word' id='word_1_466' title='bbox 1708 1765 1945 1801; x_wconf 76' lang='grc' dir='ltr'>περισπουδάστως</span> 
     </span>
    </p>
   </div>
   <div class='ocr_carea' id='block_1_68' title="bbox 1163 1808 1945 1846">
    <p class='ocr_par' dir='ltr' id='par_1_68' title="bbox 1163 1808 1945 1846">
     <span class='ocr_line' id='line_1_68' title="bbox 1163 1808 1945 1846; baseline 0 -10"><span class='ocrx_word' id='word_1_467' title='bbox 1163 1809 1318 1844; x_wconf 86' lang='grc' dir='ltr'>ἀνίχνευον·</span> <span class='ocrx_word' id='word_1_468' title='bbox 1336 1809 1374 1841; x_wconf 84' lang='grc' dir='ltr'><strong>ὡς</strong></span> <span class='ocrx_word' id='word_1_469' title='bbox 1391 1809 1419 1836; x_wconf 82' lang='grc' dir='ltr'>δὲ</span> <span class='ocrx_word' id='word_1_470' title='bbox 1443 1808 1565 1845; x_wconf 73' lang='grc' dir='ltr'>ἐζητεῖτο</span> <span class='ocrx_word' id='word_1_471' title='bbox 1585 1810 1635 1845; x_wconf 77' lang='grc' dir='ltr'>τῆς</span> <span class='ocrx_word' id='word_1_472' title='bbox 1663 1810 1780 1841; x_wconf 85' lang='grc' dir='ltr'>πίστεως</span> <span class='ocrx_word' id='word_1_473' title='bbox 1802 1811 1817 1837; x_wconf 91' lang='grc' dir='ltr'><strong>ό</strong></span> <span class='ocrx_word' id='word_1_474' title='bbox 1834 1810 1945 1846; x_wconf 80' lang='grc' dir='ltr'>τρόπος,</span> 
     </span>
    </p>
   </div>
   <div class='ocr_carea' id='block_1_69' title="bbox 1164 1853 1946 1891">
    <p class='ocr_par' dir='ltr' id='par_1_69' title="bbox 1164 1853 1946 1891">
     <span class='ocr_line' id='line_1_69' title="bbox 1164 1853 1946 1891; baseline 0.001 -12"><span class='ocrx_word' id='word_1_475' title='bbox 1164 1853 1280 1890; x_wconf 73' lang='grc' dir='ltr'>ἐναργὴς</span> <span class='ocrx_word' id='word_1_476' title='bbox 1296 1853 1348 1889; x_wconf 83' lang='grc' dir='ltr'><strong>μὴν</strong></span> <span class='ocrx_word' id='word_1_477' title='bbox 1365 1853 1474 1889; x_wconf 75' lang='grc' dir='ltr'>ἐλεγχος</span> <span class='ocrx_word' id='word_1_478' title='bbox 1489 1854 1520 1880; x_wconf 86' lang='grc' dir='ltr'><strong>τδ</strong></span> <span class='ocrx_word' id='word_1_479' title='bbox 1533 1854 1648 1890; x_wconf 81' lang='grc' dir='ltr'>γράμμα</span> <span class='ocrx_word' id='word_1_480' title='bbox 1660 1854 1711 1889; x_wconf 81' lang='grc' dir='ltr'>τῆς</span> <span class='ocrx_word' id='word_1_481' title='bbox 1723 1854 1851 1881; x_wconf 78' lang='grc' dir='ltr'>Εὑσεὸίου</span> <span class='ocrx_word' id='word_1_482' title='bbox 1866 1854 1946 1891; x_wconf 82' lang='grc' dir='ltr'>πρού-</span> 
     </span>
    </p>
   </div>
   <div class='ocr_carea' id='block_1_70' title="bbox 1165 1898 1944 1934">
    <p class='ocr_par' dir='ltr' id='par_1_70' title="bbox 1165 1898 1944 1934">
     <span class='ocr_line' id='line_1_70' title="bbox 1165 1898 1944 1934; baseline 0.001 -9"><span class='ocrx_word' id='word_1_483' title='bbox 1165 1898 1276 1926; x_wconf 78' lang='grc' dir='ltr'>σάλλετο</span> <span class='ocrx_word' id='word_1_484' title='bbox 1293 1899 1475 1934; x_wconf 79' lang='grc' dir='ltr'>βλασφημίας.</span> <span class='ocrx_word' id='word_1_485' title='bbox 1506 1899 1567 1926; x_wconf 80' lang='grc' dir='ltr'><strong>Ἐπὶ</strong></span> <span class='ocrx_word' id='word_1_486' title='bbox 1589 1899 1696 1926; x_wconf 75' lang='grc' dir='ltr'>πάντων</span> <span class='ocrx_word' id='word_1_487' title='bbox 1718 1899 1746 1926; x_wconf 83' lang='grc' dir='ltr'>δὲ</span> <span class='ocrx_word' id='word_1_488' title='bbox 1762 1899 1944 1933; x_wconf 81' lang='grc' dir='ltr'>ἀναγνωσθὲν,</span> 
     </span>
    </p>
   </div>
   <div class='ocr_carea' id='block_1_71' title="bbox 1164 1944 1946 1981">
    <p class='ocr_par' dir='ltr' id='par_1_71' title="bbox 1164 1944 1946 1981">
     <span class='ocr_line' id='line_1_71' title="bbox 1164 1944 1946 1981; baseline 0.001 -10"><span class='ocrx_word' id='word_1_489' title='bbox 1164 1945 1263 1971; x_wconf 85' lang='grc' dir='ltr'>αὐτίκα</span> <span class='ocrx_word' id='word_1_490' title='bbox 1289 1945 1431 1980; x_wconf 81' lang='grc' dir='ltr'>συμφορὰν</span> <span class='ocrx_word' id='word_1_491' title='bbox 1458 1944 1511 1980; x_wconf 87' lang='grc' dir='ltr'>μὴν</span> <span class='ocrx_word' id='word_1_492' title='bbox 1539 1944 1711 1980; x_wconf 86' lang='grc' dir='ltr'>ἀστάθμητον</span> <span class='ocrx_word' id='word_1_493' title='bbox 1734 1946 1784 1981; x_wconf 81' lang='grc' dir='ltr'><strong>τῆς</strong></span> <span class='ocrx_word' id='word_1_494' title='bbox 1809 1946 1946 1981; x_wconf 72' lang='grc' dir='ltr'>ἐκτροπῆς</span> 
     </span>
    </p>
   </div>
   <div class='ocr_carea' id='block_1_72' title="bbox 1164 1990 1944 2028">
    <p class='ocr_par' dir='ltr' id='par_1_72' title="bbox 1164 1990 1944 2028">
     <span class='ocr_line' id='line_1_72' title="bbox 1164 1990 1944 2028; baseline 0.001 -11"><span class='ocrx_word' id='word_1_495' title='bbox 1164 1991 1246 2017; x_wconf 71' lang='grc' dir='ltr'>ἕνεκα</span> <span class='ocrx_word' id='word_1_496' title='bbox 1271 1992 1327 2023; x_wconf 86' lang='grc' dir='ltr'>τοῖς</span> <span class='ocrx_word' id='word_1_497' title='bbox 1343 1991 1487 2026; x_wconf 78' lang='grc' dir='ltr'>αὑτηκόοις</span> <span class='ocrx_word' id='word_1_498' title='bbox 1504 1990 1661 2027; x_wconf 77' lang='grc' dir='ltr'>προύξένει·</span> <span class='ocrx_word' id='word_1_499' title='bbox 1685 1992 1815 2027; x_wconf 84' lang='grc' dir='ltr'>αἰσχύνην</span> <span class='ocrx_word' id='word_1_500' title='bbox 1836 1991 1858 2018; x_wconf 80' lang='grc' dir='ltr'>δ’</span> <span class='ocrx_word' id='word_1_501' title='bbox 1879 1992 1944 2028; x_wconf 80' lang='grc' dir='ltr'>ἀνή-</span> 
     </span>
    </p>
   </div>
   <div class='ocr_carea' id='block_1_73' title="bbox 1165 2035 1945 2073">
    <p class='ocr_par' dir='ltr' id='par_1_73' title="bbox 1165 2035 1945 2073">
     <span class='ocr_line' id='line_1_73' title="bbox 1165 2035 1945 2073; baseline 0.003 -11"><span class='ocrx_word' id='word_1_502' title='bbox 1165 2044 1258 2062; x_wconf 86' lang='grc' dir='ltr'>κεστον</span> <span class='ocrx_word' id='word_1_503' title='bbox 1274 2035 1312 2071; x_wconf 84' lang='grc' dir='ltr'>τῷ</span> <span class='ocrx_word' id='word_1_504' title='bbox 1329 2036 1465 2072; x_wconf 80' lang='grc' dir='ltr'>γράψαντι</span> <span class='ocrx_word' id='word_1_505' title='bbox 1485 2037 1624 2071; x_wconf 87' lang='grc' dir='ltr'>παρεῖχεν.</span> <span class='ocrx_word' id='word_1_506' title='bbox 1649 2036 1755 2071; x_wconf 80' lang='grc' dir='ltr'>Ἐπειδὴ</span> <span class='ocrx_word' id='word_1_507' title='bbox 1773 2036 1800 2062; x_wconf 80' lang='grc' dir='ltr'>δὲ</span> <span class='ocrx_word' id='word_1_508' title='bbox 1815 2036 1845 2063; x_wconf 82' lang='grc' dir='ltr'>τὸ</span> <span class='ocrx_word' id='word_1_509' title='bbox 1861 2037 1945 2073; x_wconf 83' lang='grc' dir='ltr'>ἐργα-</span> 
     </span>
    </p>
   </div>
   <div class='ocr_carea' id='block_1_74' title="bbox 1166 2082 1945 2117">
    <p class='ocr_par' dir='ltr' id='par_1_74' title="bbox 1166 2082 1945 2117">
     <span class='ocr_line' id='line_1_74' title="bbox 1166 2082 1945 2117; baseline 0.003 -9"><span class='ocrx_word' id='word_1_510' title='bbox 1166 2082 1276 2117; x_wconf 82' lang='grc' dir='ltr'>στήριον</span> <span class='ocrx_word' id='word_1_511' title='bbox 1289 2082 1343 2108; x_wconf 85' lang='grc' dir='ltr'>τῶν</span> <span class='ocrx_word' id='word_1_512' title='bbox 1355 2082 1425 2117; x_wconf 76' lang='grc' dir='ltr'>ἀμφὶ</span> <span class='ocrx_word' id='word_1_513' title='bbox 1439 2082 1484 2108; x_wconf 78' lang='grc' dir='ltr'>τὸν</span> <span class='ocrx_word' id='word_1_514' title='bbox 1496 2082 1624 2108; x_wconf 81' lang='grc' dir='ltr'>Εὑσέὸιον</span> <span class='ocrx_word' id='word_1_515' title='bbox 1635 2082 1726 2117; x_wconf 81' lang='grc' dir='ltr'>σαφῶς</span> <span class='ocrx_word' id='word_1_516' title='bbox 1739 2082 1819 2114; x_wconf 78' lang='grc' dir='ltr'>ἑάλω,</span> <span class='ocrx_word' id='word_1_517' title='bbox 1832 2083 1878 2110; x_wconf 81' lang='grc' dir='ltr'><strong>τοῦ</strong></span> <span class='ocrx_word' id='word_1_518' title='bbox 1893 2092 1945 2110; x_wconf 80' lang='grc' dir='ltr'>πα-</span> 
     </span>
    </p>
   </div>
   <div class='ocr_carea' id='block_1_75' title="bbox 1164 2127 1944 2163">
    <p class='ocr_par' dir='ltr' id='par_1_75' title="bbox 1164 2127 1944 2163">
     <span class='ocr_line' id='line_1_75' title="bbox 1164 2127 1944 2163; baseline 0.003 -9"><span class='ocrx_word' id='word_1_519' title='bbox 1164 2128 1282 2163; x_wconf 85' lang='grc' dir='ltr'>ρανόμου</span> <span class='ocrx_word' id='word_1_520' title='bbox 1297 2128 1459 2163; x_wconf 83' lang='grc' dir='ltr'>γράμματος</span> <span class='ocrx_word' id='word_1_521' title='bbox 1478 2127 1670 2163; x_wconf 80' lang='grc' dir='ltr'>διαῤῥαγέντος</span> <span class='ocrx_word' id='word_1_522' title='bbox 1686 2128 1731 2154; x_wconf 79' lang='grc' dir='ltr'><strong>ὑπ’</strong></span> <span class='ocrx_word' id='word_1_523' title='bbox 1751 2128 1810 2162; x_wconf 79' lang='grc' dir='ltr'>δψει</span> <span class='ocrx_word' id='word_1_524' title='bbox 1825 2129 1944 2160; x_wconf 74' lang='grc' dir='ltr'>πάντων,</span> 
     </span>
    </p>
   </div>
   <div class='ocr_carea' id='block_1_76' title="bbox 1164 2173 1945 2211">
    <p class='ocr_par' dir='ltr' id='par_1_76' title="bbox 1164 2173 1945 2211">
     <span class='ocr_line' id='line_1_76' title="bbox 1164 2173 1945 2211; baseline 0.001 -11"><span class='ocrx_word' id='word_1_525' title='bbox 1164 2173 1231 2208; x_wconf 83' lang='grc' dir='ltr'>ὁμοῦ</span> <span class='ocrx_word' id='word_1_526' title='bbox 1248 2182 1319 2205; x_wconf 82' lang='grc' dir='ltr'>τινες</span> <span class='ocrx_word' id='word_1_527' title='bbox 1336 2174 1368 2200; x_wconf 79' lang='grc' dir='ltr'><strong>ἐκ</strong></span> <span class='ocrx_word' id='word_1_528' title='bbox 1383 2173 1526 2208; x_wconf 70' lang='grc' dir='ltr'>ωσκευῆς,</span> <span class='ocrx_word' id='word_1_529' title='bbox 1538 2173 1656 2209; x_wconf 80' lang='grc' dir='ltr'>τοῦνομα</span> <span class='ocrx_word' id='word_1_530' title='bbox 1671 2173 1881 2210; x_wconf 74' lang='grc' dir='ltr'>προϐαλλόμενοι</span> <span class='ocrx_word' id='word_1_531' title='bbox 1896 2175 1945 2211; x_wconf 83' lang='grc' dir='ltr'>τῆς</span> 
     </span>
    </p>
   </div>
   <div class='ocr_carea' id='block_1_77' title="bbox 329 2218 1179 2261">
    <p class='ocr_par' dir='ltr' id='par_1_77' title="bbox 329 2223 1179 2261">
     <span class='ocr_line' id='line_1_77' title="bbox 329 2223 1179 2261; baseline -0.005 -5"><span class='ocrx_word' id='word_1_532' title='bbox 329 2236 364 2256; x_wconf 80' lang='lat' dir='ltr'><strong>ex</strong></span> <span class='ocrx_word' id='word_1_533' title='bbox 379 2227 531 2261; x_wconf 86' lang='lat' dir='ltr'><strong>composito</strong></span> <span class='ocrx_word' id='word_1_534' title='bbox 548 2233 646 2253; x_wconf 91' lang='lat' dir='ltr'><strong>nomen</strong></span> <span class='ocrx_word' id='word_1_535' title='bbox 662 2226 738 2260; x_wconf 86' lang='lat' dir='ltr'><strong>pacis</strong></span> <span class='ocrx_word' id='word_1_536' title='bbox 765 2224 964 2260; x_wconf 70' lang='lat' dir='ltr'><strong>praetendentes</strong></span> <span class='ocrx_word' id='word_1_537' title='bbox 974 2243 982 2256; x_wconf 89' lang='lat'><strong>,</strong></span> <span class='ocrx_word' id='word_1_538' title='bbox 999 2223 1112 2258; x_wconf 83' lang='lat' dir='ltr'><strong>reliquis</strong></span> <span class='ocrx_word' id='word_1_539' title='bbox 1127 2224 1150 2252; x_wconf 74' lang='grc' dir='ltr'><strong><em>Β</em></strong></span> <span class='ocrx_word' id='word_1_540' title='bbox 1166 2228 1179 2245; x_wconf 83' lang='grc' dir='ltr'><strong>ε</strong></span> 
     </span>
    </p>
   </div>
   <div class='ocr_carea' id='block_1_78' title="bbox 1095 2218 1945 2261">
    <p class='ocr_par' dir='ltr' id='par_1_78' title="bbox 1095 2218 1945 2255">
     <span class='ocr_line' id='line_1_78' title="bbox 1095 2218 1945 2255; baseline 0.002 -10"><span class='ocrx_word' id='word_1_541' title='bbox 1095 2231 1112 2251; x_wconf 53' lang='grc' dir='ltr'>γε</span> <span class='ocrx_word' id='word_1_542' title='bbox 1127 2224 1150 2252; x_wconf 73' lang='grc' dir='ltr'><strong>ι)</strong></span> <span class='ocrx_word' id='word_1_543' title='bbox 1166 2219 1286 2254; x_wconf 74' lang='grc' dir='ltr'>εἰρήνης,</span> <span class='ocrx_word' id='word_1_544' title='bbox 1304 2218 1485 2254; x_wconf 82' lang='grc' dir='ltr'>κατεσίγησαν</span> <span class='ocrx_word' id='word_1_545' title='bbox 1505 2219 1554 2254; x_wconf 77' lang='grc' dir='ltr'>μὲν</span> <span class='ocrx_word' id='word_1_546' title='bbox 1573 2219 1696 2251; x_wconf 78' lang='grc' dir='ltr'>ἅπαντας</span> <span class='ocrx_word' id='word_1_547' title='bbox 1711 2220 1773 2251; x_wconf 79' lang='grc' dir='ltr'>τοὺς</span> <span class='ocrx_word' id='word_1_548' title='bbox 1789 2220 1888 2255; x_wconf 74' lang='grc' dir='ltr'>ἄριστα</span> <span class='ocrx_word' id='word_1_549' title='bbox 1902 2220 1945 2248; x_wconf 72' lang='grc' dir='ltr'><strong>λέ-</strong></span> 
     </span>
    </p>
   </div>
   <div class='ocr_carea' id='block_1_79' title="bbox 329 2269 1113 2307">
    <p class='ocr_par' dir='ltr' id='par_1_79' title="bbox 329 2269 1113 2307">
     <span class='ocr_line' id='line_1_79' title="bbox 329 2269 1113 2307; baseline -0.006 -6"><span class='ocrx_word' id='word_1_550' title='bbox 329 2273 457 2301; x_wconf 86' lang='lat' dir='ltr'><strong>omnibus</strong></span> <span class='ocrx_word' id='word_1_551' title='bbox 471 2272 517 2307; x_wconf 91' lang='lat' dir='ltr'><strong>qui</strong></span> <span class='ocrx_word' id='word_1_552' title='bbox 535 2271 637 2306; x_wconf 85' lang='lat' dir='ltr'><strong>optima</strong></span> <span class='ocrx_word' id='word_1_553' title='bbox 656 2271 748 2298; x_wconf 89' lang='lat' dir='ltr'><strong>dicere</strong></span> <span class='ocrx_word' id='word_1_554' title='bbox 776 2272 999 2301; x_wconf 87' lang='lat' dir='ltr'><strong>consueverant,</strong></span> <span class='ocrx_word' id='word_1_555' title='bbox 1028 2269 1113 2297; x_wconf 81' lang='lat' dir='ltr'><strong>silen-</strong></span> 
     </span>
    </p>
   </div>
   <div class='ocr_carea' id='block_1_80' title="bbox 329 2316 1113 2353">
    <p class='ocr_par' dir='ltr' id='par_1_80' title="bbox 329 2316 1113 2353">
     <span class='ocr_line' id='line_1_80' title="bbox 329 2316 1113 2353; baseline -0.006 -7"><span class='ocrx_word' id='word_1_556' title='bbox 329 2319 398 2346; x_wconf 88' lang='lat' dir='ltr'><strong>tium</strong></span> <span class='ocrx_word' id='word_1_557' title='bbox 416 2319 615 2353; x_wconf 87' lang='lat' dir='ltr'><strong>imposuerunt.</strong></span> <span class='ocrx_word' id='word_1_558' title='bbox 632 2316 725 2343; x_wconf 81' lang='lat' dir='ltr'><strong>Ariani</strong></span> <span class='ocrx_word' id='word_1_559' title='bbox 740 2323 815 2347; x_wconf 86' lang='lat' dir='ltr'><strong>vero,</strong></span> <span class='ocrx_word' id='word_1_560' title='bbox 832 2318 985 2342; x_wconf 87' lang='lat' dir='ltr'><strong>metuentes</strong></span> <span class='ocrx_word' id='word_1_561' title='bbox 1012 2322 1057 2344; x_wconf 87' lang='lat' dir='ltr'><strong>ne.</strong></span> <span class='ocrx_word' id='word_1_562' title='bbox 1072 2318 1113 2342; x_wconf 87' lang='lat' dir='ltr'><strong>tot</strong></span> 
     </span>
    </p>
   </div>
   <div class='ocr_carea' id='block_1_81' title="bbox 330 2360 1113 2400">
    <p class='ocr_par' dir='ltr' id='par_1_81' title="bbox 330 2360 1113 2400">
     <span class='ocr_line' id='line_1_81' title="bbox 330 2360 1113 2400; baseline -0.006 -8"><span class='ocrx_word' id='word_1_563' title='bbox 330 2364 466 2400; x_wconf 87' lang='lat' dir='ltr'><strong>episcopis</strong></span> <span class='ocrx_word' id='word_1_564' title='bbox 488 2364 517 2391; x_wconf 91' lang='lat' dir='ltr'><strong>in</strong></span> <span class='ocrx_word' id='word_1_565' title='bbox 535 2371 619 2391; x_wconf 93' lang='lat' dir='ltr'><strong>unum</strong></span> <span class='ocrx_word' id='word_1_566' title='bbox 631 2362 812 2397; x_wconf 68' lang='lat' dir='ltr'><strong>congregatis,</strong></span> <span class='ocrx_word' id='word_1_567' title='bbox 830 2361 883 2396; x_wconf 89' lang='lat' dir='ltr'><strong>ipsi</strong></span> <span class='ocrx_word' id='word_1_568' title='bbox 899 2360 1020 2388; x_wconf 83' lang='lat' dir='ltr'><strong>Ecclesia</strong></span> <span class='ocrx_word' id='word_1_569' title='bbox 1031 2360 1113 2395; x_wconf 85' lang='lat' dir='ltr'><strong>ejice-</strong></span> 
     </span>
    </p>
   </div>
   <div class='ocr_carea' id='block_1_82' title="bbox 330 2405 1113 2443">
    <p class='ocr_par' dir='ltr' id='par_1_82' title="bbox 330 2405 1113 2443">
     <span class='ocr_line' id='line_1_82' title="bbox 330 2405 1113 2443; baseline -0.006 -6"><span class='ocrx_word' id='word_1_570' title='bbox 330 2413 436 2442; x_wconf 90' lang='lat' dir='ltr'><strong>rentur,</strong></span> <span class='ocrx_word' id='word_1_571' title='bbox 447 2409 474 2436; x_wconf 93' lang='lat' dir='ltr'><strong>in</strong></span> <span class='ocrx_word' id='word_1_572' title='bbox 486 2408 605 2436; x_wconf 89' lang='lat' dir='ltr'><strong>medium</strong></span> <span class='ocrx_word' id='word_1_573' title='bbox 620 2408 803 2443; x_wconf 85' lang='lat' dir='ltr'><strong>prosilientes,</strong></span> <span class='ocrx_word' id='word_1_574' title='bbox 814 2407 912 2442; x_wconf 78' lang='lat' dir='ltr'><strong>dogma</strong></span> <span class='ocrx_word' id='word_1_575' title='bbox 926 2406 997 2441; x_wconf 90' lang='lat' dir='ltr'><strong>quod</strong></span> <span class='ocrx_word' id='word_1_576' title='bbox 1011 2405 1113 2441; x_wconf 89' lang='lat' dir='ltr'><strong>impro-</strong></span> 
     </span>
    </p>
   </div>
   <div class='ocr_carea' id='block_1_83' title="bbox 331 2451 1113 2486">
    <p class='ocr_par' dir='ltr' id='par_1_83' title="bbox 331 2451 1113 2486">
     <span class='ocr_line' id='line_1_83' title="bbox 331 2451 1113 2486; baseline -0.006 -4"><span class='ocrx_word' id='word_1_577' title='bbox 331 2455 424 2483; x_wconf 84' lang='lat' dir='ltr'><strong>batum</strong></span> <span class='ocrx_word' id='word_1_578' title='bbox 436 2453 535 2485; x_wconf 81' lang='lat' dir='ltr'><strong>fuerat.</strong></span> <span class='ocrx_word' id='word_1_579' title='bbox 550 2453 722 2480; x_wconf 87' lang='lat' dir='ltr'><strong>anathemate</strong></span> <span class='ocrx_word' id='word_1_580' title='bbox 732 2452 908 2484; x_wconf 84' lang='lat' dir='ltr'><strong>damnarunt,</strong></span> <span class='ocrx_word' id='word_1_581' title='bbox 918 2455 945 2478; x_wconf 89' lang='lat' dir='ltr'><strong>et</strong></span> <span class='ocrx_word' id='word_1_582' title='bbox 961 2451 1052 2478; x_wconf 90' lang='lat' dir='ltr'><strong>libello</strong></span> <span class='ocrx_word' id='word_1_583' title='bbox 1066 2451 1113 2486; x_wconf 92' lang='lat' dir='ltr'><strong>qui</strong></span> 
     </span>
    </p>
   </div>
   <div class='ocr_carea' id='block_1_84' title="bbox 331 2497 1114 2533">
    <p class='ocr_par' dir='ltr' id='par_1_84' title="bbox 331 2497 1114 2533">
     <span class='ocr_line' id='line_1_84' title="bbox 331 2497 1114 2533; baseline -0.005 -5"><span class='ocrx_word' id='word_1_584' title='bbox 331 2500 455 2528; x_wconf 86' lang='lat' dir='ltr'><strong>unanimi</strong></span> <span class='ocrx_word' id='word_1_585' title='bbox 466 2500 587 2527; x_wconf 89' lang='lat' dir='ltr'><strong>omnium</strong></span> <span class='ocrx_word' id='word_1_586' title='bbox 602 2506 737 2526; x_wconf 87' lang='lat' dir='ltr'><strong>consensu</strong></span> <span class='ocrx_word' id='word_1_587' title='bbox 754 2498 927 2533; x_wconf 88' lang='lat' dir='ltr'><strong>conscriptus</strong></span> <span class='ocrx_word' id='word_1_588' title='bbox 939 2497 1036 2529; x_wconf 82' lang='lat' dir='ltr'><strong>fuerat,</strong></span> <span class='ocrx_word' id='word_1_589' title='bbox 1050 2505 1114 2532; x_wconf 88' lang='lat' dir='ltr'><strong>pro-</strong></span> 
     </span>
    </p>
   </div>
   <div class='ocr_carea' id='block_1_85' title="bbox 331 2543 1114 2582">
    <p class='ocr_par' dir='ltr' id='par_1_85' title="bbox 331 2543 1114 2582">
     <span class='ocr_line' id='line_1_85' title="bbox 331 2543 1114 2582; baseline -0.005 -8"><span class='ocrx_word' id='word_1_590' title='bbox 331 2547 389 2582; x_wconf 91' lang='lat' dir='ltr'><strong>pria</strong></span> <span class='ocrx_word' id='word_1_591' title='bbox 404 2553 486 2574; x_wconf 90' lang='lat' dir='ltr'><strong>manu</strong></span> <span class='ocrx_word' id='word_1_592' title='bbox 495 2545 728 2579; x_wconf 85' lang='lat' dir='ltr'><strong>subscripserunt.</strong></span> <span class='ocrx_word' id='word_1_593' title='bbox 743 2543 844 2570; x_wconf 72' lang='lat' dir='ltr'><strong>Verum</strong></span> <span class='ocrx_word' id='word_1_594' title='bbox 860 2543 1009 2578; x_wconf 88' lang='lat' dir='ltr'><strong>episcopali</strong></span> <span class='ocrx_word' id='word_1_595' title='bbox 1024 2543 1114 2578; x_wconf 76' lang='lat' dir='ltr'><strong>digni-</strong></span> 
     </span>
    </p>
   </div>
   <div class='ocr_carea' id='block_1_86' title="bbox 330 2588 1112 2626">
    <p class='ocr_par' dir='ltr' id='par_1_86' title="bbox 330 2588 1112 2626">
     <span class='ocr_line' id='line_1_86' title="bbox 330 2588 1112 2626; baseline -0.006 -7"><span class='ocrx_word' id='word_1_596' title='bbox 330 2595 387 2619; x_wconf 82' lang='lat' dir='ltr'><strong>tate</strong></span> <span class='ocrx_word' id='word_1_597' title='bbox 403 2599 451 2626; x_wconf 90' lang='lat' dir='ltr'><strong>per</strong></span> <span class='ocrx_word' id='word_1_598' title='bbox 472 2590 604 2618; x_wconf 87' lang='lat' dir='ltr'><strong>ambitum</strong></span> <span class='ocrx_word' id='word_1_599' title='bbox 618 2593 646 2617; x_wconf 86' lang='lat' dir='ltr'><strong>et</strong></span> <span class='ocrx_word' id='word_1_600' title='bbox 658 2589 786 2617; x_wconf 85' lang='lat' dir='ltr'><strong>assiduas</strong></span> <span class='ocrx_word' id='word_1_601' title='bbox 810 2588 1041 2623; x_wconf 85' lang='lat' dir='ltr'><strong>interpellationes</strong></span> <span class='ocrx_word' id='word_1_602' title='bbox 1067 2595 1112 2614; x_wconf 89' lang='lat' dir='ltr'><strong>re-</strong></span> 
     </span>
    </p>
   </div>
   <div class='ocr_carea' id='block_1_87' title="bbox 331 2633 1114 2671">
    <p class='ocr_par' dir='ltr' id='par_1_87' title="bbox 331 2633 1114 2671">
     <span class='ocr_line' id='line_1_87' title="bbox 331 2633 1114 2671; baseline -0.006 -6"><span class='ocrx_word' id='word_1_603' title='bbox 331 2642 417 2670; x_wconf 82' lang='lat' dir='ltr'><strong>tenta,</strong></span> <span class='ocrx_word' id='word_1_604' title='bbox 438 2644 500 2664; x_wconf 88' lang='lat' dir='ltr'><strong>cum</strong></span> <span class='ocrx_word' id='word_1_605' title='bbox 515 2643 563 2663; x_wconf 89' lang='lat' dir='ltr'><strong>eos</strong></span> <span class='ocrx_word' id='word_1_606' title='bbox 580 2635 767 2671; x_wconf 66' lang='lat' dir='ltr'><strong>paenitentiam</strong></span> <span class='ocrx_word' id='word_1_607' title='bbox 781 2642 860 2669; x_wconf 76' lang='lat' dir='ltr'><strong>agere</strong></span> <span class='ocrx_word' id='word_1_608' title='bbox 874 2637 1021 2669; x_wconf 85' lang='lat' dir='ltr'><strong>oporteret,</strong></span> <span class='ocrx_word' id='word_1_609' title='bbox 1036 2633 1114 2661; x_wconf 89' lang='lat' dir='ltr'><strong>dam-</strong></span> 
     </span>
    </p>
   </div>
   <div class='ocr_carea' id='block_1_88' title="bbox 331 2679 1113 2718">
    <p class='ocr_par' dir='ltr' id='par_1_88' title="bbox 331 2679 1113 2718">
     <span class='ocr_line' id='line_1_88' title="bbox 331 2679 1113 2718; baseline -0.006 -7"><span class='ocrx_word' id='word_1_610' title='bbox 331 2687 411 2711; x_wconf 85' lang='lat' dir='ltr'><strong>natas</strong></span> <span class='ocrx_word' id='word_1_611' title='bbox 438 2683 580 2718; x_wconf 85' lang='lat' dir='ltr'><strong>opiniones</strong></span> <span class='ocrx_word' id='word_1_612' title='bbox 601 2688 674 2708; x_wconf 87' lang='lat' dir='ltr'><strong>nunc</strong></span> <span class='ocrx_word' id='word_1_613' title='bbox 698 2680 780 2712; x_wconf 87' lang='lat' dir='ltr'><strong>clam.</strong></span> <span class='ocrx_word' id='word_1_614' title='bbox 806 2687 880 2707; x_wconf 89' lang='lat' dir='ltr'><strong>nunc</strong></span> <span class='ocrx_word' id='word_1_615' title='bbox 902 2684 995 2715; x_wconf 79' lang='lat' dir='ltr'><strong>aperte</strong></span> <span class='ocrx_word' id='word_1_616' title='bbox 1017 2679 1113 2707; x_wconf 81' lang='lat' dir='ltr'><strong>defen-</strong></span> 
     </span>
    </p>
   </div>
   <div class='ocr_carea' id='block_1_89' title="bbox 331 2723 1114 2763">
    <p class='ocr_par' dir='ltr' id='par_1_89' title="bbox 331 2723 1114 2763">
     <span class='ocr_line' id='line_1_89' title="bbox 331 2723 1114 2763; baseline -0.005 -8"><span class='ocrx_word' id='word_1_617' title='bbox 331 2729 410 2760; x_wconf 88' lang='lat' dir='ltr'><strong>dunt,</strong></span> <span class='ocrx_word' id='word_1_618' title='bbox 421 2728 506 2755; x_wconf 77' lang='lat' dir='ltr'><strong>variis</strong></span> <span class='ocrx_word' id='word_1_619' title='bbox 516 2724 797 2763; x_wconf 73' lang='lat' dir='ltr'><strong>argumentationibus</strong></span> <span class='ocrx_word' id='word_1_620' title='bbox 810 2724 981 2752; x_wconf 84' lang='lat' dir='ltr'><strong>insidiantes.</strong></span> <span class='ocrx_word' id='word_1_621' title='bbox 998 2723 1114 2759; x_wconf 87' lang='lat' dir='ltr'><strong>Cupien-</strong></span> 
     </span>
    </p>
   </div>
   <div class='ocr_carea' id='block_1_90' title="bbox 331 2770 1113 2806">
    <p class='ocr_par' dir='ltr' id='par_1_90' title="bbox 331 2770 1113 2806">
     <span class='ocr_line' id='line_1_90' title="bbox 331 2770 1113 2806; baseline -0.005 -5"><span class='ocrx_word' id='word_1_622' title='bbox 331 2779 374 2802; x_wconf 84' lang='lat' dir='ltr'><strong>tes</strong></span> <span class='ocrx_word' id='word_1_623' title='bbox 389 2777 477 2801; x_wconf 87' lang='lat' dir='ltr'><strong>autem</strong></span> <span class='ocrx_word' id='word_1_624' title='bbox 492 2773 661 2800; x_wconf 80' lang='lat' dir='ltr'><strong>zizaniorum</strong></span> <span class='ocrx_word' id='word_1_625' title='bbox 676 2771 780 2799; x_wconf 83' lang='lat' dir='ltr'><strong>semina</strong></span> <span class='ocrx_word' id='word_1_626' title='bbox 794 2770 926 2803; x_wconf 88' lang='lat' dir='ltr'><strong>stabilire.</strong></span> <span class='ocrx_word' id='word_1_627' title='bbox 949 2771 1052 2806; x_wconf 88' lang='lat' dir='ltr'><strong>peritos</strong></span> <span class='ocrx_word' id='word_1_628' title='bbox 1063 2770 1113 2797; x_wconf 89' lang='lat' dir='ltr'><strong>ho-</strong></span> 
     </span>
    </p>
   </div>
   <div class='ocr_carea' id='block_1_91' title="bbox 331 2815 1110 2852">
    <p class='ocr_par' dir='ltr' id='par_1_91' title="bbox 331 2815 1110 2852">
     <span class='ocr_line' id='line_1_91' title="bbox 331 2815 1110 2852; baseline -0.006 -5"><span class='ocrx_word' id='word_1_629' title='bbox 331 2820 418 2847; x_wconf 83' lang='lat' dir='ltr'><strong>mines</strong></span> <span class='ocrx_word' id='word_1_630' title='bbox 426 2818 613 2850; x_wconf 76' lang='lat' dir='ltr'><strong>rel‘ortnidant,</strong></span> <span class='ocrx_word' id='word_1_631' title='bbox 625 2822 652 2845; x_wconf 88' lang='lat' dir='ltr'><strong>et</strong></span> <span class='ocrx_word' id='word_1_632' title='bbox 662 2824 775 2852; x_wconf 75' lang='lat' dir='ltr'><strong>sagaces</strong></span> <span class='ocrx_word' id='word_1_633' title='bbox 783 2817 950 2851; x_wconf 86' lang='lat' dir='ltr'><strong>inspectores</strong></span> <span class='ocrx_word' id='word_1_634' title='bbox 957 2815 1093 2851; x_wconf 79' lang='lat' dir='ltr'><strong>refugiunt</strong></span> <span class='ocrx_word' id='word_1_635' title='bbox 1103 2825 1110 2843; x_wconf 87' lang='lat'>:</span> 
     </span>
    </p>
   </div>
   <div class='ocr_carea' id='block_1_92' title="bbox 331 2859 1112 2900">
    <p class='ocr_par' dir='ltr' id='par_1_92' title="bbox 331 2859 1112 2900">
     <span class='ocr_line' id='line_1_92' title="bbox 331 2859 1112 2900; baseline -0.005 -8"><span class='ocrx_word' id='word_1_636' title='bbox 331 2869 413 2900; x_wconf 80' lang='lat' dir='ltr'><strong>atque</strong></span> <span class='ocrx_word' id='word_1_637' title='bbox 428 2863 531 2893; x_wconf 86' lang='lat' dir='ltr'><strong>idcirco</strong></span> <span class='ocrx_word' id='word_1_638' title='bbox 545 2862 654 2898; x_wconf 86' lang='lat' dir='ltr'><strong>pietatis</strong></span> <span class='ocrx_word' id='word_1_639' title='bbox 667 2869 809 2898; x_wconf 68' lang='lat' dir='ltr'><strong>pracones</strong></span> <span class='ocrx_word' id='word_1_640' title='bbox 820 2861 892 2890; x_wconf 79' lang='lat' dir='ltr'><strong>bello</strong></span> <span class='ocrx_word' id='word_1_641' title='bbox 906 2863 1044 2896; x_wconf 89' lang='lat' dir='ltr'><strong>appetunt.</strong></span> <span class='ocrx_word' id='word_1_642' title='bbox 1060 2859 1112 2888; x_wconf 80' lang='lat' dir='ltr'><strong>Ve-</strong></span> 
     </span>
    </p>
   </div>
   <div class='ocr_carea' id='block_1_93' title="bbox 1163 2264 1944 2302">
    <p class='ocr_par' dir='ltr' id='par_1_93' title="bbox 1163 2264 1944 2302">
     <span class='ocr_line' id='line_1_93' title="bbox 1163 2264 1944 2302; baseline 0.001 -11"><span class='ocrx_word' id='word_1_643' title='bbox 1163 2274 1221 2299; x_wconf 84' lang='grc' dir='ltr'>γειν</span> <span class='ocrx_word' id='word_1_644' title='bbox 1235 2265 1372 2301; x_wconf 79' lang='grc' dir='ltr'>είωθότας.</span> <span class='ocrx_word' id='word_1_645' title='bbox 1387 2266 1418 2291; x_wconf 88' lang='grc' dir='ltr'><strong>οι</strong></span> <span class='ocrx_word' id='word_1_646' title='bbox 1435 2264 1457 2292; x_wconf 77' lang='grc' dir='ltr'>δ’</span> <span class='ocrx_word' id='word_1_647' title='bbox 1478 2265 1676 2301; x_wconf 75' lang='grc' dir='ltr'>’Δρειομανϊται</span> <span class='ocrx_word' id='word_1_648' title='bbox 1689 2265 1833 2298; x_wconf 75' lang='grc' dir='ltr'>δείσαντες,</span> <span class='ocrx_word' id='word_1_649' title='bbox 1847 2267 1944 2302; x_wconf 75' lang='grc' dir='ltr'>μήπως</span> 
     </span>
    </p>
   </div>
   <div class='ocr_carea' id='block_1_94' title="bbox 1164 2310 1944 2353">
    <p class='ocr_par' dir='ltr' id='par_1_94' title="bbox 1164 2310 1944 2353">
     <span class='ocr_line' id='line_1_94' title="bbox 1164 2310 1944 2353; baseline 0 -15"><span class='ocrx_word' id='word_1_650' title='bbox 1164 2312 1216 2346; x_wconf 84' lang='grc' dir='ltr'><strong>ἀρα</strong></span> <span class='ocrx_word' id='word_1_651' title='bbox 1241 2310 1373 2345; x_wconf 85' lang='grc' dir='ltr'>τοσαύτης</span> <span class='ocrx_word' id='word_1_652' title='bbox 1397 2312 1425 2337; x_wconf 85' lang='grc' dir='ltr'>ἐν</span> <span class='ocrx_word' id='word_1_653' title='bbox 1446 2310 1536 2346; x_wconf 81' lang='grc' dir='ltr'>ταύτῷ</span> <span class='ocrx_word' id='word_1_654' title='bbox 1558 2311 1665 2338; x_wconf 81' lang='grc' dir='ltr'>συνόδου</span> <span class='ocrx_word' id='word_1_655' title='bbox 1691 2312 1944 2353; x_wconf 73' lang='grc' dir='ltr'>συγκεκροτημένης</span> 
     </span>
    </p>
   </div>
   <div class='ocr_carea' id='block_1_95' title="bbox 1164 2354 1945 2391">
    <p class='ocr_par' dir='ltr' id='par_1_95' title="bbox 1164 2354 1945 2391">
     <span class='ocr_line' id='line_1_95' title="bbox 1164 2354 1945 2391; baseline 0 -9"><span class='ocrx_word' id='word_1_656' title='bbox 1164 2355 1405 2391; x_wconf 80' lang='grc' dir='ltr'>ὲξοστρακισθείεν,</span> <span class='ocrx_word' id='word_1_657' title='bbox 1419 2354 1645 2390; x_wconf 76' lang='grc' dir='ltr'>ἁναθεματίζουσι</span> <span class='ocrx_word' id='word_1_658' title='bbox 1659 2354 1708 2390; x_wconf 70' lang='grc' dir='ltr'>μὲν</span> <span class='ocrx_word' id='word_1_659' title='bbox 1723 2355 1945 2390; x_wconf 68' lang='grc' dir='ltr'>προπηδήσαντες</span> 
     </span>
    </p>
   </div>
   <div class='ocr_carea' id='block_1_96' title="bbox 1163 2400 1943 2437">
    <p class='ocr_par' dir='ltr' id='par_1_96' title="bbox 1163 2400 1943 2437">
     <span class='ocr_line' id='line_1_96' title="bbox 1163 2400 1943 2437; baseline -0.001 -9"><span class='ocrx_word' id='word_1_660' title='bbox 1163 2402 1194 2428; x_wconf 83' lang='grc' dir='ltr'><strong>τὺ</strong></span> <span class='ocrx_word' id='word_1_661' title='bbox 1225 2401 1445 2437; x_wconf 81' lang='grc' dir='ltr'>ἀπηγορευμένον</span> <span class='ocrx_word' id='word_1_662' title='bbox 1475 2400 1571 2436; x_wconf 83' lang='grc' dir='ltr'>δόγμα,</span> <span class='ocrx_word' id='word_1_663' title='bbox 1603 2400 1757 2436; x_wconf 80' lang='grc' dir='ltr'>συμφώνοις</span> <span class='ocrx_word' id='word_1_664' title='bbox 1783 2401 1943 2436; x_wconf 82' lang='grc' dir='ltr'>γράμμασιν</span> 
     </span>
    </p>
   </div>
   <div class='ocr_carea' id='block_1_97' title="bbox 1164 2445 1944 2482">
    <p class='ocr_par' dir='ltr' id='par_1_97' title="bbox 1164 2445 1944 2482">
     <span class='ocr_line' id='line_1_97' title="bbox 1164 2445 1944 2482; baseline -0.003 -8"><span class='ocrx_word' id='word_1_665' title='bbox 1164 2447 1368 2482; x_wconf 81' lang='grc' dir='ltr'>ὑπογράψαντες</span> <span class='ocrx_word' id='word_1_666' title='bbox 1399 2447 1545 2482; x_wconf 83' lang='grc' dir='ltr'>αὺτοχειρί.</span> <span class='ocrx_word' id='word_1_667' title='bbox 1581 2445 1640 2473; x_wconf 86' lang='grc' dir='ltr'><strong>Τῶν</strong></span> <span class='ocrx_word' id='word_1_668' title='bbox 1670 2446 1699 2472; x_wconf 74' lang='grc' dir='ltr'>δὲ</span> <span class='ocrx_word' id='word_1_669' title='bbox 1727 2445 1873 2482; x_wconf 84' lang='grc' dir='ltr'>προεδριῶν</span> <span class='ocrx_word' id='word_1_670' title='bbox 1900 2446 1944 2473; x_wconf 80' lang='grc' dir='ltr'>διὰ</span> 
     </span>
    </p>
   </div>
   <div class='ocr_carea' id='block_1_98' title="bbox 1164 2490 1944 2527">
    <p class='ocr_par' dir='ltr' id='par_1_98' title="bbox 1164 2490 1944 2527">
     <span class='ocr_line' id='line_1_98' title="bbox 1164 2490 1944 2527; baseline 0 -10"><span class='ocrx_word' id='word_1_671' title='bbox 1164 2491 1292 2526; x_wconf 81' lang='grc' dir='ltr'>πλείστης</span> <span class='ocrx_word' id='word_1_672' title='bbox 1307 2492 1372 2527; x_wconf 79' lang='grc' dir='ltr'>ὅσης</span> <span class='ocrx_word' id='word_1_673' title='bbox 1385 2491 1552 2527; x_wconf 85' lang='grc' dir='ltr'>περιδρομῆς</span> <span class='ocrx_word' id='word_1_674' title='bbox 1567 2491 1761 2526; x_wconf 82' lang='grc' dir='ltr'>κρατήσαντες,</span> <span class='ocrx_word' id='word_1_675' title='bbox 1773 2490 1832 2517; x_wconf 80' lang='grc' dir='ltr'>δέον</span> <span class='ocrx_word' id='word_1_676' title='bbox 1845 2490 1944 2522; x_wconf 69' lang='grc' dir='ltr'>αὐτοὺς</span> 
     </span>
    </p>
   </div>
   <div class='ocr_carea' id='block_1_99' title="bbox 1164 2535 1943 2572">
    <p class='ocr_par' dir='ltr' id='par_1_99' title="bbox 1164 2535 1943 2572">
     <span class='ocr_line' id='line_1_99' title="bbox 1164 2535 1943 2572; baseline -0.003 -7"><span class='ocrx_word' id='word_1_677' title='bbox 1164 2539 1319 2565; x_wconf 86' lang='grc' dir='ltr'>ὑπόπτωσιν</span> <span class='ocrx_word' id='word_1_678' title='bbox 1339 2535 1574 2572; x_wconf 51' lang='grc' dir='ltr'>λαμϐάνεινμτοτέ</span> <span class='ocrx_word' id='word_1_679' title='bbox 1599 2535 1648 2571; x_wconf 85' lang='grc' dir='ltr'>μὲν</span> <span class='ocrx_word' id='word_1_680' title='bbox 1664 2535 1820 2571; x_wconf 81' lang='grc' dir='ltr'>λεληθότως,</span> <span class='ocrx_word' id='word_1_681' title='bbox 1841 2536 1901 2563; x_wconf 62' lang='grc' dir='ltr'>τοτὲ</span> <span class='ocrx_word' id='word_1_682' title='bbox 1914 2536 1943 2563; x_wconf 77' lang='grc' dir='ltr'>δὲ</span> 
     </span>
    </p>
   </div>
   <div class='ocr_carea' id='block_1_100' title="bbox 1164 2581 1941 2620">
    <p class='ocr_par' dir='ltr' id='par_1_100' title="bbox 1164 2581 1941 2620">
     <span class='ocr_line' id='line_1_100' title="bbox 1164 2581 1941 2620; baseline -0.005 -9"><span class='ocrx_word' id='word_1_683' title='bbox 1164 2585 1308 2620; x_wconf 86' lang='grc' dir='ltr'>προφανῶς</span> <span class='ocrx_word' id='word_1_684' title='bbox 1327 2583 1376 2616; x_wconf 83' lang='grc' dir='ltr'><strong>τάς</strong></span> <span class='ocrx_word' id='word_1_685' title='bbox 1396 2582 1632 2619; x_wconf 81' lang='grc' dir='ltr'>ἀποψηφισθείσας</span> <span class='ocrx_word' id='word_1_686' title='bbox 1657 2582 1834 2618; x_wconf 72' lang='grc' dir='ltr'>πρεσσεύουσι</span> <span class='ocrx_word' id='word_1_687' title='bbox 1847 2581 1941 2615; x_wconf 78' lang='grc' dir='ltr'>δόξας,</span> 
     </span>
    </p>
   </div>
   <div class='ocr_carea' id='block_1_101' title="bbox 1163 2626 1942 2664">
    <p class='ocr_par' dir='ltr' id='par_1_101' title="bbox 1163 2626 1942 2664">
     <span class='ocr_line' id='line_1_101' title="bbox 1163 2626 1942 2664; baseline -0.005 -8"><span class='ocrx_word' id='word_1_688' title='bbox 1163 2630 1300 2664; x_wconf 82' lang='grc' dir='ltr'>διαφόροις</span> <span class='ocrx_word' id='word_1_689' title='bbox 1316 2628 1533 2660; x_wconf 74' lang='grc' dir='ltr'>ἐπιϐουλεύοντες</span> <span class='ocrx_word' id='word_1_690' title='bbox 1552 2629 1608 2659; x_wconf 82' lang='grc' dir='ltr'>τοῖς</span> <span class='ocrx_word' id='word_1_691' title='bbox 1631 2627 1759 2662; x_wconf 82' lang='grc' dir='ltr'>ἐλέγχοις.</span> <span class='ocrx_word' id='word_1_692' title='bbox 1783 2626 1942 2662; x_wconf 76' lang='grc' dir='ltr'>Βουλόμενοι</span> 
     </span>
    </p>
   </div>
   <div class='ocr_carea' id='block_1_102' title="bbox 1162 2672 1941 2709">
    <p class='ocr_par' dir='ltr' id='par_1_102' title="bbox 1162 2672 1941 2709">
     <span class='ocr_line' id='line_1_102' title="bbox 1162 2672 1941 2709; baseline -0.005 -7"><span class='ocrx_word' id='word_1_693' title='bbox 1162 2675 1190 2702; x_wconf 78' lang='grc' dir='ltr'>δὲ</span> <span class='ocrx_word' id='word_1_694' title='bbox 1210 2674 1348 2709; x_wconf 86' lang='grc' dir='ltr'>παγιῶσαι</span> <span class='ocrx_word' id='word_1_695' title='bbox 1364 2673 1398 2701; x_wconf 88' lang='grc' dir='ltr'><strong>τά</strong></span> <span class='ocrx_word' id='word_1_696' title='bbox 1413 2673 1556 2708; x_wconf 82' lang='grc' dir='ltr'>ζιζανιώδη</span> <span class='ocrx_word' id='word_1_697' title='bbox 1570 2673 1792 2708; x_wconf 80' lang='grc' dir='ltr'>φυτουργήματα,</span> <span class='ocrx_word' id='word_1_698' title='bbox 1809 2672 1941 2699; x_wconf 82' lang='grc' dir='ltr'>δεδοίκασι</span> 
     </span>
    </p>
   </div>
   <div class='ocr_carea' id='block_1_103' title="bbox 1162 2719 1943 2756">
    <p class='ocr_par' dir='ltr' id='par_1_103' title="bbox 1162 2719 1943 2756">
     <span class='ocr_line' id='line_1_103' title="bbox 1162 2719 1943 2756; baseline -0.004 -8"><span class='ocrx_word' id='word_1_699' title='bbox 1162 2722 1225 2753; x_wconf 79' lang='grc' dir='ltr'>τοὺς</span> <span class='ocrx_word' id='word_1_700' title='bbox 1240 2721 1438 2756; x_wconf 80' lang='grc' dir='ltr'>ἐπιγνώμονας,</span> <span class='ocrx_word' id='word_1_701' title='bbox 1448 2720 1495 2747; x_wconf 79' lang='grc' dir='ltr'>καὶ</span> <span class='ocrx_word' id='word_1_702' title='bbox 1506 2719 1657 2747; x_wconf 77' lang='grc' dir='ltr'>ἐκκλίνουσι</span> <span class='ocrx_word' id='word_1_703' title='bbox 1672 2720 1735 2751; x_wconf 84' lang='grc' dir='ltr'>τοὺς</span> <span class='ocrx_word' id='word_1_704' title='bbox 1748 2719 1861 2754; x_wconf 76' lang='grc' dir='ltr'>ἐφόρους</span> <span class='ocrx_word' id='word_1_705' title='bbox 1870 2727 1877 2734; x_wconf 75' lang='grc'><strong><em>⁸</em></strong></span> <span class='ocrx_word' id='word_1_706' title='bbox 1895 2719 1943 2746; x_wconf 77' lang='grc' dir='ltr'>καὶ</span> 
     </span>
    </p>
   </div>
   <div class='ocr_carea' id='block_1_104' title="bbox 1161 2765 1940 2804">
    <p class='ocr_par' dir='ltr' id='par_1_104' title="bbox 1161 2765 1940 2804">
     <span class='ocr_line' id='line_1_104' title="bbox 1161 2765 1940 2804; baseline -0.005 -10"><span class='ocrx_word' id='word_1_707' title='bbox 1161 2767 1248 2804; x_wconf 75' lang='grc' dir='ltr'>ταύτῃ</span> <span class='ocrx_word' id='word_1_708' title='bbox 1269 2767 1332 2798; x_wconf 82' lang='grc' dir='ltr'>τοὺς</span> <span class='ocrx_word' id='word_1_709' title='bbox 1355 2767 1405 2802; x_wconf 84' lang='grc' dir='ltr'>τῆς</span> <span class='ocrx_word' id='word_1_710' title='bbox 1431 2765 1569 2797; x_wconf 72' lang='grc' dir='ltr'>εὐσεὸεὲας</span> <span class='ocrx_word' id='word_1_711' title='bbox 1590 2766 1712 2801; x_wconf 75' lang='grc' dir='ltr'>κήρυκας</span> <span class='ocrx_word' id='word_1_712' title='bbox 1733 2765 1940 2800; x_wconf 75' lang='grc' dir='ltr'>ἐκπολεμοΰσιν.</span> 
     </span>
    </p>
   </div>
   <div class='ocr_carea' id='block_1_105' title="bbox 1162 2810 1941 2850">
    <p class='ocr_par' dir='ltr' id='par_1_105' title="bbox 1162 2810 1941 2850">
     <span class='ocr_line' id='line_1_105' title="bbox 1162 2810 1941 2850; baseline -0.005 -9"><span class='ocrx_word' id='word_1_713' title='bbox 1162 2815 1219 2850; x_wconf 78' lang='grc' dir='ltr'><strong>Οὺχ</strong></span> <span class='ocrx_word' id='word_1_714' title='bbox 1234 2814 1304 2840; x_wconf 77' lang='grc' dir='ltr'>οὕτω</span> <span class='ocrx_word' id='word_1_715' title='bbox 1319 2813 1347 2839; x_wconf 80' lang='grc' dir='ltr'>δὲ</span> <span class='ocrx_word' id='word_1_716' title='bbox 1364 2811 1537 2847; x_wconf 81' lang='grc' dir='ltr'>πιστεύομεν,</span> <span class='ocrx_word' id='word_1_717' title='bbox 1556 2812 1594 2843; x_wconf 85' lang='grc' dir='ltr'>ὡς</span> <span class='ocrx_word' id='word_1_718' title='bbox 1611 2811 1770 2847; x_wconf 80' lang='grc' dir='ltr'>ἀνθρώπους</span> <span class='ocrx_word' id='word_1_719' title='bbox 1782 2811 1880 2843; x_wconf 79' lang='grc' dir='ltr'>ἀθέους</span> <span class='ocrx_word' id='word_1_720' title='bbox 1894 2810 1941 2837; x_wconf 77' lang='grc' dir='ltr'><strong>δύο</strong></span> 
     </span>
    </p>
   </div>
   <div class='ocr_carea' id='block_1_106' title="bbox 1162 2856 1940 2894">
    <p class='ocr_par' dir='ltr' id='par_1_106' title="bbox 1162 2856 1940 2894">
     <span class='ocr_line' id='line_1_106' title="bbox 1162 2856 1940 2894; baseline -0.003 -7"><span class='ocrx_word' id='word_1_721' title='bbox 1162 2859 1258 2887; x_wconf 83' lang='grc' dir='ltr'>νασθαι</span> <span class='ocrx_word' id='word_1_722' title='bbox 1280 2857 1414 2894; x_wconf 84' lang='grc' dir='ltr'>κρατῆσαι</span> <span class='ocrx_word' id='word_1_723' title='bbox 1437 2857 1544 2885; x_wconf 76' lang='grc' dir='ltr'>πώποτε</span> <span class='ocrx_word' id='word_1_724' title='bbox 1569 2856 1616 2884; x_wconf 84' lang='grc' dir='ltr'>τοῦ</span> <span class='ocrx_word' id='word_1_725' title='bbox 1638 2856 1721 2884; x_wconf 80' lang='grc' dir='ltr'>θείου.</span> <span class='ocrx_word' id='word_1_726' title='bbox 1736 2856 1798 2884; x_wconf 74' lang='grc' dir='ltr'>Κᾶν</span> <span class='ocrx_word' id='word_1_727' title='bbox 1817 2856 1873 2890; x_wconf 78' lang='grc' dir='ltr'><strong>γὰρ</strong></span> <span class='ocrx_word' id='word_1_728' title='bbox 1890 2857 1940 2885; x_wconf 64' lang='lat' dir='ltr'><strong>n6-</strong></span> 
     </span>
    </p>
   </div>
  </div>
