2152 3163
189 185 236 216 721

183 243 280 294 ὡρῶν,
298 247 447 294 χειμῶνος,
475 248 569 286 ἔαρος,
593 251 703 287 Θέρους,
723 256 890 294 μετοπιίιρου.
915 260 970 287 Καὶ

183 290 287 327 χειμὼν
313 293 362 341 μεν
378 293 482 327 γίνεται
507 297 563 328 τοῖς
589 297 686 331 νοτίοις
705 301 799 337 μέρεσι
821 290 868 331 τοῦ
894 306 969 341 ἡλίου

183 337 454 374 προσδιατρίϐοντος,
477 341 524 367 καὶ
546 342 613 370 πολὺ
627 344 657 371 τὸ
678 348 833 383 νυκτερινὸν
850 337 971 386 σκίασμα

183 382 248 418 περὶ
262 383 308 410 τὸν
326 383 387 410 καθ’
404 385 478 420 ἡμᾶς
494 387 576 414 τόπον
597 382 806 426 ἀποτελοῦντος,
827 394 865 427 ὼς
886 382 969 424 κατα-

181 426 314 479 sex-mea;
331 430 381 464 μὲν
397 430 443 457 τδν
458 433 521 468 περὶ
537 435 585 470 τὴν
598 435 651 471 γῆν
667 437 747 473 ἀέρα,
759 439 806 466 καὶ
821 426 870 474 τάξ
883 443 969 479 ὑγρὰς

181 473 376 510 ἀναθυμιάσεις
395 479 592 514 συνισταμένας
611 481 739 518 δμῦρων,
762 485 809 512 καὶ
835 473 966 523 κρυμίιῖλνξ

181 518 229 546 καὶ
250 521 368 555 νιφάδων
390 523 479 556 αίτίας
501 525 639 558 γίνεσθαι·
665 529 775 556 ἐπειδὰν
796 531 824 558 δὲ
850 518 967 562 inium}

182 564 262 593 πάλιν
278 567 332 593 ἀπὸ
347 567 401 595 τῶν
419 571 611 607 μσημσρινῶν
623 573 730 609 χωρίων
746 577 791 603 ἐπὶ
812 577 857 604 τοῦ
882 579 966 614 μέσου

180 609 304 647 γίνηται,
329 613 458 650 ίσημερία
479 615 599 650 γίνεται,
626 618 674 645 καὶ
703 620 757 656 εσῳ
771 623 827 654 τοῖς
847 609 894 650 ἐπὶ
915 625 966 661 γῆς

179 657 342 694 ινϐιατρίσει
366 660 475 694 τόποις,
499 663 618 699 τοσούτῳ
641 665 710 692 κατὰ
729 666 811 702 μέρος
833 657 965 704 ἐπανάγει

179 703 229 740 τὴν
247 704 409 740 εὐκρασίαν,
436 707 484 734 καὶ
503 708 607 742 γίνεται
629 710 678 746 ἔαρ
690 731 698 743 ,
720 714 776 744 τοῖς
803 714 852 749 μὲν
872 703 965 749 φυτοῖς

179 749 306 785 παρέχων
320 751 474 787 βλάστησιν,
489 755 545 786 τοῖς
564 755 591 781 δὲ
610 755 727 793 δένδροις
743 758 792 794 τὴν
805 759 961 790 ἀναϐίωσιν.

184 793 302 823 Ἐκεῖθεν
314 796 342 824 δὲ
356 797 405 834 ἡδη
424 799 491 834 πρὸς
506 799 556 832 τὰς
569 801 676 837 θερινὰς
692 793 796 839 τροπάς
813 805 856 832 ἐπ’
879 808 964 844 αὐτὴν

176 839 225 876 τὴν
249 841 366 878 Ἄρκτον
379 844 485 879 τρέχων
501 846 515 872 ό
543 846 618 881 ἣλιος
642 847 691 880 τὰς
716 850 835 884 μεγάλας
857 839 962 888 ἡμέρας

174 885 241 921 ἡμίν
255 887 413 924 παρίστησι,
430 889 477 916 καὶ
493 890 537 917 διὰ
552 891 582 918 τὸ
595 891 685 919 πλεῖον
697 894 777 921 αὑτὸν
790 885 962 936 προσομιλεῖν

175 930 217 966 τῷ
232 932 305 968 ἀέρι,
319 933 403 960 αὐτὸν
422 935 600 971 καταφρίσσει
617 938 662 964 τὸν
679 939 762 974 ἀέρα,
779 942 825 968 καὶ
846 930 900 978 τῂῖ
910 943 960 978 γῆν

175 977 265 1004 πᾶσαν
277 978 478 1015 καταξηραίνει,
489 982 536 1012 καὶ
551 983 640 1010 πάντα
651 985 756 1020 καρπὸν
768 986 865 1021 ὡραῖον
874 977 961 1024 άπερ-

173 1022 286 1057 γᾶζιται
302 1024 518 1060 φλογωδέστατος
536 1027 584 1061 ὣν,
607 1030 654 1056 καὶ
674 1030 803 1066 βραχείας
825 1036 897 1061 ποιεῖ
911 1022 961 1067 τάς

174 1069 254 1101 σκιὰς
268 1070 314 1104 ἀφ’
331 1071 434 1108 ὑψηλοῦ
460 1074 655 1109 καταλάμπων.
678 1077 722 1103 Ἐν
735 1078 788 1113 γὰρ
812 1081 871 1112 ταῖς
895 1081 960 1116 βρα-

172 1115 303 1150 χυτάταις
315 1117 431 1154 ἡμέραις
448 1120 476 1145 αἱ
494 1120 567 1146 σκιαὶ
580 1122 748 1156 μακρόταται
761 1124 889 1158 γίνονται.
905 1115 959 1153 Καὶ

171 1160 253 1187 πάλιν
267 1162 322 1189 ἀπὸ
333 1163 387 1189 τῶν
407 1166 598 1201 προσαρκτίων
622 1167 667 1194 ἐπὶ
683 1168 718 1194 τὰ
740 1169 815 1196 νότια
836 1180 958 1206 παραγε-

171 1205 296 1241 νομένου,
311 1208 469 1245 μετόπωρον
483 1210 596 1244 γίνεται,
615 1212 663 1247 τῆς
680 1213 783 1249 θέρμης
799 1216 858 1242 κατ’
870 1205 958 1250 όλὶγον

168 1251 221 1285 τῆς
237 1251 336 1287 πολλῆς
352 1253 578 1291 ἀμαυρουμένης,
597 1259 642 1283 καὶ
662 1259 707 1284 τοῦ
723 1260 855 1295 χειμῶνος
875 1262 957 1289 ἀϐλα-

169 1295 226 1328 ϐῶς
245 1297 375 1331 ἐπιόντος.

203 1354 241 1380 οὐ
270 1356 341 1381 ποιεῖ
363 1355 390 1382 δὲ
413 1357 462 1392 τὴν
479 1358 584 1393 ἡμέραν
603 1360 617 1385 ὁ
642 1360 733 1394 ἣλιος·
753 1362 848 1398 μηδεὶς
870 1363 956 1396 οὕτως

166 1398 290 1436 ὑπολάϐῃ
299 1409 306 1416 ·
319 1401 499 1439 πρεσϐυτερεῐ
508 1404 562 1440 γὰρ
576 1406 671 1432 τούτου
691 1408 708 1441 ἡ
724 1407 814 1443 ἡμέρα
831 1409 877 1435 καὶ
891 1409 954 1442 νύξ’

165 1444 236 1472 ἀλλὰ
253 1446 383 1482 κατάρχει
401 1448 479 1483 μόνον
495 1449 544 1484 τῆς
559 1452 678 1487 ἡμέρας,
696 1453 786 1485 καθὼς
803 1456 848 1481 καὶ
861 1456 874 1482 ό
889 1455 956 1490 ψαλ-

167 1491 255 1526 μῳδὸς
272 1492 426 1530 διαγορεύει
447 1496 527 1530 ἡμῖν·
542 1498 655 1530 Ἔθετο,
669 1499 772 1533 λέγων,
791 1500 844 1527 τὸν
867 1501 955 1533 ἣλιον

162 1538 210 1570 είς
219 1537 365 1570 ἐξουσίαν
376 1539 431 1574 τῆς
446 1541 567 1575 ἡμέρας,
584 1543 642 1577 τὴν
657 1545 803 1579 σελήνην,
820 1547 868 1573 καὶ
884 1548 954 1580 τοὺς

164 1582 296 1617 ἀστέρας
311 1586 355 1618 εις
366 1585 511 1618 ἐξουσίαν
525 1588 580 1621 τῆς
594 1592 714 1623 νυκτός.
733 1592 808 1627 Ἔχει
828 1592 856 1618 δὲ
876 1590 952 1625 οὗτος
966 1608 989 1638 c

163 1629 216 1665 τὴν
241 1629 363 1662 ἐξουσίαν
383 1631 412 1658 τὸ
429 1633 486 1667 φῶς
502 1635 655 1671 περιφέρων
675 1638 703 1663 ὲν
721 1638 816 1673 ἑαυτῷ·
840 1639 949 1666 ἐπειδάν

164 1683 232 1702 ποτε
248 1676 292 1702 τδν
309 1677 370 1704 καθ’
383 1679 455 1713 ἡμᾶς
474 1679 598 1715 ὁρίζοντα
617 1682 756 1718 ὑπεράρῃ,
776 1684 882 1720 ἡμέραν
899 1695 950 1713 παρ

165 1720 240 1757 ρέχει
255 1722 433 1756 διασκεδάσας
449 1725 479 1752 τὸ
494 1726 597 1758 σκότος.

205 1777 238 1804 Ἡ
250 1777 280 1804 δὲ
295 1779 403 1816 σελήνη,
418 1781 526 1809 ἐπειδὰν
539 1783 686 1816 δωδεκάκις
701 1785 746 1812 τὸν
759 1783 857 1823 ὲαύτῆς
873 1788 949 1815 ἐκτε-

162 1822 230 1861 λίσῃ
242 1824 352 1860 δρόμον,
369 1827 492 1854 ἐνιαυτοῦ
506 1830 634 1864 τυγχάνει
655 1833 800 1868 ποιητικὴ,
824 1834 892 1870 πλὴν
906 1836 947 1862 δτι

163 1871 249 1906 μηνὸς
267 1871 412 1908 ὲμσολίμου
428 1873 511 1901 δεῖται
528 1876 594 1911 πρὸς
612 1876 661 1912 τὴν
683 1878 783 1915 ἀκρισῆ
798 1880 852 1907 τῶν
868 1881 947 1916 ὡρῶν

162 1917 325 1954 συνδρομήν.
346 1918 375 1946 '0
391 1919 445 1955 γὰρ
461 1920 571 1956 ἡλιακδς
585 1923 705 1955 ἐνιαυτὸς
722 1925 776 1952 ἀπὸ
794 1925 841 1952 τοῦ
863 1928 945 1954 αὑτοῦ

161 1963 275 1998 σημείου
289 1965 335 1991 ἐπὶ
353 1965 382 1992 τὸ
394 1966 460 1993 αὐτὸ
476 1968 586 2003 σημεῖον
597 1969 667 1996 κατὰ
680 1971 730 2005 τὴν
749 1972 852 1999 οίκείαν
869 1974 941 2009 κίνη‹

160 2016 204 2035 σιν
216 2010 262 2036 τοῦ
275 2010 350 2044 ἡλίου
367 2013 440 2040 ἐστὶν
459 2014 688 2048 ἀποκατάστασις.
708 2017 763 2052 Τῆς
782 2017 810 2044 δὲ
831 2019 946 2055 σελήνης

158 2053 304 2090 ληγούσης,
316 2056 456 2092 ἁραιοῦται
471 2059 525 2086 τῶν
538 2059 613 2092 ζώων
629 2061 663 2088 τὰ
680 2061 802 2097 σώματα,
818 2065 865 2090 καὶ
879 2053 944 2091 οπό-

158 2107 227 2126 κενα
252 2100 370 2134 γίνεται·
397 2104 548 2141 αὐξομένης
569 2107 615 2139 δὲ,
636 2107 846 2144 ἀναπληροῦται.
873 2111 943 2138 Διότι

159 2144 298 2181 ὑγρότητα
317 2147 384 2182 μετὰ
400 2149 566 2186 θερμότητος
585 2153 779 2189 κεκραμμένην
795 2154 943 2190 λεληθότως

157 2190 276 2226 ἐνίησιν·
292 2193 317 2219 οὶ
334 2194 386 2230 γὰρ
399 2195 576 2229 καθεύδοντες
595 2198 647 2225 ὑπὸ
665 2198 776 2235 σελήνην
796 2200 944 2236 ὑγρότητος

157 2238 292 2273 mpm-sic
304 2239 468 2275 πληροῦνται
483 2242 532 2275 τὰς
545 2244 673 2278 κεφαλὰς,
697 2247 743 2272 καὶ
757 2246 790 2273 τὰ
806 2249 941 2283 νεοσφαγῆ

646 195 782 228 SPURiA.
800 216 836 222 -
849 202 1029 233 COMMENT.
1049 205 1081 233 ΙΝ
1102 205 1349 238 HEXAEMERON.

1755 220 1806 248 72!

984 265 1008 293 Α
1022 266 1196 300 mutationes,
1210 275 1243 295 ac
1257 269 1341 301 vices,
1357 269 1455 299 hiemis
1463 272 1578 308 scilicet,
1596 276 1677 309 veris,
1693 279 1805 312 astatis,

1021 313 1157 346 autumni,
1173 313 1364 350 intelligendas
1377 324 1439 345 esse
1461 325 1614 349 censemus.
1630 321 1723 351 Hiems
1739 328 1804 352 tunc

1020 355 1111 389 irruit,
1124 366 1186 386 cum
1202 359 1244 387 sol
1254 361 1282 387 in
1299 361 1424 396 partibus
1436 366 1602 395 australibus
1609 375 1802 403 commoratur.

1019 404 1162 439 noctisque
1174 406 1298 435 umbram
1317 409 1388 443 apud
1408 418 1459 439 nos
1487 413 1555 441 satis
1576 413 1623 442 diu
1640 416 1801 450 productam

1019 448 1168 484 longiorem
1179 452 1291 481 omnino
1308 453 1382 487 facit,
1398 456 1434 484 ita
1451 462 1481 485 ut
1493 465 1540 486 aer
1551 460 1626 487 circa
1636 448 1738 490 terram
1753 463 1802 491 fri-

1017 500 1120 528 gescat,
1134 504 1303 534 vaporesque
1315 500 1417 529 humidi
1434 505 1553 536 excitati,
1572 507 1690 541 pluvias,
1701 510 1802 544 glacies

1018 539 1148 575 nivesque
1174 543 1335 577 producant.
1361 545 1414 575 Sed
1435 548 1481 576 ubi
1500 539 1609 579 rursum
1622 560 1637 580 a
1651 539 1801 584 meridiana

1016 585 1095 621 plaga
1110 587 1282 622 remigrando
1300 591 1418 619 medium
1439 595 1500 622 coeli
1516 602 1656 631 permeat,
1678 601 1801 634 aequino-

1016 630 1099 656 ctium
1112 630 1150 663 ﬁt,
1164 632 1326 670 frigorisque
1345 640 1373 663 et
1390 637 1490 666 caloris
1513 630 1622 668 modum
1648 630 1800 678 temperant

1015 675 1115 704 modici
1130 677 1202 706 illius
1216 686 1344 709 accessus
1355 682 1398 709 vel
1426 690 1571 718 recessus;
1592 686 1655 714 hinc
1675 675 1722 715 ver
1738 695 1800 718 esse

1015 723 1122 759 incipit,
1147 733 1202 760 quo
1228 726 1318 756 herba:
1341 729 1496 764 germinant
1515 733 1682 768 arboresque
1697 735 1799 763 revivi-

1015 774 1104 797 scunt.
1127 769 1191 798 lnde
1204 771 1259 806 jam
1279 773 1383 801 aestivis
1399 776 1568 810 temporibus
1588 777 1745 807 ineuntibus
1764 780 1798 809 ad

1013 815 1099 850 ipsam
1113 816 1210 845 Ursam
1228 819 1268 846 sol
1278 827 1394 847 cursans
1411 829 1522 855 magnos
1542 823 1619 850 nobis
1632 824 1713 853 eilicit
1725 825 1795 858 dies,

1012 865 1038 889 et
1051 870 1113 890 cum
1127 863 1231 892 diutius
1257 865 1286 892 in
1302 873 1364 893 aere
1389 871 1524 900 versetur,
1550 870 1640 904 ipsum
1656 873 1753 903 torret,
1769 876 1796 900 et

1013 911 1085 935 terra
1109 909 1238 938 universa
1263 912 1414 944 exsiccata,
1443 913 1550 943 fructus
1564 921 1687 944 maturos
1706 917 1796 946 reddit

1014 961 1121 982 summo
1148 955 1260 988 calore:
1277 959 1435 994 umbrmque
1459 964 1545 988 curta),
1562 961 1712 995 iaciuntur,
1732 971 1795 991 cum

1011 999 1053 1026 sol
1068 999 1178 1028 illiloco
1198 1009 1279 1037 supra
1287 1004 1415 1032 verticem
1434 1005 1469 1033 sit
1483 1005 1630 1042 lumenque
1657 1008 1793 1038 demittat.

1010 1043 1040 1072 in
1055 1045 1223 1075 brevissimis
1239 1049 1311 1076 enim
1328 1049 1424 1078 diebus
1443 1051 1547 1079 umbrae
1564 1052 1729 1088 longissimae
1747 1063 1795 1082 ca-

1010 1090 1086 1118 dunt.
1105 1091 1204 1119 lterum
1217 1101 1231 1120 a
1248 1094 1407 1124 meridianis
1439 1096 1465 1126 in
1494 1098 1629 1126 australes
1645 1104 1735 1134 partes
1747 1101 1793 1129 illo

1011 1142 1161 1172 remeante,
1174 1143 1321 1169 autumnus
1329 1142 1458 1177 gignitur,
1474 1144 1560 1174 multo
1585 1145 1676 1173 calore
1686 1146 1791 1174 sensim

1009 1188 1197 1218 evanescente,
1207 1186 1349 1223 hiemeque
1365 1188 1425 1215 sine
1453 1189 1508 1217 ullo
1526 1189 1699 1219 incommodo
1711 1199 1791 1221 acce-

1008 1227 1097 1256 dente.

1042 1358 1087 1386 Sol
1099 1360 1151 1387 diei
1167 1369 1250 1388 causa
1266 1370 1400 1398 nusquam
1417 1368 1469 1396 est,
1487 1373 1566 1394 nemo
1591 1367 1616 1394 id
1633 1368 1668 1394 ita
1690 1376 1719 1396 se
1740 1370 1789 1397 ha-

1007 1403 1071 1432 bere
1085 1406 1226 1440 opinetur;
1244 1408 1314 1435 hunc
1336 1410 1435 1437 ctenim
1451 1411 1510 1438 dies
1523 1413 1661 1446 praecedit,
1679 1419 1704 1441 et
1717 1423 1786 1449 nox;

1007 1450 1054 1477 sed
1071 1455 1114 1477 est
1127 1451 1181 1478 dux
1195 1456 1221 1480 et
1236 1454 1360 1489 princeps
1378 1458 1405 1481 ct
1419 1456 1574 1484 moderator
1589 1457 1673 1491 illius,
1691 1468 1786 1495 quem-

1006 1495 1151 1523 admodum
1167 1502 1192 1524 et
1204 1497 1364 1526 Psalmodus
1391 1501 1470 1528 nobis
1491 1502 1622 1531 insinuat.
1640 1505 1733 1532 Posuit
1745 1506 1787 1534 di-

1004 1548 1069 1568 cens
1084 1544 1166 1570 solem
1192 1545 1219 1571 in
1233 1544 1377 1572 dominium
1397 1547 1460 1579 diei,
1479 1548 1568 1575 lunam
1595 1554 1619 1577 et
1643 1552 1734 1579 stellas
1759 1552 1787 1579 in

1003 1587 1148 1616 dominium
1162 1591 1255 1617 noctis.
1271 1590 1345 1619 Illius
1357 1596 1446 1620 autem
1473 1594 1576 1623 obtinet
1593 1597 1786 1632 principatum,

1004 1633 1094 1662 lumen
1109 1635 1135 1662 in
1149 1640 1233 1663 semet
1245 1637 1401 1672 deportans,
1417 1640 1463 1674 qui
1487 1648 1548 1667 cum
1565 1641 1593 1668 in
1608 1646 1730 1670 nostrum
1753 1643 1785 1671 li-

1003 1681 1119 1709 nitorem
1138 1685 1302 1718 pervenerit,
1320 1687 1441 1714 tenebris
1451 1686 1560 1722 fugatis,
1579 1689 1651 1716 diem
1663 1689 1751 1718 affert.

1034 1781 1120 1815 Luna,
1135 1783 1181 1811 ubi
1193 1783 1339 1812 duodecies
1351 1789 1436 1813 totum
1455 1794 1535 1814 suum
1551 1788 1670 1817 confecit
1690 1793 1717 1817 et
1736 1797 1784 1825 pe-

1000 1830 1119 1864 ragravit
1130 1830 1191 1862 iter,
1205 1831 1269 1858 anni
1286 1832 1402 1866 spatium
1429 1834 1555 1861 terminat
1567 1844 1575 1868 ;
1587 1843 1679 1864 mense
1694 1841 1784 1865 tamen

1000 1881 1068 1908 opus
1075 1875 1289 1910 estintercalari,
1302 1877 1334 1904 ad
1350 1877 1478 1906 horarum
1493 1887 1645 1908 concursus
1659 1887 1783 1910 exactam

999 1920 1132 1948 rationem
1154 1922 1379 1957 perspiciendam.
1405 1925 1500 1952 Annus
1525 1926 1597 1953 enim
1631 1927 1728 1956 solaris
1748 1929 1783 1956 ab

998 1967 1092 1994 eodem
1106 1968 1194 2003 signo.
1225 1968 1258 1996 ad
1278 1969 1349 1997 idem
1377 1971 1526 1998 secundum
1559 1974 1698 2007 proprium
1717 1975 1782 2002 solis

999 2017 1100 2040 motum
1113 2017 1235 2042 reversio
1248 2019 1299 2043 cst.
1326 2015 1401 2043 Luna
1434 2017 1609 2046 decrescente
1623 2019 1780 2048 animalium

997 2066 1112 2093 corpora
1153 2065 1295 2088 rarescunt
1337 2066 1479 2089 extenuata
1512 2068 1539 2090 et
1567 2064 1778 2100 exinaniuntur;

997 2108 1147 2136 crescente,
1160 2111 1295 2140 augentur
1309 2108 1426 2142 expleta.
1445 2107 1521 2135 Clam
1550 2109 1621 2135 enim
1637 2110 1779 2137 humidita-

996 2153 1049 2176 tem
1064 2150 1147 2177 calori
1164 2152 1334 2180 commistam
1349 2153 1434 2186 indit;
1451 2154 1514 2181 hinc
1534 2154 1562 2181 iit
1573 2155 1623 2182 sub
1636 2155 1699 2182 luna
1714 2157 1778 2184 dor-

996 2195 1135 2222 mientium
1162 2196 1248 2224 multa
1272 2197 1433 2225 humidilate
1462 2199 1550 2233 capita
1566 2200 1680 2234 oppleri,
1693 2205 1720 2227 ct
1736 2209 1779 2228 re.

995 2245 1088 2268 center
1100 2241 1285 2277 iugulatorum
1309 2251 1418 2275 carnes,
1437 2249 1464 2271 et
1487 2245 1617 2280 quidquid
1640 2247 1711 2273 aliud
1735 2248 1778 2275 his

156 2281 188 2308 δὲ
201 2282 254 2309 τῶν
260 2284 358 2319 κρεῶν,
373 2287 418 2313 καὶ
427 2288 480 2313 πᾶν
492 2288 550 2314 εἴτι
561 2289 688 2320 τοιοῦτον.
698 2292 729 2326 τῇ
745 2287 879 2327 προσεολῇ
891 2293 940 2327 τῆς
957 2287 978 2316 Ι)

992 2294 1047 2314 non
1075 2287 1210 2320 absimile,
1240 2290 1310 2316 lunre
1330 2291 1545 2325 aspectnsubilo
1575 2293 1723 2325 immutari,
1752 2300 1777 2322 et

157 2327 273 2364 σελήνης
289 2331 392 2366 ταχέως
412 2333 550 2368 τρέπεται.
571 2336 685 2371 Ὁμοίως
708 2337 736 2363 δὲ
753 2337 799 2363 καὶ
821 2338 855 2364 τὰ
879 2340 942 2374 περὶ

155 2375 204 2401 τὸν
216 2375 283 2412 ἀέρα
295 2377 367 2413 πάθη
378 2379 504 2414 τοιαύτης
517 2381 605 2412 αἰτίας
617 2382 941 2419 συνίσταται.Νουμηνίας

155 2421 211 2458 γὰρ
219 2423 361 2459 ἐνστάσης,
369 2423 488 2461 γαλήνης
498 2425 581 2463 οὔσης
590 2428 870 2464 σταθερᾶς,αἰφνιδίων
881 2431 941 2457 ἀνέ-

157 2474 217 2501 μων
239 2469 355 2504 ταραχαὶ
374 2470 493 2504 γίνονται
513 2471 566 2499 τῶν
581 2473 668 2507 νεφῶν
691 2474 874 2509 κλονουμένων
893 2477 940 2502 καὶ

156 2514 368 2547 συμπιπτόντων
387 2516 525 2552 ἁλλὴλοις’
544 2518 590 2544 καὶ
608 2519 726 2553 γίνονται
742 2521 804 2556 περὶ
820 2521 885 2552 τοὺς
895 2522 939 2547 εὐ-

155 2557 253 2593 ρίπους
263 2560 427 2596 παλίρροιαι,
436 2563 483 2589 καὶ
493 2564 555 2599 περὶ
565 2564 608 2590 τὸν
617 2565 736 2592 ὠκεανὸν
744 2566 880 2602 ἁναδρομὴ
890 2568 938 2603 τῆς

153 2602 301 2640 θαλάσσης.
324 2606 356 2633 El
379 2607 407 2634 δὲ
433 2608 480 2635 καὶ
501 2608 547 2636 τοῦ
566 2609 640 2645 ἡλίου
661 2609 779 2646 ἔκλειψις
793 2602 937 2647 νουμηνίας

151 2649 237 2685 οὔσης
252 2651 366 2685 γίνεται,
385 2653 549 2691 σφοδροτέρα
571 2655 728 2690 συμϐαίνει·
748 2657 868 2684 κάτωθεν
884 2658 936 2694 γὰρ

151 2696 170 2731 ἠ
188 2696 286 2733 σελήνη
304 2698 455 2726 ὑπελθοῦσα
465 2700 615 2735 ἐμφράττει
629 2701 704 2736 ἡλίου
717 2702 766 2734 τὰς
778 2702 900 2734 ἀκτῖνας.

187 2741 266 2776 Μέγα
280 2743 309 2770 δέ
323 2752 348 2770 τι
363 2744 409 2771 καὶ
425 2744 492 2781 αὕτη
514 2746 529 2781 ἡ
548 2746 647 2782 σελήνη
669 2747 829 2782 καθέστηκε.
849 2747 935 2774 Μῦθοι

148 2785 179 2813 δὲ
195 2786 324 2823 ληρώδεις
340 2790 392 2816 ὑπὸ
415 2791 566 2826 μεθυόντων
582 2793 712 2828 γραῖδίων
729 2795 866 2830 πανταχοῦ
884 2795 935 2822 διε-

149 2831 288 2868 σώθησαν·
311 2836 353 2862 ὅτι
378 2837 555 2871 μαγγανείαις
578 2839 633 2865 τισὶ
653 2839 702 2874 τῆς
731 2840 832 2872 οίκείας
855 2841 935 2877 ἔδρας

147 2878 328 2915 ἁπακινεϊται,
356 2883 403 2909 καὶ
428 2883 496 2919 πρὸς
517 2883 567 2919 τὴν
589 2885 640 2920 γῆν
663 2885 853 2920 καταφέρεται.
880 2888 933 2913 Καὶ

148 2925 228 2956 ποῖος
245 2925 278 2952 ἂν
299 2926 379 2960 τόπος
395 2928 573 2964 καταχθιῖσαν
593 2930 676 2966 αὐτὴν
703 2931 865 2965 ὑπεδέξατος
886 2933 931 2968 Mi;

993 2333 1066 2368 ipsas
1078 2334 1150 2362 aeris
1165 2334 1320 2362 affectiones
1333 2336 1407 2363 illius
1426 2344 1508 2364 causa
1522 2339 1689 2373 contingere.
1709 2339 1777 2367 Nam

993 2377 1056 2404 luna
1064 2383 1202 2412 nascente,
1218 2380 1433 2414 sitranquillitas
1446 2382 1602 2415 plenissima
1616 2383 1697 2411 fuerit
1711 2393 1772 2412 ven-

991 2427 1092 2454 torum,
1105 2426 1236 2459 repentini
1252 2426 1385 2456 turbines,
1404 2427 1522 2454 nubibus
1551 2428 1638 2462 pulsis
1663 2433 1689 2455 et
1705 2428 1776 2457 inter

991 2476 1021 2496 se
1045 2469 1264 2498 conﬂictantibus
1281 2491 1288 2502 ,
1307 2477 1406 2505 erunt;
1426 2472 1544 2507 ﬁentque
1559 2474 1585 2499 in
1610 2474 1714 2508 euripis
1737 2483 1775 2502 re~

990 2516 1189 2551 ciprocationes
1224 2526 1355 2553 aquarum
1400 2527 1594 2553 regressusque
1630 2521 1713 2548 maris
1748 2522 1774 2548 iu

990 2561 1115 2596 Oceano;
1129 2564 1202 2598 quod
1224 2565 1249 2590 si
1276 2565 1339 2591 luna
1355 2565 1502 2591 novissima
1514 2565 1634 2598 primove
1650 2565 1715 2593 solis
1726 2566 1772 2593 de-

990 2607 1079 2636 fectus
1102 2608 1157 2641 iiet,
1180 2609 1239 2636 haec
1269 2610 1360 2637 omnia
1380 2611 1581 2639 vehementiora
1595 2611 1771 2646 contingunt;

991 2654 1145 2682 interventu
1162 2656 1262 2691 quippe
1280 2656 1351 2683 lunze
1376 2657 1442 2684 solis
1467 2656 1535 2683 radii
1549 2656 1678 2683 occultati
1691 2657 1773 2684 hebe-

986 2703 1088 2727 tantur.

1023 2745 1189 2774 immensum
1203 2747 1268 2782 quid
1283 2752 1326 2775 est
1341 2753 1368 2775 et
1383 2749 1439 2783 ipsa
1456 2748 1536 2780 luna;
1555 2755 1633 2783 nuga:
1648 2755 1728 2775 merae
1740 2749 1771 2775 il-

987 2793 1019 2820 lae
1034 2797 1098 2821 sunt
1108 2790 1240 2828 planeque
1265 2794 1332 2826 lirze.
1349 2795 1426 2822 nobis
1442 2802 1456 2820 a
1471 2795 1626 2822 temulentis
1655 2794 1770 2822 aniculis

987 2840 1196 2870 traditi,lunam
1226 2841 1364 2867 veneﬁciis
1386 2841 1548 2875 quibusdam
1569 2839 1679 2875 propria
1707 2839 1770 2867 sede

987 2886 1089 2913 moveri
1106 2890 1133 2913 et
1149 2886 1175 2913 in
1189 2890 1287 2913 terram
1304 2887 1410 2919 delabi;
1427 2890 1454 2913 et
1466 2886 1591 2921 quisnam
1607 2886 1679 2912 illam
1692 2886 1768 2913 locul

988 2931 1126 2968 delapsam
1141 2932 1295 2968 exceperit?
1309 2941 1395 2968 neque
1410 2940 1457 2968 per
1469 2939 1588 2959 errorem
1606 2931 1633 2958 in
1646 2929 1767 2958 fraudem
