2152 3163
305 163 359 193 735

729 162 757 190 S.
775 161 995 190 EUSTATHIUS
1013 157 1259 189 ANTIOCHENUS
1274 155 1473 186 EPISCOPUS.

1862 154 1915 183 πε

302 225 376 249 tunt.
391 204 540 257 Aquatica‘.
555 220 637 248 veluti
653 224 749 248 anates
763 225 789 248 et
804 221 896 256 cygni,
908 224 934 248 et
948 220 992 249 his
1004 220 1082 249 simi-
1097 223 1120 251 Α
1134 227 1150 246 σ

1065 222 1082 247 i-
1097 223 1120 251 Α
1134 216 1352 246 συνουσιαστικδν
1372 215 1487 250 ἔχουσιν,
1510 214 1551 241 Τά
1562 214 1591 242 δὲ
1604 213 1726 250 φίλυδρα.
1739 210 1795 240 οἷον
1807 213 1915 249 νῆσσαι,

304 267 356 301 les,
367 267 471 295 divisos
490 266 573 302 pedes
589 275 643 294 non
657 267 770 298 habent,
789 266 835 294 sed
860 267 940 295 latos.
956 271 984 293 et
1006 274 1087 293 tuem-

303 313 391 340 brana
404 312 578 347 coniunctos,
593 316 623 339 ut
639 311 748 340 facilius
771 313 798 338 iu
821 312 899 346 aquis
915 316 1008 339 natare
1023 319 1086 347 pos-

304 359 371 390 sint,
392 358 559 387 membranis
573 358 672 394 pedum
687 358 766 394 quasi
785 358 868 386 remis
884 365 1016 393 aquarum
1031 357 1086 385 vim

305 404 446 439 pellentes.

339 448 450 484 Cygnus
469 449 568 476 collum
589 449 703 485 pedibus
726 449 831 484 longius
853 449 1007 484 protendit,
1033 457 1088 485 quo

306 494 395 529 pisces
410 502 425 522 e
436 494 520 522 fundo
537 496 631 530 arripit
645 496 748 531 plures.

340 539 437 567 Avium
455 541 547 568 multa:
563 545 685 576 tempore
707 541 770 568 anni
795 544 901 568 mutant
922 544 948 568 et
967 541 1086 568 colorem

305 588 332 614 et
351 593 454 613 vocem.
473 585 573 613 Merula
588 594 705 621 namque
718 595 751 614 ex
768 587 844 622 nigra
867 586 999 617 rull‘escit.
1013 590 1039 614 et
1053 594 1087 614 ex

305 638 406 658 canora
426 632 550 659 balbutit.
569 631 704 659 Luscinia:
719 632 782 660 item
798 640 851 659 vox
865 636 893 660 et
906 633 982 659 color
996 632 1088 659 solsti~

306 677 344 704 tio
354 680 505 710 mutantur,
522 681 550 704 et
565 679 592 704 in
603 678 707 705 somnis
723 677 892 705 modulatum
907 678 963 706 edit
977 684 1086 705 sonum.

340 807 469 841 Quaedam
489 809 570 836 etiam
593 817 655 838 aves
676 810 772 837 bruma
788 818 842 838 non
864 810 1000 841 esuriunt.
1026 817 1088 838 aere

306 852 376 883 solo.
391 856 417 879 et
436 860 468 880 eo
485 861 546 881 rore
567 854 613 888 qui
629 854 726 882 herbas
739 855 818 888 rigat,
843 854 897 882 illis
917 854 1014 882 famem
1029 855 1087 890 pel-

1137 263 1184 291 καὶ
1196 262 1300 294 κύκνοι,
1315 261 1361 288 καὶ
1373 260 1409 288 τὰ
1422 260 1501 296 ὅμοια
1513 260 1614 292 αὐτοῖς,
1623 259 1686 290 τοὺς
1701 258 1782 291 πόδας
1791 260 1918 294 ἐσχισμέ-

1136 317 1197 340 νους
1216 308 1265 335 οὐκ
1288 307 1404 342 ἔχουσιν,
1420 305 1487 333 ἀλλά
1503 305 1623 338 πλατεῖς,
1641 304 1786 340 ὑμενώδεις
1806 304 1875 341 πρὸς
1888 305 1918 332 τὸ

1137 354 1264 390 εὐμαρῶς
1270 354 1326 385 τοῖς
1342 352 1418 379 ὕδασι
1432 351 1570 387 νήχεσθαι,
1581 351 1663 378 οίονεὶ
1674 350 1780 383 κώπαις
1798 351 1854 379 τισὶ
1863 352 1917 384 τοις

1137 400 1218 436 ὑμέσι
1232 399 1286 425 τῶν
1300 398 1388 425 ποδῶν
1401 397 1432 424 τδ
1442 396 1524 433 ὑγρὸν
1536 396 1712 432 διωθούμενα.

1177 445 1206 472 '0
1220 444 1248 471 δὲ
1259 444 1358 475 κύκνος
1382 443 1548 479 μακρόιερον
1562 441 1616 468 τῶν
1633 441 1721 469 ποδῶν
1733 441 1788 477 ἔχει
1799 441 1847 469 τὸν
1858 442 1919 478 τρό-

1137 490 1226 526 χηλον,
1245 489 1313 526 πρὸς
1333 490 1364 516 τὸ
1376 490 1408 515 ὲκ
1423 487 1470 515 τοῦ
1486 487 1582 523 βάθους
1597 488 1721 523 ἀνασπᾷν
1733 487 1796 520 τοὺς
1813 487 1916 524 ἰχθύας.

1171 536 1232 563 Τῶν
1251 536 1279 562 δὲ
1301 535 1401 570 ὀρνέων
1419 533 1504 560 πολλὰ
1531 533 1590 560 κατ’
1615 532 1674 564 ἔτος
1693 532 1852 568 μεταϐάλλει
1870 534 1919 570 τὴν

1138 582 1229 618 φωνὴν
1245 581 1291 608 καὶ
1306 582 1356 617 τὴν
1371 579 1477 616 χροιάν.
1505 579 1535 607 '0
1549 578 1603 614 γὰρ
1617 578 1749 614 κάττυφος
1760 580 1792 606 ἐκ
1805 579 1918 615 μέλανος

1138 626 1234 659 ξανθὸς
1255 626 1426 658 καθίσταται,
1447 626 1493 652 καὶ
1509 625 1538 657 ἐξ
1557 623 1655 660 ᾠδικοῦ
1668 625 1823 660 κρακτικός.
1846 624 1878 650 Ἦ
1891 623 1918 651 δὲ

1137 671 1226 707 ἀηδὼν
1250 672 1281 698 τὸ
1304 671 1403 707 χρῶμα
1427 671 1475 698 καὶ
1493 671 1541 706 τήν
1558 670 1649 706 φωνὴν
1676 669 1837 706 μεταϐάλλει
1859 671 1918 702 ταις

1137 719 1266 753 τροπαῖς·
1294 718 1341 745 καὶ
1367 717 1440 744 ἔστιν
1469 717 1605 753 ἄγρυπνον
1628 718 1661 751 τῇ
1689 715 1806 752 μελῳδίᾳ
1825 716 1919 751 σχολά-

1138 763 1232 795 ζουσα.

1174 810 1253 836 Ἔνια
1273 809 1302 835 δὲ
1320 809 1374 836 τῶν
1395 809 1495 845 ὀρνέων
1513 807 1563 839 τὰς
1579 807 1735 844 χειμερινὰς
1749 808 1779 834 οὐ
1807 807 1918 835 πεινῶσι

1138 854 1252 890 τροπὰς,
1267 854 1305 890 τῷ
1320 855 1382 890 ἀέρι
1405 854 1476 889 μόνῳ
1490 853 1642 890 τρεφόμενα
1655 853 1701 879 καὶ
1721 854 1754 888 τῇ
1777 852 1848 879 κατά
1869 852 1918 884 τὰς

305 897 398 931 lente;
426 898 473 926 sed
496 903 523 926 et
555 899 657 928 ventris
684 901 868 934 voluptatibus
900 888 1083 928 dominantur.
1102 888 1155 934 Bx‘

1067 908 1083 926 π.
1102 888 1123 916 Β
1136 888 1303 936 χλοηφαγίας
1319 888 1512 935 ἐνυπαρχούσῃἺ
1529 888 1620 931 νοτίδι,
1636 898 1702 925 ἀλλὰ
1717 899 1764 925 καὶ
1784 897 1832 930 τὰς
1852 897 1917 924 ὐπο-

305 943 473 976 Quibusdam
484 945 555 972 enim
566 953 638 979 vere,
651 950 679 974 et
691 950 823 973 autumno
834 947 998 982 aequinoctio
1015 947 1084 982 ipso.

304 989 468 1023 quibusdam
485 990 567 1018 semel
591 999 639 1025 per
660 996 782 1027 tempora
799 993 861 1019 anni
879 993 941 1019 stati
957 993 1086 1020 concubi-

303 1038 358 1063 tus.
381 1036 453 1064 Aves
478 1036 584 1065 feminae
603 1046 746 1073 quousque
772 1039 1086 1074 conceperint..-marem

303 1080 458 1114 admittunt,
480 1084 813 1119 postquamconceperint,
828 1088 997 1113 aversantur.

339 1170 474 1198 Scarabazi
487 1179 599 1199 rosaceo
612 1172 672 1199 illiti
684 1178 791 1208 repente
804 1173 1001 1200 exanimantur.
1014 1171 1085 1208 Apes

303 1219 330 1243 et
341 1223 429 1250 vespae
440 1217 500 1244 oleo
515 1217 683 1250 madefactae,
698 1219 832 1247 meatibus
847 1217 965 1246 occlusis
985 1226 1085 1246 consu-

303 1266 434 1296 muntur;
449 1270 510 1298 quae
521 1263 544 1291 si
565 1268 642 1292 aceto
659 1268 848 1299 aspergantur.
877 1264 958 1292 vitam
972 1272 1085 1299 recupe-

302 1311 374 1340 rant,
389 1312 414 1335 et
427 1309 575 1344 respirandi
584 1310 711 1337 facultate
724 1311 834 1345 privatae
845 1318 906 1338 aere
917 1311 1083 1338 nutriuntur.

302 1352 373 1386 Apes
381 1360 471 1387 regem
485 1354 594 1385 habent.
607 1359 808 1382 etcommuncm
817 1356 947 1387 volatum,
963 1363 1085 1382 commu-

302 1403 419 1432 nemque
433 1403 541 1425 servant
554 1399 682 1432 domum;
700 1408 786 1434 neque
803 1400 856 1426 ulla
870 1400 972 1426 exitum
987 1403 1084 1433 tentat,

303 1445 446 1477 antequam
463 1450 510 1470 rex
525 1443 581 1477 ipse
589 1444 707 1471 volatum
732 1436 873 1479 iiicoeperit
888 1445 954 1479 ;qtii
973 1452 1028 1472 non
1052 1445 1086 1472 ab

303 1487 357 1514 illis
368 1488 486 1523 eligitur,
499 1490 546 1516 sed
561 1494 657 1517 natura
665 1491 786 1518 omnium
802 1495 876 1518 tenet
890 1491 1083 1526 principatum,
1098 1510 1102 1512 -

303 1535 408 1562 caeteris
427 1535 524 1569 major,
545 1535 630 1563 forma
645 1543 804 1570 morumque
818 1536 928 1564 lenitate
948 1537 1009 1564 illas
1027 1537 1084 1564 vin—

304 1587 387 1613 cens;
400 1579 482 1607 habet
498 1581 569 1607 enim
584 1582 718 1612 aculeum,
734 1589 788 1616 quo
804 1585 893 1608 tamen
904 1581 937 1608 ad
950 1582 1086 1610 ulciscen-

304 1625 369 1652 dum
384 1633 438 1653 non
454 1626 550 1652 utitur.
560 1626 643 1654 Ceras
653 1634 686 1654 ex
702 1627 830 1654 arborum
845 1631 1022 1662 satorumque
1036 1627 1085 1654 ﬂo-

303 1670 379 1698 ribus
395 1671 564 1706 conﬁngunt,
579 1676 606 1699 et
631 1680 728 1707 aquam
744 1677 889 1708 guttasque
906 1673 993 1700 instar
1008 1673 1078 1700 roris

301 1715 414 1744 floribus
431 1717 568 1750 diffusam,
579 1726 626 1745 ore
640 1719 830 1751 convehentes,
840 1727 962 1746 cerarum
971 1718 1083 1746 alveolis

303 1766 470 1796 exonerant;
487 1763 550 1790 hinc
567 1764 700 1798 principio
718 1764 858 1792 humidum
879 1768 930 1796 est,
949 1764 995 1792 sed
1013 1769 1081 1792 tem-

303 1813 369 1840 pore
380 1807 534 1835 hominibus
550 1816 599 1835 usu
614 1808 729 1841 efficaci,
754 1814 916 1836 maturatum
939 1809 1082 1837 dulcescit.

305 1851 391 1880 Mellis
406 1853 470 1880 item
487 1861 591 1880 summa
606 1848 748 1889 prudentia
760 1855 903 1890 studioque
913 1855 1083 1889 receptacula

303 1898 434 1931 condunt.
448 1907 536 1927 ceram
555 1900 581 1926 in
604 1901 809 1928 subtilissimam
836 1901 1019 1927 membranam
1034 1908 1080 1927 ex-

306 1945 464 1979 tendentes;
479 1946 589 1973 crebras
605 1951 632 1973 et
645 1946 790 1973 continuas
813 1946 935 1973 favorum
965 1950 1086 1973 structu-

306 1998 351 2017 ras
367 1991 523 2022 conﬁcinnt,
544 1996 573 2018 ut
598 1992 678 2019 simul
697 1992 824 2019 lateribus
846 1991 933 2018 affine
953 1991 1082 2018 haereant.

1136 945 1279 981 γαστρίους
1290 945 1434 981 κρατοῦσιν
1445 945 1548 981 ἡδονάς.
1561 945 1640 971 "Evt:
1656 944 1705 980 μὲν
1720 943 1774 980 γὰρ
1788 944 1859 979 ἔαρι,
1872 943 1919 970 καὶ

1138 990 1287 1027 μετοπώρῳ
1316 990 1385 1017 κατὰ
1412 991 1460 1022 τὰς
1488 990 1642 1026 ίσημερίας,
1666 990 1723 1016 ἔνια
1739 989 1767 1016 δὲ
1782 990 1855 1022 ἅπαξ
1870 989 1917 1016 τοῦ

1136 1038 1213 1069 ἔτους
1229 1037 1371 1064 ἐπιϐαίνει.
1387 1037 1419 1063 Δί
1440 1037 1469 1063 δὲ
1489 1036 1594 1071 θήλειαι
1615 1036 1704 1071 δρνεις
1719 1035 1799 1071 μέχρι
1823 1034 1918 1071 συλλή-

1135 1084 1209 1120 ψεως
1224 1085 1258 1119 τῇ
1274 1083 1351 1118 ὀχείᾳ.
1358 1083 1474 1117 ἔχονται,
1489 1083 1536 1109 καὶ
1549 1081 1629 1114 εὐθὺς
1643 1082 1706 1113 τοὺς
1716 1081 1834 1118 ἄρρενας
1849 1080 1917 1107 ἀπο-

1135 1130 1288 1165 τρέφονται.

1171 1167 1201 1201 σί
1214 1174 1241 1201 δὲ
1257 1173 1397 1210 κάνθαροι,
1414 1174 1461 1201 ἐὰν
1476 1174 1570 1209 ῥοδίνῳ
1582 1172 1738 1210 χρισθῶσιν,
1753 1172 1833 1204 εὐθὺς
1852 1173 1918 1199 ἀπο-

1136 1219 1306 1255 θνήσκουσιν.
1321 1220 1353 1246 Αί
1367 1220 1395 1247 δὲ
1412 1220 1536 1256 μέλισσαι
1550 1220 1597 1247 καὶ
1615 1219 1726 1255 σφῆκες,
1742 1219 1825 1255 ἐλαίῳ
1839 1227 1918 1246 κατα-

1136 1266 1289 1302 ϐρεχθὲῖσαι
1315 1266 1479 1301 φθείρονται.
1504 1266 1558 1293 τῶν
1582 1266 1672 1302 πόρων
1694 1265 1917 1302 ἀποφραγέντων.

1137 1313 1211 1345 Ὀξει
1227 1310 1272 1339 οὖν
1282 1312 1421 1339 ἀνασιοῦσι
1433 1312 1602 1348 βρεχόμεναι*
1615 1312 1758 1348 τρέφονται
1771 1312 1798 1338 δὲ
1807 1311 1845 1346 τῷ
1857 1311 1918 1347 ἄερι

1135 1358 1269 1393 ἀναπνοὴν
1282 1359 1331 1384 οὐκ
1341 1358 1573 1393 ἐχουσαι.Ἔχουσι
1583 1358 1612 1385 δὲ
1625 1358 1732 1392 βασιλέα
1744 1358 1771 1384 αἱ
1783 1357 1917 1392 μέλισσαι,

1135 1404 1182 1430 καὶ
1197 1403 1286 1438 κοινὴν
1302 1404 1350 1438 μὲν
1367 1403 1503 1430 ποιοῦνται
1517 1404 1564 1438 τὴν
1583 1403 1690 1438 πτῆσιν,
1707 1402 1799 1437 κοινὴν
1821 1402 1850 1428 δὲ
1870 1401 1919 1436 τὴν

1135 1449 1240 1484 οἴκησιν,
1250 1457 1256 1463 ⁸
1268 1449 1314 1475 καὶ
1325 1448 1435 1483 οὐδεμία
1450 1448 1601 1483 προχείρως
1613 1447 1695 1479 ἔξεισι
1708 1447 1798 1482 πρὶνῆ
1813 1447 1858 1472 τὸν
1872 1445 1919 1481 pa;

1137 1491 1212 1519 σιλέα
1223 1492 1271 1527 τῆς
1288 1493 1412 1528 πτήσεως
1430 1491 1705 1527 κατάρξασθαι.¹Εστι
1719 1491 1748 1518 δὲ
1763 1491 1857 1522 αὑταῖς
1873 1488 1918 1517 οὒ-

1135 1545 1180 1568 τος
1194 1538 1398 1573 ἁχειροτόνητος
1413 1539 1445 1564 ὲκ
1460 1537 1565 1572 φύσεως
1585 1537 1653 1573 ἔχων
1666 1538 1714 1573 τὴν
1729 1536 1799 1564 κατά
1812 1536 1919 1563 πάντων

1135 1584 1233 1619 ἀρχὴν,
1252 1583 1371 1618 μεγέθει,
1385 1583 1432 1610 καὶ⁹
1446 1584 1575 1619 σχήματι,
1587 1583 1634 1610 καὶ
1643 1584 1676 1618 τῇ
1688 1582 1733 1609 τοῦ
1744 1583 1825 1618 ήθους
1836 1582 1920 1619 πραό-

1133 1638 1195 1664 τητι
1220 1629 1355 1664 διαφέρων
1374 1628 1480 1655 αὐτῶν·
1496 1628 1552 1656 ἐστι
1570 1629 1618 1664 μὲν
1641 1628 1695 1664 γὰρ
1705 1628 1816 1664 κέντρον
1834 1627 1918 1663 αὐτῷ.

1133 1672 1189 1699 ἀλλ’
1206 1672 1236 1698 οὐ
1251 1673 1349 1708 χρῆται
1365 1672 1451 1708 τούτῳ
1464 1673 1531 1708 πρὸς
1550 1673 1664 1708 ἄμυναν.
1679 1673 1827 1707 Συνάγουσι
1843 1672 1871 1699 δὲ
1887 1673 1918 1699 ἐκ

1132 1717 1186 1743 τῶν
1202 1717 1289 1744 ἀνθῶν
1305 1718 1351 1744 τὸν
1373 1718 1456 1753 κηρὸν
1470 1718 1497 1746 αἱ
1515 1717 1651 1752 μέλισσαι,
1669 1717 1716 1744 καὶ
1735 1718 1784 1753 τὴν
1802 1717 1916 1753 δροσοει-

1130 1761 1184 1794 δῶς
1206 1763 1410 1799 ὲνεσπσρμένην
1435 1763 1524 1790 νοτίδα
1546 1765 1602 1795 τοῖς
1619 1763 1725 1790 ἄνθεσιν
1745 1763 1784 1798 τῷ
1805 1763 1918 1798 στόματι

1137 1809 1367 1844 ὲπισπασὰμεναι,
1376 1810 1433 1840 ταῖς
1447 1809 1581 1843 κοιλότησι
1591 1809 1644 1835 τῶν
1656 1809 1747 1844 κηρῶν
1757 1808 1841 1844 αὐτὴν
1851 1808 1920 1834 ἐνιᾶ-

1138 1862 1179 1879 σιν
1189 1862 1195 1868 ·
1211 1854 1271 1881 ὅθεν
1296 1854 1342 1880 καὶ
1367 1855 1448 1889 ὑγρόν
1463 1855 1519 1881 ἐστι
1534 1854 1581 1889 τὴν
1595 1854 1691 1890 ἀρχὴν,
1709 1853 1766 1881 εἶτα
1777 1853 1815 1889 τῷ
1831 1854 1919 1889 χρόνῳ

1137 1899 1320 1934 καταπεφθὲν,
1339 1900 1386 1935 ἡδὺ
1399 1900 1512 1934 γίνεται,
1529 1901 1575 1926 καὶ
1586 1899 1734 1936 εὔχρηστον
1748 1901 1803 1932 τοῖς
1813 1899 1918 1935 ἀνθρώ-

1138 1954 1209 1977 ποις.
1228 1945 1322 1979 Σοφῶς
1335 1945 1362 1971 δὲ
1377 1946 1423 1972 καὶ
1441 1945 1487 1977 τὰς
1510 1945 1649 1981 ἀποθήκας
1672 1945 1853 1980 φιλοτεχνοῦσι
1872 1944 1918 1972 τοῦ

1140 1991 1262 2026 μέλιτος·
1290 1993 1329 2023 είς
1352 1991 1448 2019 λεπτὸν
1463 1991 1549 2027 ὑμένα
1569 1991 1616 2018 τὸν
1635 1991 1717 2027 κηρδν
1732 1991 1917 2023 διατείνουσαι,

307 2037 409 2070 πυκνὰς
424 2038 471 2065 καὶ
492 2041 612 2074 συνεχεῖς
626 2040 753 2076 ἀλλήλαις
767 2042 828 2072 τοὺς
855 2039 982 2075 σίμϐλους
1006 2039 1201 2073 οίκοδομοῦσιν,
1228 2039 1266 2070 ὡς
1291 2039 1321 2065 τὸ
1335 2039 1430 2075 μικρὸν
1445 2040 1493 2074 τῆς
1518 2038 1572 2065 τῶν
1590 2039 1759 2075 μικροτάτων
1780 2039 1848 2075 πρὸς
1873 2037 1914 2065 ἁλ-

307 2083 373 2119 ληλα
384 2084 482 2116 δέσεως
495 2085 642 2121 ἐδράζεται.

343 2130 465 2161 Locusta:
477 2140 531 2160 uno
542 2140 676 2160 consensu
691 2133 812 2165 sublatae,
827 2137 914 2160 terras
927 2140 974 2167 per
988 2132 1082 2158 latitu-

1171 2131 1204 2156 Δί
1226 2130 1255 2157 δὲ
1269 2130 1377 2166 ἀκρίδες
1393 2130 1433 2157 ἐνὶ
1448 2130 1598 2166 συνθήματι
1614 2129 1684 2157 κατὰ
1703 2129 1732 2156 τὸ
1749 2114 1849 2162 πλάτος
1870 2130 1920 2167 τῆς

305 2176 396 2203 dinem
408 2178 545 2209 infestant.
562 2178 739 2213 procedentes
753 2186 862 2213 campos
876 2178 942 2205 alios
952 2177 1085 2204 fruetibus
1101 2188 1124 2218 ο
1137 2185 1154 2211 χ

1072 2186 1085 2204 s
1101 2188 1124 2218 ο
1137 2175 1228 2211 χώρας
1250 2175 1499 2211 στρατοπεδεύουσι.
1514 2175 1670 2211 Περιιοῧσαι
1686 2176 1714 2202 δὲ
1727 2176 1826 2212 ὁρῶσιν
1840 2176 1919 2213 ἔτερα

306 2226 419 2261 onustos
432 2224 615 2259 conspiciunt,
630 2232 680 2251 nec
690 2227 803 2258 tangunt
819 2224 938 2251 exitiosae
950 2243 957 2256 ,
987 2224 1034 2251 sed
1051 2224 1084 2250 ad

307 2268 462 2301 praescripta
478 2268 530 2295 illis
546 2269 604 2295 loca
615 2275 721 2294 summo
739 2276 808 2294 nexu
826 2268 1002 2298 contendunt,
1016 2276 1084 2303 qua-

306 2311 331 2336 si
345 2311 443 2339 divinis
452 2312 575 2347 jussibus
587 2313 679 2347 pulsae,
690 2320 776 2347 neque
788 2318 931 2347 antequam
944 2313 998 2340 illis
1007 2313 1085 2340 detur

309 2355 434 2390 facultas,
451 2365 554 2385 messes
571 2358 728 2394 fructusque
747 2359 889 2386 erodentes
901 2363 1017 2386 vastant.
1034 2358 1087 2386 Eas

308 2402 423 2431 suleucis
434 2403 492 2431 avis
506 2404 652 2432 insatiabili
664 2405 812 2432 voracitate
828 2405 950 2432 insecuta
967 2425 975 2437 ,
991 2413 1087 2433 omnes

307 2448 435 2477 absumit.

343 2537 464 2569 Noctua,
477 2542 507 2564 ut
525 2538 624 2570 ferunt,
652 2540 738 2567 oculis
753 2540 870 2567 interdiu
902 2540 989 2576 caligo
1003 2540 1088 2569 oﬂen-

312 2581 392 2613 tlitur,
412 2587 493 2610 noctu
510 2590 569 2610 eam
584 2583 645 2611 visu
657 2584 757 2611 valere.

344 2626 411 2654 Cum
427 2629 631 2663 vespertilioncs
653 2630 774 2656 cubitum
799 2633 875 2662 eunt,
903 2635 997 2658 mutuo
1013 2638 1088 2658 com-

311 2672 388 2706 plexu
406 2675 618 2709 suspenduntur,
631 2680 658 2703 et
672 2676 695 2703 si
709 2684 789 2711 quem
802 2677 835 2703 ab
845 2683 878 2703 eo
893 2676 988 2703 ordine
998 2677 1088 2704 divelli

311 2718 464 2753 contigerit.
480 2721 575 2756 reliqui
590 2721 744 2755 clamitant;
761 2721 856 2750 eadem
870 2722 929 2749 sola
947 2723 1087 2750 volucrum

311 2764 462 2800 quadrupes
475 2770 515 2794 est
530 2770 557 2794 et
566 2766 693 2795 dentibus
707 2767 827 2795 fulcitur.

347 2851 453 2880 Cicada
465 2853 550 2883 imbre
561 2860 734 2890 generantur,
748 2860 775 2884 et
791 2857 992 2889 obmutescunt,
1003 2864 1088 2894 quan-

1136 2223 1198 2257 λήῖιι
1218 2222 1256 2256 τῷ
1271 2221 1369 2256 καρπῷ
1389 2221 1524 2257 βρίθοντι,
1539 2222 1585 2248 καὶ
1605 2221 1655 2248 οὐκ
1671 2221 1846 2256 ἐφάπτονται,
1863 2222 1920 2249 ἀλλ’

1138 2268 1185 2294 ἐπὶ
1199 2267 1243 2294 τὸν
1257 2267 1406 2303 ὡρισμένον
1418 2268 1512 2298 αὐταῖς
1525 2267 1605 2294 τόπον
1614 2267 1815 2299 σπουδάζουσιν,
1827 2267 1921 2303 ὥσπερ

1139 2314 1170 2339 ἐκ
1191 2312 1262 2339 θείου
1285 2313 1491 2348 προστάγματος
1508 2313 1692 2347 ἐπειγόμεναι.
1710 2312 1764 2338 Καὶ
1779 2313 1810 2338 οὐ
1825 2313 1922 2348 πρότε-

1142 2366 1186 2393 ρον
1198 2357 1243 2383 τοῦ
1257 2356 1361 2392 καρποῦ
1377 2357 1515 2387 ἅπτονται.
1530 2357 1593 2393 πρὶν
1603 2356 1624 2392 ’ἢ
1639 2357 1747 2391 δοθῆναι
1762 2358 1856 2389 αὑταῖς
1871 2358 1921 2394 τὴν

1140 2401 1320 2437 συγχώρησιν.
1338 2403 1491 2429 Matt-Ezram:
1514 2402 1543 2429 δὲ
1564 2402 1658 2434 αὑταῖς
1680 2403 1802 2436 σελευκὶς
1821 2405 1922 2430 ἐπαπο-

1141 2447 1288 2479 στέλλεται,
1304 2447 1350 2474 καὶ
1366 2448 1453 2479 πάσας
1466 2447 1601 2474 κατεσθίει
1615 2448 1708 2480 αὐτὰς,
1719 2448 1863 2484 ἀκόρεστον
1873 2448 1922 2484 τὴν

1141 2492 1220 2526 φύσιν
1235 2492 1341 2528 ἔχουσα.

1177 2539 1232 2574 Τὴν
1247 2539 1353 2572 γλαῠκά
1373 2547 1438 2572 φασι
1463 2539 1513 2574 τὴν
1537 2539 1645 2574 ἡμέραν
1667 2539 1854 2574 ἀμαυροῦσθαι
1872 2540 1921 2576 τὴν

1141 2582 1213 2619 ὄψιν,
1223 2583 1271 2620 τὴν
1287 2585 1315 2610 δὲ
1331 2583 1415 2611 νύκτα
1430 2584 1589 2619 ρώννυσθαι.

1164 2660 1172 2668 ,
1183 2631 1279 2658 Ἦνίκα
1299 2631 1321 2658 δ’
1334 2632 1361 2657 αἱ
1384 2621 1538 2671 νυκτερίδες
1560 2631 1741 2664 καθεύδουσιν,
1759 2630 1788 2663 ὲξ
1801 2631 1922 2666 ἀλλήλων
1930 2627 1938 2630 ’⁷

1141 2675 1312 2710 ἀπήρτηνται
1320 2683 1326 2689 ·
1341 2676 1388 2702 καὶ
1398 2677 1421 2702 εἰ
1433 2676 1496 2710 μίαν
1511 2676 1601 2711 συμϐῇ
1614 2675 1661 2702 τοῦ
1671 2675 1789 2711 ὁρμαθοῦ
1798 2676 1921 2702 ἀποσπα-

1142 2719 1237 2754 σθῆναι
1260 2719 1360 2752 αὺτῶν,
1373 2721 1402 2747 αι
1417 2720 1507 2746 λοιπαὶ
1528 2720 1707 2747 καταϐοῶσιν.
1727 2719 1814 2746 Μόνον
1827 2719 1856 2746 δι
1869 2718 1922 2745 τῶν

1141 2766 1271 2792 πετεινῶν
1283 2765 1460 2800 τετρασκελὲς
1473 2766 1599 2802 ὑπάρχει,
1612 2765 1659 2792 καὶ
1675 2765 1763 2792 ὀδοῦσι
1777 2764 1924 2792 κατακεκό-

1142 2819 1252 2847 σμηται.

1177 2857 1209 2883 Oi
1220 2856 1246 2883 δὲ
1258 2857 1376 2892 τέττιγες
1390 2858 1418 2884 ιν
1428 2856 1563 2892 ἑπομδρίᾳ
1576 2856 1705 2891 γίνονται,
1722 2851 1919 2891 ἡσυχάζουσιᾶ
