2152 3163
200 192 251 222 ’145

647 192 781 221 εΡυιιιΑ.
798 207 834 214 —-—
853 188 1030 220 COMMENT.
1049 188 1083 216 IN
1102 187 1351 217 HEXAEMERON.

1763 190 1814 218 766

239 250 269 276 '0
280 250 308 277 δὲ
322 250 520 286 μυρμηκολέων
532 253 637 287 πατέρα
650 252 706 287 εχει
721 252 865 288 πρόσωπον
877 250 982 280 λέοντος
997 250 1020 278 Α
1069 247 1089 274 Μ

964 258 982 280 ις
997 250 1020 278 Α
1069 247 1276 284 Myrmecoleoui
1307 250 1385 282 pater
1410 251 1468 280 est,
1494 248 1538 274 cui
1563 252 1689 282 aspectus
1721 249 1766 284 qui
1788 256 1814 278 et

198 294 306 331 Εχοπα,
324 296 372 331 τῆν
385 295 412 322 δὲ
432 295 537 331 μητέρα
553 296 707 332 μύρμηκος.
725 298 778 324 Καὶ
797 297 810 322 6
827 297 875 331 μὲν
891 299 981 331 πατὴρ

199 341 372 376 σαρκοφάγος
385 341 468 373 ἐστὶν,
483 341 536 377 ἡδέ
551 343 641 378 μήτηρ
654 343 848 380 ὀσπριοφάγος,
862 343 908 369 καὶ
921 351 983 376 γεν-

198 385 265 412 νῶσι
283 385 364 421 διφυῆ
385 387 430 412 τὸν
453 387 686 422 μυρμηκολέοντα,
710 388 740 414 τὸ
764 387 813 422 μὲν
839 387 982 422 πρόσωπον

199 430 294 466 εχοντα
308 431 424 463 λέοντος.
441 432 471 458 τὸ
494 432 523 459 δὲ
546 433 626 468 μέρος
644 434 674 460 τὸ
695 433 805 459 δπισθεν
827 432 979 468 μύρμηκοςσ

199 478 246 504 καὶ
263 477 300 512 μὴ
316 477 462 512 δυνάμενος
478 479 545 514 μήτε
571 480 640 514 κρέα
664 479 732 514 μήτε
755 479 856 514 ὕσπρια
872 478 980 511 ἐσθίειν,

198 523 375 558 ἀποθνήσκει.

235 570 264 596 '0
280 570 307 596 δὲ
322 570 436 606 δναγρος
452 570 606 609 ἀγςλάρχης
621 570 690 601 ἐστὶ,
704 570 752 596 καὶ
763 569 818 596 τῶν
826 569 977 605 γενομένων

194 615 317 652 ἀρρένων
333 616 383 651 θλᾷ
397 616 432 643 τὰ
445 617 540 649 αζδοία,
559 616 605 642 καὶ
621 616 652 642 οὐ
668 615 906 651 σπερματίζουσιν.

229 705 259 733 Ὀ
273 707 396 742 διὶχίνος
411 708 449 740 ὡς
463 710 564 744 σφαῖρά
583 711 641 735 ἐστι
656 708 694 744 τῷ
707 708 823 744 σώματι,
838 709 886 735 καὶ
896 710 912 736 6
922 709 973 735 νῶ-

187 753 235 785 τός
247 754 321 780 ἐστιν
335 754 416 780 αὑτοῦ
433 755 598 790 δλόκεντρος,
616 754 669 781 τῶν
684 755 800 790 κέντρων
818 755 916 790 ὁμοίων
931 755 973 781 δν-

187 805 243 824 ¹ιτων
257 800 312 830 τοῖς
327 798 381 825 τῶν
397 799 546 826 Θαλαττίων
561 799 656 833 ἐχίνων
675 799 806 835 κέντροις.
826 799 973 835 Πορεύεται

189 843 254 878 γοῦν
265 844 311 870 ἐπὶ
328 839 373 871 τὸν
390 844 486 880 βότρυν
501 844 550 879 τῆς
564 845 697 880 ἀμπέλου,
717 846 764 872 καὶ
783 847 909 881 κατασπᾷ
925 847 974 880 ῥα-

189 895 251 922 γας.
288 890 335 916 καὶ
361 889 531 924 ὲγκυλισθεὶς
555 890 708 926 περιπείρει
732 890 782 922 τὰς
806 891 894 926 ράγας
917 893 973 924 τοῖς

191 935 314 970 κέντροις
331 936 377 962 καὶ
393 936 555 970 ἀφικνεῖται.

229 986 343 1022 Δολερδν
353 986 489 1022 ἡὰλώπηξ
504 986 548 1013 διὰ
567 987 673 1014 τοιᾶσδε
695 989 817 1024 μηχανῆς
832 988 978 1024 Θηρωμένη

192 1033 256 1064 τοὺς
269 1032 388 1069 δρνιθας.
404 1032 528 1068 Εὖροῦσα
538 1032 591 1068 γὰρ
602 1033 757 1069 τελμιστὴν,
771 1035 924 1068 ὲγκυλίεται
938 1036 979 1066 εἰς

193 1067 293 1114 αὑτὴνξ
306 1079 352 1106 καὶ
363 1067 449 1106 ἱπάλιν
461 1067 600 1106 ὲνειλείται
621 1067 772 1116 λεπτοτάτῃ
793 1067 865 1106 κόνει
880 1081 896 1115 ἢ
913 1081 980 1115 ἀχὼ

195 1133 263 1160 ροις,
279 1125 325 1152 καὶ
339 1125 444 1160 τίθησιν
464 1125 509 1151 ἐπὶ
527 1125 574 1151 τοῦ
590 1125 680 1152 πεδίου
700 1126 797 1161 ἑαυτὴν
817 1126 851 1153 τὰ
869 1127 979 1162 ὄμματα

194 1171 398 1201 ἀναπετάσασα.
410 1171 426 1206 ἢ
442 1172 488 1198 καὶ
499 1172 530 1198 τὸ
539 1171 647 1207 πνεῦμα
657 1173 697 1210 είς
708 1172 808 1208 ἑαυτὴν
823 1173 977 1206 ἑπισπῶςα,

193 1215 232 1247 ὡς
255 1216 419 1252 φυσηθεὴαν
439 1217 524 1253 αὐτὴν
537 1218 590 1244 ὑπὸ
605 1218 657 1244 τῶν
674 1219 802 1246 πετεινῶν
817 1219 978 1255 νομισθῆναι

193 1261 304 1297 νεκρὰν.
322 1263 399 1290 ἆτινα
416 1263 461 1290 καὶ
477 1264 652 1291 καταπτάντα
666 1265 708 1291 ἐπ’
720 1265 802 1300 αὐτὴν
815 1265 916 1297 εὐθέως
930 1275 978 1293 κα-

192 1307 295 1334 τεσθίει
310 1309 468 1344 ἁρπάσασα.

235 1365 268 1392 Ἦ
293 1365 381 1401 σαῦρα
404 1367 548 1402 γηράσασα
570 1368 715 1403 πηροῦιαι,
743 1370 789 1395 καὶ
812 1369 851 1400 εἰς
873 1369 978 1404 ραγάδα

194 1410 283 1446 τοίχου
292 1412 359 1446 πρὸς
367 1412 498 1444 ἀνατολὰς
511 1414 716 1448 ὲστοχασμένως
727 1414 860 1449 βλέπουσα
872 1415 976 1445 εἴσεισι,

195 1457 244 1483 καὶ
271 1457 319 1484 τοῦ
345 1458 420 1493 ἡλίου
446 1459 599 1494 ἀνίσχοντος
625 1460 830 1490 ἀναπετάσασα,
856 1460 909 1486 ὑπὸ
930 1460 977 1495 τῆς

194 1501 304 1534 ἀκτῖνος
316 1503 364 1537 τῆς
384 1501 498 1537 ἡλιακῆς
514 1503 734 1538 καταυγασθεῖσα
748 1504 916 1539 ἀνηλεοῦται,
932 1506 979 1530 καὶ

195 1546 274 1582 ὑγιὴς
295 1547 519 1575 ἀποκαθίσταται.
537 1546 614 1574 Οὕτω
635 1547 667 1583 δὴ
682 1547 728 1574 καὶ
743 1549 785 1579 σὺ,
802 1545 824 1574 ὦ
842 1547 979 1583 ἄνθρωπε,

193 1591 259 1618 ὅταν
273 1592 396 1628 γηράσῃς
409 1594 438 1618 ἐν
453 1592 610 1628 ἁμαρτίαις,
629 1594 676 1619 καὶ
695 1592 836 1628 τυφλωθῇς
853 1593 903 1628 τὴν
922 1592 978 1618 διά-

196 1644 280 1667 νοιαν,
289 1637 338 1671 τῆς
348 1637 519 1673 δικαιοσύνης
530 1637 605 1673 ζήτει
618 1638 664 1664 τὸν
675 1637 776 1670 Ἥλιον,
793 1639 834 1664 ἴνα
842 1637 979 1664 ἀνακαινι-

197 1681 264 1717 σθῇς
280 1683 310 1708 ὲν
323 1682 488 1718 δικαιοσύνῃ,
504 1683 630 1715 ἀτενίσας
647 1684 686 1715 εἰς
701 1683 780 1710 αὑτὸν
806 1685 852 1710 καὶ
865 1685 920 1715 τοῖς
931 1683 979 1718 τῆς

195 1727 284 1763 ψυχῆς
298 1728 449 1764 ἀναϐλέψῃς
465 1729 620 1765 ὀψθαλμοῖς.

232 1786 344 1812 Πάντων
357 1786 385 1812 δὲ
398 1787 450 1813 τῶν
467 1787 567 1823 Θηρίων
582 1788 837 1822 πνευματικώτατον
851 1789 978 1823 τυγχάνει

196 1831 244 1858 καὶ
266 1832 479 1867 πυρωδέστατον,
503 1833 550 1860 καὶ
568 1834 698 1859 ποικίλων
716 1834 861 1869 σχημάτων
879 1834 979 1866 τύπους

196 1876 323 1903 ἀποτελεῖ
334 1879 348 1903 6
361 1877 467 1912 δράκων
482 1878 637 1913 έλικοειδὴς,
651 1879 697 1904 καὶ
711 1879 795 1904 ποιων
807 1880 854 1913 τῆς
868 1880 979 1914 πορείας

195 1923 246 1955 τὰς
256 1923 355 1958 ὁρμὰς,
369 1923 483 1958 τάχιστα
498 1924 539 1958 ἐφ’
558 1921 580 1958 ᾦ
596 1924 719 1959 βούλεται
734 1924 846 1950 ἔπεισιν.
862 1924 979 1951 Ἐστι’δὲ

196 1969 243 1996 καὶ
255 1969 438 2004 πολυχρόνιον·
454 1969 484 1996 οὐ
504 1969 581 2004 μόνον
598 1970 651 2005 γὰρ
663 1970 694 1996 τὸ
705 1970 793 2005 γῆρας
807 1970 979 2005 ἀπαμφίσκε-

197 2023 251 2046 ται,
266 2013 333 2040 ἀλλὰ
346 2014 392 2040 καὶ
406 2014 518 2049 αῠξησιν
532 2014 640 2049 μείζονα
653 2014 815 2049 ἐπιδέχεται.
838 2014 920 2040 Ἐπὰν
933 2013 980 2041 οὖν

195 2058 242 2085 τὸν
256 2058 405 2094 ὡρισμένον
418 2059 467 2093 τῆς
481 2057 552 2093 ζωῆς
567 2058 694 2096 ἐκτελέσῃ
708 2059 811 2094 χρόνον⁷
828 2060 868 2090 είς
885 2059 979 2085 ἑαυτὸν

196 2104 370 2131 ἀναλίσκεται
383 2113 390 2119 ·
411 2104 442 2130 οὐ
457 2105 510 2139 γὰρ
528 2105 584 2140 ἰδίῳ
602 2105 766 2140 ἀποθνήσκει
782 2104 852 2131 τέλει
870 2105 922 2140 πρὸ
932 2103 978 2131 τοῦ

196 2152 245 2186 τῆς
262 2151 334 2186 ζωῆς
353 2151 526 2187 ἐκπληρῶσαι
541 2152 586 2178 τὸν
605 2153 676 2188 ὅρον,
696 2153 719 2178 εί
736 2153 772 2187 μὴ
788 2152 833 2187 βίᾳ
849 2152 978 2188 ἀναιρεθῇ

197 2197 248 2224 ὑπό
262 2206 342 2229 τινος,
357 2197 449 2232 Τούτῳ
464 2199 478 2224 6
494 2198 626 2234 ἰχνεύμων
642 2198 801 2233 μονομαχεῖ,
813 2198 910 2233 χρίσας
921 2198 980 2224 ἑαυ-

194 2242 240 2268 τὸν
254 2242 340 2278 πηλῷ,
349 2243 465 2274 καὶτοὺς
481 2244 620 2279 μυκτῆρας
628 2245 661 2278 τῇ
675 2243 764 2279 κέρκῳ
778 2242 975 2270 ἐπικαλύπτων.

202 2289 282 2316 Ἀλλὰ
297 2290 350 2325 μὴν
366 2291 412 2316 καὶ
433 2290 500 2325 πρὸς
515 2290 564 2326 τὴν
579 2290 729 2324 Αἰγυπτίαν
745 2290 846 2316 ἀσπίδα
862 2291 977 2316 ποιεῖται

196 2335 374 2370 συμπληγάδα
398 2336 517 2363 τοιῶσδε’
539 2336 612 2371 Ain-3
627 2336 676 2371 μὲν
690 2336 792 2362 ἔπεισιν
806 2335 879 2370 αὺτῷ
891 2335 979 2370 πολλῷ

197 2382 278 2417 ῥοίζῳ
298 2383 345 2418 τὴν
361 2374 448 2418 ὀὐρὰν
462 2382 613 2413 ἑλικοειδῶς
636 2382 812 2416 ὲπισύρουσα,
832 2380 866 2407 τὰ
885 2381 906 2407 δ’
925 2381 978 2407 ἀπὺ

197 2428 302 2463 στηθῶν
325 2429 389 2464 πρὸς
405 2430 437 2464 τῇ
455 2428 558 2463 κεφαλῇ
575 2428 630 2455 ἄνω
646 2427 759 2462 πηδῶσα
773 2427 917 2462 μετέωρος,
933 2426 977 2452 εὕ-

197 2474 306 2509 στερνός
320 2483 348 2500 τε
365 2475 411 2501 καὶ
428 2475 600 2510 πλατυαύχην
626 2473 817 2509 ὲκφυσηθεῖσα,
843 2471 928 2507 θυμοῦ
949 2480 977 2498 τε

195 2521 322 2556 ἐμπλεως
335 2522 466 2556 γενομένη
478 2521 631 2557 ἐπέρχεται,
643 2520 824 2556 περιφέρουσα
839 2518 886 2554 τὴν
898 2518 980 2552 γλῶτ-

195 2574 245 2593 ταν
264 2566 332 2602 μετὰ
348 2567 472 2594 συντόνου
494 2566 635 2603 συριγμοῦ·
660 2567 674 2591 6
689 2566 716 2592 δὲ
735 2565 877 2601 ἰχνεύμων,
893 2564 978 2600 ὀρθώ-

197 2620 247 2644 σας
266 2611 314 2647 τὴν
331 2613 438 2647 κέρκον,
457 2612 570 2639 ἑπισείει
584 2611 694 2638 ἀπατῶν
712 2612 806 2646 αὐτὴν,
820 2611 867 2637 καὶ
885 2610 978 2646 μεθέλι

195 2666 263 2688 κων,
291 2659 346 2689 τοῖς
368 2658 397 2684 δὲ
420 2657 572 2693 ἔμπροσθεν
587 2658 704 2688 ὀκλάσας
721 2658 798 2682 ποσὶν
809 2656 978 2690 ἐπιφέρεται,

196 2708 243 2731 καὶ
257 2704 431 2735 ταπεινωθεὶς
443 2703 503 2735 ὅλος
518 2705 567 2740 τὴν
581 2704 642 2738 ὄψιν
659 2703 741 2738 μόνην
755 2702 879 2733 ἐκτείνει,
894 2709 980 2737 καρα-

196 2749 282 2776 δοκῶν
297 2750 334 2785 μὴ
348 2750 437 2785 φθάσῃ
452 2749 556 2784 πληγὴν
571 2749 679 2784 καιρίαν
695 2748 831 2780 δέξασθαι.
853 2747 979 2773 Ἒίιιειδὰν

195 2793 242 2822 οὖν
258 2795 300 2831 ῐδῃ
316 2796 365 2831 τὴν
378 2794 488 2826 ἀσπίδα,
499 2795 537 2826 ὡς
549 2795 616 2829 πρὸς
627 2795 720 2831 θηρίον
731 2794 778 2829 τὴν
793 2794 889 2829 κέρκον
903 2793 980 2828 ἁμιλι

195 2842 319 2878 ὶωμένην
343 2842 496 2878 προθύμως,
523 2841 661 2875 αἰφνιδίως
676 2841 846 2876 ἐπιπηδήσας
866 2840 912 2867 τον
929 2840 977 2866 αὐ-

199 2888 262 2922 ιένα
278 2888 362 2923 αὐτῆς
373 2887 470 2919 πιέζει,
487 2887 533 2914 καὶ
550 2888 705 2921 ἀποπνίγει.

355 2970 487 3000 Ριτιιοι.
510 2969 567 3000 Gn.
586 2969 697 3000 XVlll.

1033 293 1117 326 leoni,
1132 297 1218 321 mater
1232 293 1277 320 cui
1296 292 1424 320 formica.
1451 292 1531 320 Pater
1544 294 1667 320 carnium
1679 313 1686 326 ,
1704 295 1816 330 legumi-

1033 345 1098 366 num
1112 343 1198 365 mater
1218 345 1300 364 vorax
1309 357 1316 369 ,
1333 337 1464 373 amboque
1476 343 1607 374 generant
1620 341 1817 375 myrmecoleoo

1032 391 1110 423 nera,
1122 383 1191 411 facie
1206 384 1308 415 leonis.
1321 385 1515 418 posterioribus
1531 385 1654 420 partibus
1677 385 1815 418 formica,

1032 428 1078 463 qui
1093 436 1156 456 cum
1174 437 1263 464 neque
1278 430 1408 457 carnibus
1419 450 1427 461 ,
1446 437 1532 466 neque
1546 431 1728 466 leguminibus
1742 431 1815 459 vesci

1033 474 1138 508 posslt,
1149 474 1255 510 jejunio
1276 475 1357 502 vitam
1377 475 1445 502 linit.

1068 571 1176 608 Onager
1186 573 1312 608 gregibus
1328 574 1464 609 imperitat
1479 582 1672 610 armentorum,
1688 582 1715 605 et
1725 578 1814 606 editos

1033 626 1124 647 mares
1139 623 1280 648 truncatos
1297 621 1435 648 mordicus
1455 622 1543 656 privat
1559 624 1691 657 testibus,
1711 633 1745 653 ne
1760 632 1814 660 qua

1034 665 1150 694 facultas
1163 670 1273 693 maneat
1289 665 1445 700 generandi.

1067 711 1188 740 Echinus
1210 712 1289 747 quasi
1310 711 1364 746 pila
1387 718 1501 745 corpore
1522 711 1622 746 tegitur
1646 719 1694 746 per
1716 719 1812 740 omnes

1031 762 1124 794 partes
1151 758 1237 794 spinis
1266 758 1389 789 hirsuto,
1415 764 1475 792 quae
1498 757 1584 792 spinis
1602 757 1691 784 echini
1715 752 1812 785 marini

1031 804 1189 832 consimiles
1213 807 1295 836 sunt;
1317 803 1349 830 ad
1378 809 1501 830 racemos
1529 802 1591 830 vitis
1620 804 1811 838 proﬁciscitur,

1032 848 1096 876 hinc
1110 849 1205 877 acinos
1219 848 1340 876 divulsos
1355 848 1497 883 spinisque
1519 856 1570 876 suo
1583 849 1706 876 volutatu
1722 849 1811 884 perfo«

1032 899 1107 922 ratos
1121 895 1258 930 deportat.

1064 985 1156 1013 Fallax
1179 992 1207 1015 et
1222 988 1344 1023 improba
1357 989 1466 1023 vulpes,
1480 997 1539 1024 quae
1551 988 1597 1017 tali
1611 991 1810 1019 machinatione

1029 1039 1092 1059 aves
1107 1039 1231 1060 venatur.
1256 1033 1284 1061 In
1299 1034 1386 1061 lutum
1402 1035 1549 1070 sordesque
1566 1044 1626 1071 qua:
1641 1038 1810 1065 occurrerint

1028 1078 1215 1113 immergitur,
1239 1081 1391 1115 aspergitur
1408 1081 1470 1108 inde
1494 1081 1678 1109 minutissima
1700 1083 1810 1118 pulvere

1029 1126 1075 1149 aut
1099 1123 1194 1157 paleis,
1221 1125 1334 1159 soloque
1348 1133 1378 1152 se
1396 1127 1555 1161 prosternit,
1573 1129 1729 1162 patentibus
1743 1137 1810 1156 ocu-

1029 1167 1081 1200 lis,
1097 1168 1139 1195 vel
1163 1169 1261 1204 spiritu
1286 1170 1311 1196 in
1331 1178 1360 1197 se
1385 1176 1544 1203 contracto,
1565 1176 1594 1199 ut
1609 1173 1734 1201 volucres
1753 1174 1809 1208 jam

1029 1213 1204 1240 tumefactam
1219 1219 1353 1242 mortuam
1372 1223 1433 1243 esse
1448 1216 1564 1249 ducant,
1584 1226 1652 1253 quas
1663 1239 1670 1249 ,
1687 1219 1750 1246 dum
1776 1219 1809 1246 ad

1028 1265 1088 1286 eam
1101 1259 1287 1292 convolarint,
1302 1261 1392 1288 statim
1409 1266 1549 1296 correptas
1565 1263 1687 1291 devorat.

1063 1356 1193 1385 Lacertus
1212 1363 1308 1386 exacta
1321 1363 1399 1386 aetate
1412 1378 1420 1391 ,
1435 1366 1523 1387 czccus
1535 1359 1660 1392 cilicitur,
1674 1361 1700 1387 in
1715 1361 1810 1388 rimam

1029 1403 1100 1430 muri
1125 1403 1160 1430 ad
1173 1407 1250 1431 ortus
1265 1404 1331 1431 solis
1342 1409 1496 1439 vergentem
1512 1410 1638 1433 accurate
1651 1406 1810 1442 ingreditur.

1028 1452 1056 1475 et
1075 1449 1139 1475 dum
1153 1450 1194 1475 sol
1210 1450 1314 1481 oritur,
1331 1450 1424 1477 oculos
1449 1452 1549 1485 aperit,
1568 1451 1712 1487 lumenque
1729 1453 1792 1480 illud
1803 1473 1811 1486 ,

1029 1493 1174 1529 radiosque
1190 1496 1338 1531 excipiens.
1354 1496 1504 1524 illustratus
1522 1497 1593 1524 redit
1607 1498 1640 1525 ad
1656 1500 1811 1526 sanitatem.

1029 1538 1093 1566 Pari
1110 1540 1216 1568 ratione
1228 1561 1235 1572 ,
1252 1545 1278 1567 ct
1292 1544 1320 1567 tu
1331 1561 1338 1573 ,
1353 1548 1370 1568 ο
1390 1541 1489 1575 homo,
1505 1541 1570 1569 dum
1591 1544 1728 1578 peccando
1746 1552 1812 1572 con-

1031 1587 1176 1618 senueris,
1205 1590 1349 1621 menteque
1383 1586 1468 1615 fueris
1501 1588 1669 1621 obcaecatus,
1700 1590 1812 1625 iustitiae

1031 1631 1145 1665 querito
1167 1631 1278 1664 Solem,
1301 1636 1329 1658 ut
1352 1633 1379 1659 in
1396 1632 1503 1666 iustitia
1524 1636 1680 1667 renoveris,
1707 1636 1734 1662 iu
1749 1644 1810 1664 cum

1031 1678 1166 1713 aspiciens
1177 1697 1184 1711 ,
1196 1679 1337 1713 oculisque
1351 1679 1435 1707 animi
1452 1680 1545 1708 videas
1561 1681 1722 1709 illustratus.

1065 1788 1148 1816 Feras
1179 1797 1274 1817 omnes
1301 1790 1397 1825 spiritu
1430 1795 1456 1818 ct
1495 1793 1586 1820 calore
1617 1793 1700 1821 draco
1729 1802 1811 1830 supe-

1030 1839 1089 1866 rat,
1107 1834 1252 1869 variasque
1269 1836 1415 1870 llgurarum
1431 1836 1532 1864 formas
1545 1838 1672 1872 exprimit
1685 1839 1812 1874 obliquus

1030 1885 1057 1908 et
1081 1884 1239 1913 tortuosus;
1264 1883 1291 1908 et
1317 1881 1381 1908 dum
1414 1882 1466 1909 iter
1494 1882 1655 1917 ingreditur,
1681 1885 1813 1913 citissime

1030 1931 1129 1952 metam
1154 1933 1236 1959 quam
1267 1925 1318 1952 sibi
1343 1926 1484 1960 proposuit
1501 1928 1624 1962 attingit;
1640 1932 1666 1955 et
1682 1931 1749 1958 satis
1766 1931 1812 1957 ditt

1030 1970 1111 2004 vivit;
1127 1978 1180 1997 non
1198 1974 1304 1998 tantum
1324 1972 1397 1998 enim
1414 1976 1551 1999 senectam
1569 1975 1644 2001 exuit
1655 1995 1661 2006 ,
1680 1975 1727 2003 sed
1743 1980 1769 2004 et
1785 1977 1812 2003 in

1030 2016 1089 2044 dies
1105 2017 1227 2051 singulos
1251 2017 1438 2052 magnitudine
1458 2019 1581 2054 corporis
1597 2021 1713 2054 crescit;
1735 2025 1813 2049 aetate

1030 2069 1095 2089 vero
1113 2061 1257 2090 confectus
1272 2069 1320 2097 per
1334 2063 1375 2089 sui
1401 2064 1592 2092 resolutionem
1611 2066 1716 2094 deﬁcit:
1739 2075 1812 2095 nun-

1031 2115 1113 2143 quam
1140 2108 1212 2135 enim
1248 2113 1393 2143 antequam
1423 2113 1554 2138 statutum
1581 2112 1641 2139 vita
1665 2114 1810 2142 terminum

1031 2154 1204 2188 impleverit.
1230 2149 1317 2182 morte
1341 2157 1448 2191 propria
1474 2157 1598 2190 amcitur,
1619 2159 1671 2186 nisi
1693 2161 1728 2188 ab
1758 2162 1812 2189 alio

1029 2200 1162 2227 violenter
1183 2203 1307 2228 necetur.
1331 2201 1399 2228 Cum
1426 2202 1477 2229 hoc
1498 2203 1642 2232 ichneumo
1666 2205 1747 2233 habet
1771 2207 1813 2233 in-

1030 2246 1200 2273 ternecinum
1225 2246 1335 2278 bellum,
1361 2247 1406 2274 ubi
1430 2255 1459 2274 se
1475 2248 1501 2274 in
1519 2249 1584 2276 limo
1601 2251 1742 2283 merserit,
1760 2260 1811 2278 na-

994 2286 1128 2326 Dresque
1155 2291 1242 2318 cauda
1260 2291 1403 2318 obturarit.
1427 2293 1527 2320 Verum
1549 2298 1576 2320 et
1599 2301 1660 2321 cum
1685 2295 1811 2331 Egyptia

1030 2336 1123 2372 aspide
1150 2337 1253 2372 prreliis
1278 2337 1329 2364 hac
1345 2337 1449 2365 ratione
1472 2338 1605 2373 decertat;
1622 2340 1667 2367 illa
1694 2349 1812 2377 namque

1030 2382 1132 2418 ingenti
1147 2383 1277 2418 strepitu,
1293 2383 1425 2411 tractibus
1440 2385 1579 2412 circulatis
1595 2386 1709 2413 caudam
1725 2391 1812 2415 attra-

1029 2426 1114 2461 hens,
1138 2435 1154 2454 e
1184 2431 1295 2462 pectore
1321 2436 1408 2463 usque
1430 2429 1464 2456 ad
1488 2434 1570 2464 caput
1594 2450 1601 2460 .
1633 2432 1732 2459 saliens
1757 2433 1810 2459 alta

1029 2472 1208 2507 excelsaque,
1233 2472 1323 2506 amplo
1348 2476 1467 2507 pectore,
1484 2473 1545 2501 latis
1563 2475 1715 2503 cervicibus
1739 2476 1812 2503 intu—

1029 2525 1170 2549 mescens,
1192 2519 1232 2545 ira
1248 2519 1384 2545 cumulata
1395 2539 1402 2550 ,
1420 2519 1554 2554 sibiloque
1582 2522 1721 2549 concitato
1732 2542 1739 2554 ,
1758 2523 1812 2550 lin-

1029 2571 1108 2598 guam
1125 2564 1250 2595 vibrans,
1264 2564 1393 2599 impetum
1408 2563 1485 2598 facit;
1498 2569 1525 2592 at
1542 2566 1685 2594 ichneumo
1696 2569 1810 2595 calidam

1029 2609 1143 2640 tollens,
1160 2609 1231 2635 ictus
1249 2609 1341 2636 irritos
1355 2617 1467 2637 aversus
1488 2611 1605 2645 excipit,
1625 2619 1675 2639 nec
1689 2620 1743 2639 non
1761 2621 1811 2639 an-

1029 2654 1177 2682 terioribus
1191 2654 1306 2689 pedibus
1321 2655 1408 2686 ﬂexis,
1421 2659 1549 2691 totusque
1563 2662 1727 2692 prostratus,
1746 2666 1813 2685 ocu-

1029 2701 1071 2729 los
1093 2704 1199 2727 tantum
1215 2701 1326 2735 conjicit
1338 2721 1345 2733 ,
1363 2701 1414 2728 sibi
1437 2709 1537 2729 cavens
1560 2711 1593 2730 ne
1609 2703 1720 2730 vulnere
1736 2703 1812 2738 gravi

1029 2751 1142 2782 excepto
1156 2748 1342 2780 exanimetur;
1361 2748 1408 2775 sed
1428 2748 1473 2774 ubi
1499 2748 1619 2783 aspidem
1640 2756 1700 2776 cum
1723 2750 1811 2776 cauda

1029 2793 1108 2827 quasi
1123 2800 1185 2820 cum
1202 2792 1258 2820 fera
1274 2793 1457 2820 decertantem
1473 2793 1636 2829 inspexerit,
1648 2799 1770 2830 prompte
1785 2799 1813 2822 et

1029 2844 1128 2874 praeter
1143 2839 1376 2874 exspectationem
1391 2841 1512 2874 irruens,
1531 2841 1635 2868 invadit
1659 2841 1686 2868 in
1712 2841 1810 2869 fauces

1029 2886 1128 2921 quibus
1144 2885 1302 2919 obstrictis,
1319 2884 1444 2913 suﬁ‘ocat.

1591 2968 1676 3003 ,2't
