2152 3163
365 170 411 198 ’131

796 172 822 198 S.
848 172 1066 200 EESTATIIIUS
1084 171 1326 200 ANTIOCHENL‘S
1344 170 1542 199 EPISCOPUS.

1924 170 1975 196 ’ῖΰὶ

366 237 488 258 naturam
503 234 530 258 et
545 231 605 266 igne
621 234 647 258 et
659 237 729 264 aqua
745 231 997 264 exterminaturum,
1011 232 1073 259 ﬁliis
1089 232 1146 259 suis
1161 234 1182 261 Α
1197 233 1216 257 ti

1123 232 1146 258 is
1161 234 1182 261 Α
1197 233 1224 257 ὲν
1251 231 1342 265 κόσμῳ
1366 229 1444 264 φύσιν
1472 229 1630 271 ἀπαλείφειν
1655 227 1719 263 πυρὶ
1749 227 1794 253 καὶ
1823 227 1909 254 ὕδατι·
1929 229 1973 254 καὶ

366 278 543 308 vaticinatur;
559 284 613 311 quo
632 276 735 308 audito,
752 277 798 312 qui
814 285 868 303 una
885 285 945 304 eum
963 276 1027 303 Set}:
1046 281 1124 303 erant
1137 296 1143 307 ,

365 324 433 350 duas
446 327 591 350 erexerunt
607 323 758 354 columnas,
776 331 856 350 unam
875 323 984 358 quidem
1000 330 1030 349 ex
1044 322 1144 356 lapide.

365 370 477 396 alteram
492 368 626 395 cesilibus
642 368 781 395 laterculis
797 373 963 396 exstructam
974 388 981 400 ,
1003 372 1029 395 et
1059 369 1085 394 in
1104 368 1145 396 his

365 421 460 442 omnes
486 415 546 441 caeli
574 417 662 440 motus
692 413 904 448 inscripserunt,
938 422 971 440 ne
998 421 1092 440 eorum
1119 414 1145 440 in

366 464 500 487 astrorum
516 460 628 487 scientia
646 459 850 486 observationes
866 459 1027 494 inventaque
1055 459 1145 494 aliqua

365 506 522 532 obscuraret
545 505 655 532 oblivio.
683 504 711 531 Si
733 505 804 532 enim
819 512 889 539 aqua
915 505 1005 532 omnia
1020 505 1145 532 consumi

365 550 533 585 contigisset,
548 550 653 586 lapidea
669 551 712 576 illa
728 550 852 576 columna
874 555 1097 583 conservaretur;
1123 551 1145 577 si

367 596 444 630 igne.
467 601 599 628 testacea;
624 603 685 622 cum
707 596 797 630 itaque
826 603 902 630 aquze
924 597 1021 631 pluvia:
1047 602 1146 623 terram

367 641 554 673 inundassent.
572 642 674 676 lapidea
690 641 847 675 permansit,
863 650 922 676 qua:
939 643 973 670 ad
989 643 1044 670 haec
1062 650 1146 678 usque

366 692 486 721 tempora
504 687 531 714 in
550 692 621 714 terra
639 686 743 713 Seiriad
755 690 845 714 erecta
857 688 1034 722 conspicitur.

401 733 499 760 Genuit
516 741 596 768 porro
621 733 689 760 Cain
715 733 816 766 Enoch,
834 737 860 760 et
880 733 972 761 Euuch
985 734 1105 766 Gaidad,
1121 738 1147 761 et

367 779 470 805 Gaidad
487 779 614 812 Malcleel,
629 783 655 806 et
678 779 795 806 Maleleel
810 779 972 812 Mathusala,
992 784 1019 807 et
1039 780 1082 806 hic
1098 779 1147 806 La-

367 824 456 855 mecli,
473 825 519 859 qui
542 824 608 851 (luas
624 824 701 851 duxit
725 833 823 852 uxores
844 825 920 852 Adan
938 829 963 853 et
991 825 1089 855 Selan.
1115 833 1148 852 ex

366 870 465 904 quibus
493 876 548 898 tres
578 871 671 897 habuit
695 871 772 903 lilios,
790 879 821 898 ex
839 872 915 898 Adan
935 871 1020 903 Jobel,
1038 873 1084 906 qui
1099 872 1146 906 ju-

1196 276 1360 306 ἀκούσαντες
1383 276 1408 301 oi
1430 276 1494 310 περὶ
1514 275 1559 301 τὸν
1579 273 1631 309 Σὴθ
1652 272 1698 299 δύο
1720 272 1818 307 στήλας
1835 273 1973 307 ἐποίησαν,

1196 324 1244 357 τὴν
1267 322 1314 356 μὲν
1337 322 1368 347 ἐκ
1393 320 1483 350 λίθου.
1506 320 1556 355 τὴν
1576 319 1604 346 δὲ
1619 319 1647 351 ὲξ
1662 318 1746 354 ὀπτῆς
1762 317 1870 344 πλίνθου
1891 326 1974 344 κατα-

1197 366 1384 396 σκευάσαντες·
1394 365 1440 390 καὶ
1448 365 1476 390 ὲν
1483 364 1593 395 ταύταις
1603 365 1690 390 πᾶσαν
1701 362 1749 398 τὴν
1759 363 1788 389 οὐ
1793 363 1880 398 ράδιον
1891 363 1975 398 φορὰν

1197 411 1371 447 ἐνεχάραξαν,
1387 411 1455 444 πρὸς
1476 410 1507 436 τὸ
1529 411 1566 445 μὴ
1579 409 1692 445 ἀληστον
1713 409 1763 444 τὴν
1785 409 1833 443 τῆς
1850 409 1976 443 ἀστρονο-

1199 458 1262 493 μίας
1284 457 1372 483 αὐτῶν
1395 455 1520 489 γενέσθαι
1538 455 1655 491 εὕρεσιν·
1676 455 1734 487 ἵνα,
1748 455 1772 481 εί
1791 455 1839 489 μὲν
1856 453 1931 480 ὕδατι
1944 453 1976 480 τὰ

1196 503 1284 528 πάντα
1299 501 1447 536 φθείρεται,
1471 501 1487 535 ή
1505 500 1603 532 λίθινος
1622 500 1704 535 στήλη
1721 500 1896 534 φυλάττηται,
1914 500 1937 525 εί
1948 498 1976 524 δὲ

1196 548 1272 582 πυρὶ,
1290 549 1306 581 ὴ
1322 546 1503 582 ὀπρακώδης.
1518 546 1666 580 Γενομένης
1682 544 1728 572 οὖν
1739 547 1788 580 τῆς
1799 545 1976 581 κατομϐρίας,

1196 593 1212 627 ἡ
1229 591 1326 622 λίθινος
1344 591 1428 625 στήλη
1443 590 1585 624 διέμεινεν,
1599 591 1659 626 ἥτις
1671 591 1733 627 ἄχρι
1749 591 1797 626 τῆς
1812 590 1889 626 δεῦρο
1904 589 1978 625 μένει

1196 639 1224 664 ὲν
1242 638 1276 672 γῇ
1295 638 1326 671 τῇ
1343 627 1466 672 Σηῖρειῖδ
1479 635 1662 671 ὲστηλωμένη.

1238 726 1379 761 Ἐγὲννησε
1393 725 1420 752 δὲ
1438 726 1452 752 6
1466 726 1535 752 Κάῖν
1553 726 1598 752 τὸν
1622 726 1715 762 Ἑνὼχ,
1737 727 1783 753 καὶ
1796 728 1810 753 6
1831 725 1915 761 Ἑνὼχ
1933 725 1978 752 τὸν

1196 772 1303 803 Γαῖδὰδ,
1318 772 1364 798 καὶ
1378 772 1392 798 6
1411 771 1507 798 Γαῐδὰδ
1519 771 1563 797 τὸν
1577 771 1725 807 Μαλελεὴλ,
1747 773 1793 798 καὶ
1810 774 1824 799 6
1839 771 1979 807 Μαλελεὴλ

1196 818 1242 844 τὸν
1256 817 1433 849 Μαθουσάλα,
1447 817 1494 843 καὶ
1513 814 1590 848 οὗτος
1605 817 1650 843 τὸν
1666 818 1770 852 Λάμεχ,
1785 818 1839 844 Καὶ
1855 818 1870 843 6
1884 817 1979 851 Λάμεχ

1197 863 1243 890 δύο
1256 865 1385 897 γυναῖκας
1401 863 1528 896 ἠγάγετο,
1550 862 1627 888 Ἀδὰν
1642 863 1688 888 καὶ
1703 862 1795 893 Σελὰν,
1815 862 1862 888 καὶ
1882 862 1911 894 ὲξ
1931 861 1980 888 αὑ-

368 920 456 942 menta
468 924 517 943 suo
533 916 622 943 studio
636 917 777 948 educabat,
789 922 815 944 et
828 917 906 944 Jubal
925 917 970 952 qni
988 905 1145 951 psalterium
1162 906 1182 933 Β
1197 917 1218 934 τί

1129 925 1145 943 η
1162 906 1182 933 Β
1197 908 1250 934 τῶν
1272 909 1344 942 τρεῖς
1370 907 1463 938 παῖδας
1487 906 1622 941 ἐποίησεν,
1644 906 1676 932 ὲκ
1698 907 1746 941 μὲν
1761 907 1810 941 τῆς
1835 906 1912 932 Ἀδὰν
1934 905 1979 931 τὸν

366 962 551 997 citharamque
564 963 664 989 invenit
677 972 684 994 ;
701 970 734 989 ex
743 962 822 990 Selan
833 962 944 994 Thobcl,
955 963 1000 997 qui
1014 963 1146 991 malleolis

366 1017 404 1036 aes
418 1009 571 1043 ferrumque
587 1009 707 1035 excussit
723 1009 754 1035 ”.
780 1009 864 1036 Adam
878 1014 966 1036 alitem
984 1017 1046 1036 cum
1061 1010 1145 1036 vixis-

367 1059 408 1082 set
419 1055 497 1082 annis
512 1055 654 1082 duodecim
668 1061 693 1082 et
709 1056 861 1090 nongentis,
875 1056 928 1082 vita
937 1055 1044 1084 functus
1057 1059 1100 1084 est
1113 1056 1144 1083 δ’.

403 1177 485 1209 Enos.
501 1178 571 1206 ﬁlius
584 1177 648 1206 Seth
661 1199 669 1210 ,
693 1187 791 1206 nomen
814 1179 919 1206 Domini
937 1180 1054 1214 speravit
1071 1180 1147 1206 invo-

367 1225 431 1251 care
445 1223 466 1239 "
482 1233 488 1251 :
503 1224 549 1259 qui
564 1232 624 1251 cum
640 1225 750 1252 vixisset
759 1225 836 1251 annis
862 1231 930 1256 ειν,
958 1229 1082 1264 mortuus
1095 1230 1145 1258 est,

366 1273 392 1295 et
405 1269 475 1295 {ilius
488 1269 573 1303 ipsius
589 1269 692 1296 Cainan
707 1270 774 1296 vixit
788 1270 866 1296 annis
892 1277 971 1302 cum,
982 1274 1008 1296 et
1023 1275 1146 1298 mortuus

366 1313 424 1347 est;
441 1314 559 1341 Maleleel
579 1315 649 1341 ﬁlius
661 1315 719 1350 ejus
736 1315 814 1342 annis
834 1323 966 1348 nccxcxv,
982 1321 1009 1344 et
1024 1321 1147 1344 mortuus

366 1363 417 1388 est.
434 1360 519 1396 Hujus
547 1361 617 1388 [ilius
632 1360 712 1389 Jared
732 1361 798 1388 vixit
825 1362 903 1389 annis
940 1370 1008 1394 cux,
1034 1367 1060 1390 et
1074 1370 1147 1389 mor-

366 1406 430 1433 tuus
445 1411 499 1439 est;
526 1406 596 1434 ﬁlius
610 1406 691 1434 Jared
707 1407 810 1439 Enoch,
824 1416 885 1435 cum
902 1408 973 1443 apud
989 1408 1070 1435 Deum
1088 1410 1148 1442 plu-

367 1451 465 1478 rimum
479 1452 562 1486 gratia
576 1453 707 1486 potuisset
718 1472 725 1483 ,
742 1453 889 1481 translatus
906 1457 958 1484 est,
973 1453 1051 1486 cujus
1078 1453 1148 1480 ﬁlius

367 1496 518 1524 Mathusala
537 1497 604 1524 vixit
641 1499 719 1524 annis
740 1505 868 1530 Dccmx,
892 1503 918 1526 et
942 1502 1064 1525 mortuus
1087 1502 1146 1530 est;

365 1546 392 1569 et
405 1541 522 1570 Lamech
547 1543 617 1570 [ilius
651 1543 821 1578 Mathusalae,
845 1550 908 1571 cum
945 1544 1024 1572 annis
1051 1551 1147 1571 nchiu

365 1588 489 1620 vixisset,
505 1589 571 1616 obiit
588 1588 621 1616 ".

400 1675 516 1704 Laniech
540 1677 610 1704 illius
624 1677 690 1708 Noe,
707 1678 752 1713 qui
770 1678 852 1706 rebus
866 1678 1091 1705 administrandis
1107 1686 1149 1706 re—

365 1722 493 1757 gendisve
504 1730 612 1750 summa
627 1723 741 1755 virtute,
757 1727 795 1755 et,
811 1729 839 1750 ut
855 1731 903 1758 par
917 1728 991 1754 erat.
1006 1731 1067 1750 cum
1082 1731 1149 1759 gau-

365 1767 421 1798 dio,
437 1767 564 1794 omnibus
579 1768 699 1794 omnium
721 1775 849 1802 generum
870 1768 1050 1800 mortalibus.
1079 1773 1108 1794 ut
1132 1776 1148 1794 a

364 1813 437 1840 \iliis
450 1813 638 1844 abhorrerent,
653 1813 780 1840 virtutem
797 1813 1035 1848 amplectereMur,
1049 1814 1147 1842 suade-

365 1859 428 1892 bat;
448 1859 481 1886 ad
506 1859 648 1893 septimam
678 1859 750 1886 enim
776 1863 884 1887 etatem
908 1867 994 1894 usque
1024 1859 1147 1887 homines

366 1903 449 1931 Deum
465 1911 556 1931 rerum
570 1904 690 1930 omnium
709 1904 850 1931 Dominum
866 1912 927 1932 esse
943 1905 995 1932 sibi
1014 1905 1080 1940 ipsis
1094 1910 1148 1932 sta-

365 1949 487 1982 luebant,
497 1950 686 1984 iustitiamque
696 1950 869 1984 expetebant.

401 1993 523 2022 Tandem
552 1995 700 2029 longinquo
726 1996 856 2028 temporis
879 2003 941 2026 usu,
967 1996 1094 2023 omnibus
1118 2003 1147 2023 se

364 2039 440 2067 vitiis
455 2039 643 2074 inquiuarunt,
657 2048 672 2065 a
686 2039 783 2074 quibus
798 2048 845 2066 eos
860 2048 921 2066 cum
940 2039 1006 2071 Noe,
1019 2045 1048 2066 ut
1063 2041 1147 2067 absti-

365 2088 474 2115 nerent,
500 2093 555 2112 non
582 2088 674 2119 posset
697 2084 835 2116 inducere,
866 2092 961 2112 eorum
990 2086 1146 2112 societatem

365 2130 563 2162 stomachatus,
583 2131 610 2156 in
635 2130 702 2158 alios
727 2138 757 2158 se
779 2134 913 2157 terrarum
938 2131 1008 2158 situs
1021 2131 1144 2157 contulit.

365 2176 433 2204 Huic
445 2176 515 2204 Deus
525 2176 671 2208 mandavit,
681 2180 709 2202 ut
723 2183 812 2203 arcam
827 2176 1144 2209 mdilicarct""‘,tecto-

1203 953 1307 988 Ίωὸὴλ.
1323 951 1396 984 ὅστις
1410 951 1590 987 κτηνοτρόψος
1605 951 1726 984 ἐγένετο,
1742 952 1788 978 καὶ
1801 951 1846 978 τὸν
1865 950 1980 981 Ἰουὸὰλ,

1196 1000 1225 1031 ὃς
1236 999 1382 1034 ψαλτήριον
1393 999 1439 1024 xui.
1454 998 1566 1033 κιθάραν
1581 997 1698 1033 ἐξεῦρεν.
1722 998 1767 1023 Ἐκ
1788 998 1817 1023 δὲ
1836 997 1884 1032 τῆς
1896 996 1981 1023 Σελὰν

1197 1043 1242 1068 τὸν
1266 1041 1363 1073 Θόὸελ,
1387 1043 1459 1073 ὅστις
1483 1041 1651 1077 σφυροκόπος
1671 1041 1771 1077 χαλκοῦ
1798 1042 1845 1067 καὶ
1871 1041 1980 1076 σιδήρου

1197 1087 1314 1121 ἐγένετο.
1337 1088 1365 1114 Ὀ
1378 1087 1405 1114 δὲ
1423 1088 1516 1122 Ἀδὰμ,
1534 1087 1618 1122 ζήσας
1632 1088 1677 1123 ἐτη
1693 1088 1833 1114 ἐννακόσια
1847 1087 1914 1114 δέκα
1923 1087 1980 1119 δύο,

1197 1133 1340 1161 ἀπέθανεν.
1752 1160 1762 1168 ,

1238 1178 1319 1210 Ἐνὼς
1342 1179 1369 1205 δὲ
1395 1179 1451 1210 υἱὸς
1473 1177 1520 1204 τοῦ
1541 1178 1594 1214 Σὴθ
1615 1178 1727 1214 ἣλπισεν
1742 1178 1928 1205 ἐπικαλεῖσθαι
1949 1175 1983 1204 τδ

1197 1226 1282 1260 ὄνομα
1297 1225 1407 1260 Κυρίου·
1431 1225 1515 1260 ζήσας
1535 1224 1564 1252 δὲ
1587 1225 1633 1260 ἔτη
1655 1225 1795 1252 ἐννακόσια
1811 1225 1891 1251 πέντε
1914 1224 1983 1251 ἁπέ-

1198 1271 1271 1298 θανε.
1289 1271 1343 1297 Καὶ
1357 1272 1371 1296 6
1382 1270 1438 1301 υίὸς
1454 1269 1536 1296 αὐτοῦ
1553 1271 1665 1302 Καϊνὰν,
1679 1271 1763 1306 ζήσας
1778 1270 1824 1305 ἔτη
1838 1270 1982 1297 ἐννακόσια

1197 1317 1272 1347 δέκα,
1287 1316 1460 1351 ἐτελεύτησε.
1486 1316 1549 1342 Kal;
1561 1317 1575 1342 6
1591 1316 1648 1346 υἱὸς
1661 1316 1811 1350 Μαλελεήλ,
1828 1315 1914 1351 ζήσας
1934 1315 1981 1352 ἔτη

1199 1362 1344 1389 ἑπτακόσια
1368 1362 1632 1396 ὲννενήκονταννπέντε
1645 1382 1652 1394 ,
1674 1362 1817 1388 ἀπέθανεν.
1836 1363 1864 1388 '0
1880 1362 1908 1388 δὲ
1922 1361 1985 1389 τοὺ-

1198 1417 1244 1434 του
1257 1409 1313 1440 υἱὸς
1327 1409 1421 1444 Ἰάρεδ,
1436 1408 1482 1443 ἔτη
1501 1408 1601 1443 βιώσας
1614 1408 1754 1435 ἐννακόσια
1769 1409 1909 1443 ἑξήκοντα,
1925 1409 1983 1435 ὲτε-

1198 1454 1337 1489 λεύτησεν.
1353 1454 1406 1480 Τοῦ
1429 1454 1457 1480 δὲ
1485 1454 1570 1489 Ὶάρεδ
1592 1454 1648 1484 υἱὸς
1677 1454 1770 1489 Ἑνὼχ,
1796 1454 1983 1489 εὐαρεστήσας

1199 1496 1237 1532 τῷ
1259 1497 1332 1532 Θεῷ,
1357 1496 1497 1532 μετετέθη.
1517 1497 1546 1522 Ὀ
1567 1497 1595 1523 δὲ
1620 1497 1676 1528 υἱὸς
1696 1497 1778 1523 αὑτοῦ
1799 1497 1981 1528 Μαθουσάλα,

1200 1542 1285 1577 ζήσας
1302 1542 1348 1577 ἐτη
1370 1543 1518 1569 ἑπτακόσια
1543 1543 1589 1568 καὶ
1611 1542 1740 1578 ἑξήκοντα
1757 1543 1853 1575 ἐννέα⁹
1877 1543 1981 1569 ὲτελεύ-

1200 1597 1274 1623 τησε.
1290 1589 1384 1623 Λάμεχ
1406 1588 1434 1615 δὲ
1447 1589 1461 1615 6
1474 1588 1530 1620 υἱὸς
1546 1587 1720 1619 Μαθουσάλα,
1735 1588 1820 1623 ζήσας
1836 1588 1883 1624 ἔτη
1901 1589 1982 1615 ἐπτα-

1199 1633 1277 1659 κόσια
1292 1634 1457 1667 πεντήκοντα
1468 1633 1541 1668 τρία,
1559 1632 1701 1661 ἀπέθανεν.

1233 1678 1325 1713 Τούτῳ
1341 1678 1380 1713 τῷ
1394 1678 1490 1713 Λάμεχ
1511 1678 1568 1709 υίὸς
1587 1678 1647 1704 Νῶε
1667 1678 1774 1711 ἐγένετο
1786 1677 1897 1713 ἀρεταῖς
1914 1679 1983 1712 ἀγα-

1199 1723 1252 1748 θῶν
1272 1724 1396 1758 πράξεων
1423 1723 1566 1757 ἡδόμενος,
1591 1722 1620 1754 ὃς
1644 1722 1732 1748 ἔπειθε
1758 1723 1788 1749 τὸ
1814 1723 1982 1758 ἀνθρώπινον

1198 1769 1275 1803 γένος
1302 1767 1500 1803 μεταϐληθῆναι
1523 1767 1577 1794 ἀπὸ
1607 1768 1656 1802 τῆς
1684 1768 1781 1799 κακίας
1806 1769 1845 1800 είς
1869 1769 1981 1804 ἀρετήν’

1197 1816 1260 1850 ἄχρι
1275 1814 1328 1849 γὰρ
1341 1814 1456 1849 ἑϐδόμης
1469 1814 1565 1848 γενεᾶς
1577 1808 1602 1840 οι
1624 1813 1759 1849 ἄνθρωποι
1775 1813 1907 1850 δεσπότην
1928 1815 1983 1842 τῶν

1199 1861 1324 1887 ἁπάντων
1349 1860 1394 1886 τὸν
1425 1860 1490 1886 Θεὸν
1513 1859 1714 1894 ἐπεγράφοντο,
1738 1860 1785 1886 καὶ
1809 1859 1981 1894 δικαιοσύνης

1199 1905 1360 1941 ἐφρόντιζον.

1234 1997 1364 2032 Ὕστερον
1380 1995 1407 2021 δὲ
1428 1995 1470 2021 τοῦ
1495 1995 1589 2030 χρόνου
1609 1995 1746 2030 προϊόντος
1766 1995 1805 2025 είς
1824 1994 1913 2020 πᾶσαν
1926 2001 1980 2019 πα-

1199 2042 1328 2077 ρανομίαν
1350 2041 1504 2074 ἐξώκειλαν.
1526 2040 1569 2072 Ὧς
1589 2040 1636 2068 οὖν
1653 2042 1667 2067 6
1687 2041 1746 2067 Νῶε
1762 2041 1810 2067 οὐκ
1826 2039 1917 2066 ἔπειθε
1930 2038 1980 2073 τῆς

1197 2087 1296 2117 κακίας
1311 2086 1458 2120 ἀποστῆναι
1472 2086 1584 2116 αὐτοὺς,
1598 2086 1646 2120 τὴν
1662 2085 1803 2111 συνουσίαν
1820 2084 1908 2110 αὐτῶν
1924 2084 1981 2118 βδε-

1197 2132 1344 2167 λυξάμενος
1358 2133 1396 2162 είς
1408 2131 1490 2166 ἄλλην
1503 2132 1553 2166 γῆν
1568 2130 1734 2166 ἀνεχώρησε.
1750 2130 1804 2157 Καὶ
1818 2129 1978 2165 προστάττει

1198 2178 1272 2213 αὐτῷ
1297 2179 1311 2204 6
1332 2178 1396 2208 Θεὸς
1422 2178 1623 2204 κατασκευάσαι
1648 2176 1762 2203 κιϐωτὸν
1784 2175 1978 2212 τετράστεγον,

365 2230 425 2250 rum
440 2226 570 2257 quatuor.
588 2222 757 2256 longitudine
773 2226 955 2249 trecentorum
979 2223 1145 2256 cubitorum,
1162 2234 1185 2262 ι)
1199 2224 1215 2260 ἔκ

1128 2231 1145 2256 I,
1162 2234 1185 2262 ι)
1199 2224 1312 2260 ἔχουσαν
1327 2224 1356 2250 τὸ
1370 2223 1417 2258 μὲν
1436 2224 1520 2258 μῆχος
1531 2223 1693 2258 τριακοσίων
1706 2222 1810 2257 πηχῶν,
1826 2222 1856 2248 τὸ
1872 2222 1900 2248 δὲ
1913 2221 1978 2248 πλά-

365 2269 509 2296 latitudine
524 2269 734 2304 quinquaginta,
750 2268 893 2296 altitudine
911 2269 1033 2303 triginta,
1063 2273 1091 2295 ut
1117 2270 1143 2296 in

362 2323 396 2342 ea
407 2315 489 2342 simul
500 2322 561 2342 cum
574 2315 648 2341 omni
661 2314 823 2349 cognatione
837 2315 977 2346 occlusus,
994 2315 1144 2349 perieulum

363 2361 436 2396 quod
452 2369 486 2387 ex
499 2360 674 2387 inundatione
686 2359 854 2390 imminebat.
868 2360 1065 2395 subterlugeret
1075 2370 1081 2390 ;
1093 2361 1144 2387 hoc

362 2406 434 2432 enim
449 2405 582 2440 supplicio
594 2404 664 2432 Dens
682 2406 804 2433 homines
815 2406 860 2440 qui
876 2405 904 2432 id
920 2405 1051 2440 temporis
1068 2406 1143 2432 vive-

363 2451 439 2482 bant,
456 2451 554 2486 punire
569 2451 714 2486 delereque
729 2452 866 2486 cupiebat.
885 2450 984 2478 Verum
1011 2458 1072 2477 cum
1090 2454 1144 2477 ter—

363 2504 420 2523 ram
435 2496 614 2523 inundassent
624 2503 700 2531 aqua:
709 2497 878 2524 summitates
893 2496 1036 2527 montium,
1049 2504 1143 2523 earum

363 2543 436 2569 ﬂuxu
450 2541 548 2568 abdita:
561 2542 729 2577 occultaque
759 2547 823 2570 sunt
850 2543 883 2568 ³⁸.
909 2542 976 2568 Nam
988 2547 1027 2575 ,et
1042 2542 1144 2569 nostris

363 2587 438 2614 hisce
453 2587 622 2622 temporibus
636 2587 663 2614 in
677 2588 779 2615 vertice
794 2587 890 2615 Libani
910 2587 1012 2622 lapides
1034 2587 1144 2622 quidam

361 2632 395 2659 ad
414 2633 605 2660 aediﬁcandum
634 2634 803 2665 excidentes,
832 2633 999 2660 marinorum
1028 2634 1144 2668 piscium

363 2679 437 2706 varia
462 2687 560 2715 genera
586 2679 739 2712 inveniunt,
763 2687 832 2715 quos
851 2684 916 2706 tunc
936 2680 963 2706 in
991 2680 1065 2706 cavis
1089 2679 1143 2706 illis

363 2727 496 2753 montium
513 2728 569 2754 luto
585 2726 689 2754 deﬁxos
700 2735 877 2755 concrescere
892 2727 1014 2761 contigit.

1197 2280 1242 2303 τος
1257 2271 1430 2305 πεντήκοντα,
1447 2269 1493 2296 καὶ
1509 2269 1539 2295 τὸ
1561 2268 1641 2303 βάθος
1662 2268 1816 2303 τριάκοντα,
1835 2268 1918 2299 ὅπως,
1937 2268 1978 2293 ἐπ’

1198 2317 1280 2351 αὐτῆς
1297 2317 1353 2350 ἅμα
1368 2316 1400 2349 τῇ
1429 2314 1570 2348 συγγενείᾳ
1598 2313 1679 2340 αὑτοῦ
1705 2312 1848 2348 καθείρξας
1874 2311 1977 2342 ἑαυτὸν,

1198 2363 1303 2397 ἐκφύγῃ
1319 2363 1363 2388 τὸν
1380 2362 1411 2387 ὲκ
1426 2360 1472 2387 τοῦ
1487 2359 1677 2394 κατακλυσμοῦ
1693 2359 1822 2385 κίνδυνον.
1843 2358 1980 2384 Ἐὁούλετο

1197 2409 1250 2444 γὰρ
1265 2410 1278 2435 6
1294 2408 1359 2439 Θεὸς
1373 2406 1483 2442 τοιαύτῃ
1500 2405 1618 2441 τιμωρίᾳ
1639 2405 1688 2440 τὴν
1705 2405 1835 2440 πονηρίαν
1851 2404 1905 2430 τῶν
1918 2404 1978 2430 τότε

1198 2454 1366 2489 ἐξαφανίσαι.
1388 2450 1590 2486 Ἐπενεχθέντος
1605 2450 1633 2476 δὲ
1650 2450 1696 2476 τοῦ
1712 2448 1903 2484 κατακλυσμοῦ
1914 2449 1978 2475 Exa-

1197 2500 1284 2535 1:33:07]
1301 2500 1334 2526 τὰ,
1358 2498 1447 2533 ὑψηλὰ
1472 2497 1523 2523 τῶν
1545 2498 1628 2533 ὀρέων
1650 2496 1702 2523 ὑπὸ
1724 2495 1771 2522 τοῦ
1796 2494 1902 2526 ὓδατος.
1920 2495 1980 2520 Ἔτι

1198 2545 1251 2581 γὰρ
1268 2546 1314 2571 καὶ
1330 2545 1376 2571 νῦν
1394 2544 1438 2570 ἐπὶ
1450 2543 1500 2578 τῆς
1513 2543 1669 2578 ἀκρωρείας
1691 2541 1737 2568 τοῦ
1759 2541 1873 2568 Λιὸᾰνου
1891 2539 1981 2571 λίθους

1166 2594 1176 2602 “
1195 2592 1234 2622 είς
1259 2590 1402 2624 οἰκοδομὴν
1420 2597 1493 2620 τινες
1508 2587 1694 2622 ἐκτέμνοντες,
1711 2585 1859 2613 θαλαττίων
1882 2584 1981 2620 ιχθύων

1195 2637 1259 2671 γένη
1274 2636 1455 2671 εὑρίσκουσιν,
1470 2634 1516 2665 οὓς
1537 2633 1634 2667 συνέϐη
1646 2634 1686 2664 εἰς
1706 2633 1740 2659 τὰ.
1757 2632 1914 2668 κοιλώματα
1929 2631 1980 2659 τῶν

1195 2682 1280 2717 ὀρέων
1297 2674 1520 2715 συναποπαγῆναι
1535 2679 1568 2714 τῇ
1586 2678 1648 2704 ίλύῖ.

393 2829 414 2844 ’⁵
427 2828 489 2856 Gen.
505 2838 541 2860 ιν,
554 2829 579 2860 7,
612 2828 655 2859 19,
675 2829 721 2855 22.
759 2829 780 2845 ³⁸
797 2828 860 2856 Gen.
874 2836 900 2861 ν,
917 2829 943 2856 5.
980 2829 1000 2845 ⁸¹
1015 2827 1077 2856 Gen.
1096 2837 1132 2863 iv,
1146 2829 1190 2856 26.
1228 2829 1243 2845 “

1129 2829 1190 2862 .26.
1228 2829 1249 2845 “
1268 2829 1330 2857 Gen.
1347 2836 1372 2862 ι’,
1389 2827 1490 2861 Η,14,
1512 2826 1556 2860 ΙῚ,
1570 2825 1616 2860 20,
1629 2825 1675 2861 24,
1689 2825 1736 2860 27,
1759 2826 1806 2855 51.
1844 2823 1979 2854 "J‘Ga.

361 2871 399 2895 v1,
429 2864 468 2890 ιι.
507 2865 528 2880 ³⁸
544 2863 606 2892 Gen.
623 2871 672 2896 vn,
686 2865 728 2890 l9.
