2152 3163
359 183 411 213 τῖ5

786 182 814 209 S.
837 178 1060 208 EUSTATIIIUS
1079 175 1325 205 ANTIOCHENUS
1353 174 1551 203 EPISCOPUS.

1925 171 1979 198 776

358 243 412 271 sibi
429 242 463 269 ab
481 241 584 270 llerode
599 240 786 268 imminentem
803 240 913 274 depulit.
938 238 1038 265 Verum
1056 236 1142 264 llero—
1156 241 1178 268 Α
1198 235 1208 261 '.

1126 250 1142 259 ι-
1156 241 1178 268 Α
1198 234 1316 270 Ἡρώδου
1333 234 1442 268 διέφυγε
1468 233 1591 260 θάνατον.
1607 233 1692 264 Αὐτὸς
1718 231 1757 264 δὲ,
1771 230 1908 266 ἀγνοήσας
1926 229 1976 265 τὴν

359 289 418 319 des,
434 288 556 320 ignorata
586 286 648 320 fuga
662 306 668 318 ,
703 293 802 320 pueros
827 293 922 312 omnes
945 283 992 317 qui
1016 282 1139 309 erantin

360 334 531 364 Bcthlehem,
559 336 645 359 morte
675 332 743 358 allici
759 331 836 366 jubet
849 331 872 346 "
883 351 890 359 .
916 330 986 356 inter
1001 335 1088 362 quos,
1113 331 1142 354 et

359 380 490 407 Joannem
503 378 592 405 adhuc
609 378 739 404 infantem
756 378 789 404 de
810 376 898 403 medio
921 375 1016 401 tollere
1037 373 1141 400 niteba-

361 430 414 451 Iur.
433 423 485 451 Sed
502 423 639 450 Elisabcth
653 444 660 454 ,
670 430 705 449 eo
717 423 837 457 abrepto,
856 422 883 448 in
898 420 1070 447 solitudinem
1096 426 1142 445 au-

360 471 438 505 fugit,
450 475 477 496 et
489 470 616 504 precibus
629 469 793 499 fusis,mous
803 469 829 494 iu
843 467 910 493 duas
921 470 1011 501 partes
1024 464 1139 496 divisus,

359 525 418 543 eam
435 524 488 543 una
503 525 565 543 cum
581 522 666 550 puero
685 515 801 549 excepit,
818 517 843 540 et
859 521 906 540 eas
919 512 1031 547 angelus
1047 510 1141 538 defen-

360 562 449 590 dendo
465 561 631 596 protegebat.

396 608 476 634 Mittit
508 607 597 641 itaque
620 605 654 632 ad
680 604 838 631 Zachariam
867 602 988 630 llerodes
1005 610 1011 627 :
1029 601 1141 628 Tradito

360 654 426 680 mihi
443 653 526 679 filium
538 657 625 684 tuum,
640 652 684 678 ubi
698 651 822 677 occultus
836 650 910 678 latet,
925 649 1049 675 nuntiato
1062 647 1139 673 mihi.

360 697 507 725 Zacharias
525 699 563 725 sic
585 696 754 732 percontanti
786 695 931 730 respondet
951 702 957 719 ε
975 692 1029 727 Ego
1053 692 1086 718 ad
1101 692 1141 717 ai-

360 748 417 771 tare
434 745 564 770 continuo
591 743 742 772 assistens.
766 741 830 775 quid
848 745 937 767 actum
966 739 1001 766 sit
1024 739 1057 765 de
1087 738 1141 764 filio

360 798 431 822 meo,
451 798 503 817 non
520 790 592 816 novi.
615 789 662 815 llis
678 789 811 823 ingentem
832 787 899 813 iram
914 786 1038 820 concepit
1060 784 1141 811 Hero-

360 837 425 867 dcs,
442 845 604 870 rursumque
617 835 649 861 ad
662 843 722 862 eum
737 835 828 861 scribit
844 842 849 859 :
866 833 968 859 Exliibc
976 832 1039 858 mihi
1057 831 1140 858 filium

361 886 450 914 tuum;
467 890 556 908 nouuc
571 885 737 914 compertum
756 879 802 905 tibi
817 883 868 908 est,
881 878 951 911 apud
966 885 1008 903 mc
1024 876 1062 902 tui
1078 883 1141 902 sau-

1192 281 1290 316 φυγὴν,
1308 281 1394 307 πάντα
1406 280 1440 305 τὰ
1452 280 1480 305 ἐν
1496 280 1529 314 τῇ
1547 279 1669 314 Βηθλεὲμ
1690 277 1783 306 παιδία
1800 276 1978 312 ἀναιρεθῆναι

1191 327 1357 362 προσέταξεν
1367 335 1374 342 ·
1393 328 1420 353 ἐν
1433 324 1473 357 οἷς
1490 326 1593 352 καὶτὸν
1611 325 1736 360 Ἰωάννην
1752 325 1791 351 ἑτι
1807 324 1902 358 νήπιον
1912 322 1978 348 ὄντα

1191 373 1294 400 ἀνελεῖν
1314 371 1528 403 ὲσπούδαζεν.Ἡ
1550 371 1578 397 δὲ
1600 370 1750 402 Ἐλισάὸετ,
1771 369 1918 405 ἁρπάσασα
1932 367 1979 393 αὺ-

1191 419 1246 450 τὸν,
1264 419 1310 450 εἰς
1327 418 1376 453 τὴν
1399 417 1500 452 ἔρημον
1523 416 1623 449 ἔφυγε·
1641 416 1688 443 καὶ
1704 414 1856 450 εὐξαμένης
1879 411 1976 446 αὐτῆς,

1191 463 1330 498 διεσχίσθη
1346 463 1376 489 τὸ
1390 463 1460 498 ὅρος,
1478 462 1525 488 καὶ
1542 461 1611 496 μετὰ
1629 461 1677 488 τοῦ
1698 461 1804 488 παιδίου
1827 459 1912 494 αὐτὴν
1924 457 1966 484 ἰδέ

1193 509 1265 541 ξατο,
1281 509 1328 535 καὶ
1342 509 1455 542 ἄγγελος
1472 507 1518 534 τοῦ
1535 507 1603 534 Θεοῦ
1617 507 1792 541 διεφύλαττεν
1805 504 1913 543 αὐτούς.

1227 600 1335 635 Πέμπει
1356 599 1419 633 γοῦν
1445 598 1512 633 πρὸς
1535 597 1670 632 Ζαχαρίαν
1682 598 1697 624 ὁ
1713 596 1852 632 Ἦρώδηςδ
1868 594 1917 626 Δὸς
1930 593 1975 620 τὸν

1191 645 1247 671 υἱόν
1264 653 1327 670 σου·
1343 644 1393 671 ποῦ
1412 642 1533 678 ἔκρυψας
1550 641 1641 674 αὺτδι,
1660 641 1826 676 ἀπάγγειλόν
1843 640 1935 676 μοι.”0
1947 639 1975 664 δὲ

1191 691 1329 726 Ζαχαρίας
1346 689 1544 716 ἀντεπιστέλλει
1561 689 1672 723 φάσκων
1689 687 1778 721 αὐτῷ·
1798 685 1868 720 Ἐγὼ
1881 685 1920 721 τῷ
1935 685 1977 710 ον·

1193 737 1341 771 σιαστηρίῳ
1359 735 1544 770 προσεδρεύων
1570 734 1624 764 ἀεὶ,
1642 733 1669 759 τί
1686 732 1794 765 ἐγένετο
1814 733 1828 758 ὁ
1844 732 1901 763 υἱός
1925 739 1975 766 μου

1191 782 1240 807 οὐκ
1257 781 1415 815 ἐπίσταμαι.
1433 781 1487 807 Καὶ
1502 778 1637 814 ὀργισθεὶς
1652 778 1666 804 ὁ
1682 775 1805 812 Ἡρώδης
1820 776 1901 802 πάλιν
1912 774 1977 801 ἐπέ-

1192 827 1300 853 στελλεν
1325 827 1407 861 αὐτῷ.
1430 827 1478 858 Δὸς
1504 826 1565 858 ἔξω,
1580 823 1735 858 ὶέγων,τὺν
1759 822 1816 849 υἱόν
1844 830 1902 852 σου,
1919 821 1978 847 Οὐκ

1191 870 1272 904 οἶδας,
1291 873 1331 898 ὃτι
1347 873 1377 898 τὸ
1391 869 1459 906 αἷμά
1474 880 1519 897 σου
1536 870 1587 896 ὐπδ
1600 870 1648 905 τὴν
1664 869 1742 903 χεῖρά
1757 867 1807 902 μού
1820 868 1908 899 tactv;
1923 865 1978 892 Kal

360 929 450 963 guinis
471 927 625 954 etiumlendi
651 933 710 952 esse
727 924 906 959 potestatem?
930 922 1075 948 Zacharias
1100 929 1143 947 re-
1158 917 1178 944 B
1192 919 1206 944 ὁ

1126 933 1143 946 ιο
1158 917 1178 944 Β
1192 919 1206 944 ὁ
1221 917 1357 952 Ζαχαρίας
1373 917 1423 952 ἔφη
1435 913 1571 952 (Mago;
1585 915 1642 950 εἰμὶ
1658 914 1704 940 τοῦ
1718 913 1796 940 Θεοῦ.
1813 914 1848 939 Σὺ
1867 913 1917 948 μὲν
1929 912 1976 947 ἔχε

361 974 472 1008 scripsit
487 983 492 999 :
508 973 597 1000 Testis
611 980 670 998 sum
683 971 742 998 Dei.
759 970 797 996 Tu
815 978 901 996 meum
921 969 1078 1002 sanguinem
1090 987 1096 996 ,
1115 970 1142 992 at

361 1019 486 1052 spiritum
501 1026 590 1044 meum
609 1017 677 1042 lieus
692 1015 841 1050 possideat,
858 1016 900 1041 l'ae
918 1019 947 1040 ut
963 1015 1046 1040 lubet.
1061 1012 1142 1038 Illud-

360 1073 413 1099 que
442 1070 467 1090 tc
493 1072 547 1090 non
575 1063 680 1097 fugiat,
712 1063 871 1096 sanguinem
906 1060 1078 1086 innocentem
1115 1058 1141 1084 in

360 1111 504 1138 vestibulis
517 1110 608 1143 templi
629 1108 737 1135 Domini
751 1113 775 1134 te
791 1107 949 1134 effusorum.
966 1105 1085 1132 Herodes
1098 1103 1141 1129 his

360 1157 448 1192 magis
463 1164 493 1183 ac
515 1156 601 1190 magis
618 1160 794 1189 exasperatus
805 1173 811 1184 ,
827 1157 856 1180 ut
873 1153 941 1179 inter
961 1152 1046 1178 altare
1062 1156 1141 1176 neca-

360 1206 437 1230 retur
451 1205 595 1235 antequam
612 1201 670 1227 dies
694 1200 863 1226 illuccsceret
876 1217 882 1229 ,
900 1197 1075 1227 mandat,‘ne
1092 1202 1140 1228 po—

361 1248 442 1282 pulus
481 1245 616 1273 obstando
660 1244 800 1278 impediret
843 1241 987 1277 quominus
1029 1239 1137 1267 occide-

360 1297 446 1319 ηιυΓ.

396 1336 487 1363 Primo
501 1339 590 1362 autem
602 1333 722 1361 diluculo
739 1331 894 1359 sacerdotes
909 1330 935 1356 in
949 1329 1079 1363 templum
1094 1335 1141 1354 ve-

362 1371 470 1410 nientes
484 1381 730 1415 obstupescebant,
746 1379 818 1414 quod
835 1378 887 1404 illis
898 1396 905 1408 ,
923 1380 951 1402 ut
968 1375 1051 1402 moris
1065 1377 1140 1404 erat,

361 1437 417 1456 non
433 1428 540 1454 obviam
564 1426 685 1461 prodiret
714 1425 818 1459 primus
839 1422 987 1452 sacerdos,
1021 1424 1048 1447 et
1076 1419 1142 1446 foris

361 1474 565 1509 exspectabant.
590 1471 682 1507 Itaque
697 1471 765 1497 hora
790 1469 942 1499 dilabente.
967 1475 1037 1494 unus
1053 1474 1084 1493 cx
1099 1465 1142 1492 his

361 1521 467 1555 ingredi
485 1527 568 1547 ausus
581 1523 639 1547 est.
661 1518 705 1552 qui
719 1518 751 1543 ad
765 1517 849 1542 altare
863 1518 1019 1542 concretum
1037 1513 1143 1546 sangui-

362 1574 423 1594 nem
436 1566 578 1600 conspicit,
591 1564 720 1597 auditque
729 1570 821 1589 vocem
833 1561 965 1587 dicentem
978 1569 983 1586 :
997 1559 1142 1586 Zacharias

361 1611 471 1638 occisus
497 1614 559 1642 est,
587 1617 637 1636 nec
661 1609 720 1642 ejus
746 1607 858 1641 sanguis
884 1605 1029 1635 delcbitur,
1056 1604 1142 1630 donec

362 1658 451 1685 veniat
470 1657 558 1688 ultor;
584 1655 627 1682 lus
642 1654 754 1681 vocibus
781 1653 872 1679 animo
899 1651 1020 1682 fractus,
1050 1657 1142 1684 egres-

361 1709 463 1736 susque
485 1700 671 1728 sacerdotibus
699 1698 820 1728 nuntiat,
836 1697 881 1731 qui
896 1697 1064 1723 introeuntes
1080 1702 1142 1721 cor-

360 1755 412 1783 pus
428 1755 482 1774 uon
503 1746 612 1776 vident,
630 1745 677 1772 sed
695 1745 782 1771 solum
797 1743 956 1777 sanguinem
971 1761 977 1773 ,
995 1739 1143 1773 scissisque

360 1793 550 1823 vestimentis.
574 1795 688 1818 mortem
716 1790 790 1816 illius
820 1789 962 1823 lugebant,
991 1786 1143 1821 populoque

361 1838 540 1867 nuntiarunt,
556 1841 582 1864 et
595 1837 681 1863 trihus
699 1835 810 1866 diebus,
829 1839 855 1861 et
867 1834 954 1859 tribus
977 1831 1101 1858 noctibus
1115 1831 1142 1856 in

360 1883 436 1910 luctu
459 1883 579 1910 fuerunt.
610 1881 742 1916 Deinceps
766 1879 920 1906 Simeonem
937 1881 1009 1904 sorte
1032 1877 1058 1903 in
1083 1876 1143 1910 ejus

360 1929 450 1956 locum
467 1932 630 1962 posuerunt,
656 1928 702 1962 qui
719 1934 734 1952 a
757 1926 858 1959 Spiritu
878 1927 972 1951 sancto
989 1922 1143 1948 admonitus

362 1977 520 2008 acceperat,
545 1980 573 1999 se
593 1979 646 1998 non
673 1972 748 2006 prius
764 1971 886 1997 visurum
911 1972 1023 1995 mortem
1038 1987 1046 2000 ,
1063 1974 1143 2002 quam

361 2017 501 2046 Christum
516 2017 624 2044 Domini
642 2016 737 2043 fuisset
751 2016 865 2042 intuitus
877 2015 910 2042 ".

396 2063 530 2090 Narratur
547 2067 574 2089 et
590 2062 641 2088 alia
662 2061 783 2096 quasdam
801 2061 834 2087 de
856 2057 989 2086 Zacharia
1013 2058 1142 2086 historia:

362 2110 447 2137 fuisse
464 2109 491 2136 in
509 2108 610 2143 templo
626 2109 714 2135 locum
730 2107 756 2133 in
779 2114 859 2141 quem
878 2111 981 2132 tantum
994 2104 1144 2139 virginibus

362 2155 505 2191 ingressis,
533 2153 617 2182 Deum
639 2155 764 2184 adorare,
781 2160 835 2180 non
850 2156 938 2179 autem
960 2152 1052 2186 nuptis
1064 2171 1071 2183 ,
1087 2150 1145 2185 lege

363 2203 496 2229 sancitum
524 2209 555 2228 ac
582 2207 743 2227 concessum
773 2203 840 2226 erat.
859 2198 942 2225 Maria
972 2198 1053 2232 igitur
1083 2200 1144 2231 post

1195 973 1244 998 μου
1263 963 1293 988 τὸ
1309 960 1387 998 αἷμα,
1400 963 1430 989 τὸ
1444 963 1472 989 δὲ
1489 962 1598 997 πνεῦμά
1610 970 1658 996 μου
1672 962 1686 987 ὀ
1699 959 1774 991 Θεός.
1788 958 1865 991 Δέξαι
1879 959 1907 985 δὲ
1929 958 1978 985 καὶ

1193 1008 1319 1042 γίνωσκε,
1337 1008 1377 1033 ὅτι
1392 1007 1479 1033 ἀθῶον
1496 1006 1565 1042 αἷμα
1582 1006 1686 1041 ἐκχὲεις
1697 1006 1736 1037 είς
1748 1004 1783 1030 τὰ
1798 1004 1920 1038 πρόθυρα
1929 1002 1976 1029 τοῦ

1193 1053 1255 1080 ναοῦ
1272 1053 1384 1088 Κυρίου.
1401 1053 1455 1079 Καὶ
1471 1054 1486 1078 ὁ
1504 1051 1634 1087 Ἡρώδης,
1652 1051 1698 1076 ἐπὶ
1712 1049 1814 1080 τούτοις
1830 1047 1977 1088 ὀργισθεὶς,

1195 1099 1293 1134 μεταξὺ
1309 1098 1354 1125 τοῦ
1372 1098 1563 1133 Θυσιαστηρίου
1580 1096 1754 1131 ἀναιρεθῆναι
1767 1094 1847 1120 αὑτὸν
1864 1085 1917 1128 πρδ
1931 1092 1978 1119 τοῦ

1192 1144 1337 1178 διαξαῦσαι
1355 1142 1526 1178 προσέταξεν,
1539 1142 1606 1177 πρὸς
1621 1141 1651 1168 τὸ
1666 1141 1702 1176 μὴ
1720 1140 1772 1166 ὑπὸ
1787 1138 1834 1166 τοῦ
1845 1138 1910 1165 λαοῦ
1923 1147 1979 1165 κω-

1192 1191 1304 1225 λυθῆναι
1321 1189 1401 1216 αὑτοῦ
1420 1189 1469 1224 τὴν
1487 1188 1625 1222 ἀναίρεσιν
1776 1198 1780 1211 α
1860 1190 1862 1193 '

1231 1334 1350 1370 ’ορορου
1366 1333 1393 1359 δὲ
1408 1333 1431 1359 οἱ
1461 1333 1542 1368 ἱερεῖς
1559 1331 1772 1367 παραγενόμενοι
1789 1330 1828 1361 είς
1841 1329 1886 1355 τὸν
1903 1327 1977 1360 ναδν,

1193 1381 1351 1413 ὲξενὶζοντο,
1370 1379 1439 1405 κατὰ
1454 1379 1484 1404 τὺ
1500 1378 1594 1409 εἰωθὸς
1611 1377 1648 1412 μὴ
1665 1377 1868 1411 ὑπαντήσαντος
1888 1374 1979 1408 aut:ch

1194 1426 1239 1452 τοῦ
1256 1425 1416 1460 ἀρχιερέως,
1437 1424 1484 1450 καὶ
1501 1424 1630 1458 ἐπέμενον
1652 1421 1802 1456 {Eat/'09“
1817 1418 1863 1447 οὖν
1878 1419 1980 1455 παρελο

1194 1470 1305 1504 κούσης,
1323 1467 1363 1500 εἷς
1378 1478 1418 1500 τις
1432 1469 1461 1501 ἐξ
1477 1468 1564 1494 αὐτῶν
1587 1466 1717 1493 εἰσελθεῖν
1742 1465 1940 1499 ἀπετόλμησεν.
1948 1463 1980 1489 '0

1193 1516 1221 1541 δὲ
1239 1515 1335 1551 θεωρεῖ
1349 1511 1416 1549 αἷμα
1431 1513 1553 1548 πεπηγὸς
1566 1512 1640 1548 παρᾶ
1663 1511 1693 1537 τὸ
1715 1510 1914 1545 θυσιαστήριον,
1932 1508 1980 1534 καὶ

1196 1561 1287 1588 ἀκούει
1313 1560 1403 1594 φωνῆς
1424 1559 1567 1593 λεγούσης
1585 1556 1721 1593 Ζαχαρίας
1740 1553 1911 1590 πεφόνευται,
1930 1553 1980 1580 καὶ

1194 1607 1244 1633 οὐκ
1265 1606 1485 1640 ἐξαλειφθήσεται
1509 1604 1539 1630 τὸ
1561 1601 1629 1638 αἷμα
1653 1601 1746 1633 αὑτοῦ,
1767 1596 1820 1632 ως
1835 1601 1866 1627 ἂν
1883 1600 1947 1635 ἔλθῃ
1961 1599 1979 1625 ὁ

1194 1653 1307 1683 ἔκδικος.
1318 1652 1432 1678 Ἀκοὺων
1456 1650 1521 1685 γοῦν
1540 1649 1625 1676 ταῦτα
1651 1647 1769 1684 ἐμφοὸος
1792 1647 1908 1680 ἐγένετο,
1930 1644 1979 1671 καὶ

1193 1697 1308 1731 ἐξελθὼν
1321 1698 1375 1727 τοῖς
1386 1696 1503 1731 ἱερεῦσιν
1517 1694 1690 1730 ἀπήγγειλεν.
1707 1695 1739 1720 υἱ
1752 1693 1790 1724 δὲ,
1802 1691 1978 1722 εἰσελθόντες,

1193 1745 1223 1770 τὸ
1241 1744 1289 1779 μὲν
1306 1744 1384 1778 σῶμα
1401 1743 1450 1768 οὐκ
1465 1740 1543 1773 εἶδον,
1559 1742 1583 1767 εἰ
1605 1741 1642 1776 μὴ
1656 1741 1687 1766 τὸ
1701 1738 1781 1775 αἷμα,
1799 1738 1846 1765 καὶ
1858 1738 1907 1769 τὰς
1922 1745 1981 1763 στο-

1193 1790 1240 1821 λὰς
1253 1789 1355 1815 ἑαυτῶν
1363 1788 1566 1823 διαρρήξαντες,
1577 1786 1718 1820 ἐκόψαντο,
1725 1785 1771 1812 καὶ
1780 1784 1819 1819 τῷ
1828 1783 1885 1818 λαῷ
1895 1783 1980 1818 ἀνήγ-

1194 1835 1295 1870 γειλαν,
1309 1835 1356 1861 καὶ
1372 1834 1434 1868 τρία
1446 1833 1602 1868 νυχθήμερα
1621 1833 1665 1858 ἐπ’
1682 1830 1756 1866 αὑτῷ
1775 1830 1872 1865 θρῆνον
1885 1828 1980 1862 ἐποίη-

1195 1891 1253 1908 σαν.
1272 1882 1325 1908 Kai.
1343 1881 1410 1916 μετὰ
1426 1880 1511 1907 ταῦτα
1529 1879 1659 1913 Συμεῶνα
1682 1878 1722 1908 εἰς
1743 1877 1793 1911 τὴν
1806 1874 1882 1907 τάξιν
1896 1872 1979 1900 αὑτοῦ

1194 1929 1286 1963 κλήρῳ
1303 1927 1480 1960 κατέστησαν.
1496 1926 1524 1956 ὃς
1538 1925 1658 1960 ὑπῆρχεν
1674 1922 1726 1949 ὑπὸ
1740 1921 1786 1948 τοῦ
1800 1920 1875 1954 ἁγίου
1891 1918 1977 1945 Πνεύ-

1197 1982 1279 2008 ματος
1296 1971 1490 2008 χρηματισθεὶς
1507 1970 1543 2006 μὴ
1557 1971 1618 1996 ἰδεῖν
1630 1969 1754 1999 θάνατον,
1768 1967 1820 1998 ἕως
1835 1965 1867 1992 ἂν
1881 1965 1921 1999 ἴδῃ
1933 1964 1980 1990 τὸν

1195 2019 1310 2055 Χριστὸν
1323 2019 1435 2053 Κυρίου.

1232 2065 1314 2099 ’Ἄλλη
1332 2064 1359 2089 δέ
1377 2072 1418 2094 τις
1442 2062 1545 2097 ἱστορία
1571 2061 1635 2096 περὶ
1650 2059 1696 2087 τοῦ
1714 2058 1847 2094 Ζαχαρίου
1863 2057 1981 2093 ἐμφέρε-

1194 2119 1238 2137 ται
1248 2119 1254 2125 ·
1279 2110 1316 2141 ὡς
1329 2110 1382 2145 ἆρα
1393 2107 1426 2144 ἦν
1439 2117 1480 2140 τις
1498 2108 1562 2143 περὶ
1576 2107 1622 2133 τὸν
1634 2106 1697 2133 ναὸν
1712 2105 1803 2135 τόπος,
1818 2103 1881 2130 ἔνθα
1897 2103 1980 2138 μόνας

1194 2156 1243 2187 τὰς
1261 2155 1409 2191 παρθένους
1431 2154 1494 2188 ἐξῆν
1517 2152 1652 2182 εἰσιούσας
1675 2150 1835 2186 προσκυνεῖν
1849 2147 1887 2183 τῷ
1903 2146 1979 2181 Θεῷ·

1194 2201 1243 2233 τὰς
1259 2201 1286 2228 δὲ
1301 2200 1470 2235 γαμηθείσας
1489 2199 1526 2234 μὴ
1545 2198 1614 2224 εἶναι
1634 2195 1798 2232 νόμιμον.Ἦ
1814 2192 1860 2221 οὖν
1874 2192 1980 2228 Μαρία,

363 2248 530 2274 Salvatorem
547 2247 667 2282 genitum
684 2246 768 2276 stetit,
787 2246 814 2271 in
830 2246 888 2271 loco
905 2245 966 2274 hoc,
983 2251 1063 2278 quam
1079 2251 1141 2270 cum
1158 2249 1180 2276 Ῑ)
1195 2256 1212 2282 γ

1130 2251 1141 2270 1
1158 2249 1180 2276 Ι)
1195 2247 1349 2282 γεννήσασα
1373 2246 1417 2271 τὸν
1443 2245 1567 2279 Σωτῆρα,
1585 2242 1710 2274 ἐλθοῦσα,
1724 2241 1788 2276 ἔστη
1805 2241 1834 2266 ὲν
1849 2239 1887 2274 τῷ
1905 2239 1980 2273 τόπῳ

363 2293 545 2328 impedirent,
575 2292 622 2326 qui
651 2299 709 2318 eam
739 2291 795 2325 jam
831 2290 967 2325 peperisse
994 2293 1142 2321 noverant,

363 2338 510 2366 Zacharias
534 2337 684 2368 fatebatur,
700 2345 758 2363 eam
777 2337 886 2371 dignam
908 2343 988 2368 esse,
1007 2342 1067 2370 qua:
1091 2342 1144 2362 una

363 2392 425 2411 cum
445 2383 599 2418 virginibus
615 2385 840 2410 commoraretur.
867 2382 959 2416 Itaque
977 2389 1038 2408 eum
1061 2380 1145 2408 veluti

361 2429 464 2463 jurium
480 2429 637 2456 violatorem
648 2449 655 2459 ,
676 2432 702 2455 et
723 2428 749 2454 in
765 2428 854 2454 locum
872 2427 1006 2461 virginum
1022 2427 1143 2461 iniquum

364 2475 435 2501 inter
460 2475 546 2501 altare
568 2474 749 2501 trucidavere.
773 2473 804 2500 Et
827 2473 883 2500 hzec
905 2481 953 2507 per
969 2477 1144 2500 transennam

364 2521 505 2556 obiterque
520 2521 591 2547 dicta
603 2526 676 2548 sunt.

399 2565 484 2593 Porro
497 2565 596 2600 Ioseph
609 2573 623 2592 a
640 2565 771 2592 fratribus
782 2565 809 2592 in
823 2565 940 2600 Egypto
961 2564 1088 2596 traditus,
1104 2564 1146 2591 di-

365 2612 429 2638 vino
444 2612 548 2638 afﬂatus
559 2611 683 2641 Numine,
701 2611 851 2638 Pharaonis
860 2611 973 2638 somniis
984 2612 1146 2644 interpreta-

366 2656 438 2684 tione
454 2657 595 2692 explicatis
615 2657 730 2689 ',totius
747 2657 856 2692 :Egypti
876 2657 1002 2692 princeps
1022 2656 1147 2683 nomina-

366 2707 409 2730 tus
427 2707 481 2735 est,
497 2708 522 2730 et
534 2703 604 2730 fame
630 2707 715 2730 totum
734 2708 867 2730 terrarum
885 2703 977 2730 orbem
1002 2702 1144 2736 aiﬂigente,

367 2747 464 2776 fratres
486 2749 511 2775 in
528 2747 674 2783 Egyptum
698 2756 727 2775 se
743 2748 896 2779 conferunt,
921 2748 1096 2779 frumentum,
1120 2750 1146 2774 et

367 2793 417 2827 ipsi
433 2798 462 2820 ut
476 2793 539 2820 fami
556 2793 729 2821 mederentur
739 2794 855 2828 cmpturi
867 2795 887 2826 ’,
897 2798 944 2821 eta
955 2792 1086 2820 fratribus
1101 2799 1145 2820 re-

403 2882 426 2898 "
439 2882 507 2910 Ibid.
527 2883 570 2910 16.
608 2883 630 2925 ξ’
642 2882 706 2910 Luc.
720 2891 750 2915 ιι,
767 2883 810 2910 14.
853 2881 936 2910 ‘Gen.
951 2890 1006 2910 xu.
1043 2883 1054 2898 ³
1074 2880 1145 2908 Ibid.

1194 2294 1290 2328 τούτῳ.
1310 2292 1474 2318 κωλυόντων
1498 2289 1544 2317 οὖν
1565 2290 1647 2325 αὐτὴν
1661 2288 1715 2319 τῶν
1733 2287 1840 2314 εἰδότων
1852 2294 1981 2320 γεγεννη-

1195 2341 1273 2366 κυῖαν
1287 2339 1381 2374 αὐτὴν,
1391 2338 1404 2362 ὁ
1415 2337 1549 2372 Ζαχαρίας
1562 2337 1653 2370 ἔλεγεν
1665 2335 1743 2368 ἀξίαν
1759 2334 1840 2368 αὐτὴν
1855 2331 1924 2360 εἶναι
1933 2331 1981 2358 τοῦ

1194 2386 1276 2412 τόπου
1287 2385 1341 2411 τῶν
1356 2384 1505 2420 παρθένων.
1514 2383 1557 2414 Ὠς
1571 2380 1616 2408 οὖν
1626 2379 1832 2417 παρανομοῦντα
1847 2378 1927 2405 αὑτὸν
1941 2378 1981 2408 εἰς

1194 2432 1239 2458 τὸν
1262 2431 1343 2457 τόπον
1359 2430 1412 2456 τῶν
1433 2429 1574 2464 παρθένων
1597 2426 1696 2463 μεταξὺ
1718 2425 1765 2453 τοῦ
1788 2425 1981 2460 θυσιαστηρίου

1195 2477 1366 2503 ἀπέκτειναν.
1385 2476 1439 2502 Καὶ
1455 2474 1540 2501 ταῦτα
1554 2473 1602 2509 μὲν
1618 2473 1656 2504 ὡς
1668 2474 1696 2499 ἐν
1709 2471 1817 2507 παρόδῳ
1828 2470 1934 2506 ἐλέχθη.

1236 2565 1334 2601 Ἰωσὴφ
1355 2565 1392 2596 δὲ,
1409 2563 1550 2595 ἁποδοθεὶς
1569 2563 1597 2588 ἐν
1621 2562 1749 2597 Αἰγύπτῳ
1769 2562 1822 2588 ὑπὸ
1837 2561 1890 2587 τῶν
1905 2560 1983 2588 ἀδελ-

1196 2611 1264 2646 φῶν,
1273 2611 1333 2646 θεία
1345 2611 1450 2645 ἐπινοίᾳ
1461 2609 1500 2644 τῷ
1515 2608 1613 2644 Φαραὼ
1622 2608 1760 2643 διακρίνας
1767 2607 1903 2642 ὀνείρατα.
1918 2607 1986 2640 ἡγεε

1198 2657 1255 2692 μὼν
1278 2657 1367 2692 πάσης
1392 2656 1441 2692 τῆς
1465 2655 1600 2689 Αἰγύπτου
1620 2653 1791 2680 καθίσταται.
1822 2653 1877 2684 Καὶ
1902 2650 1984 2686 λιμοῦ

1196 2704 1285 2729 πᾶσαν
1302 2702 1439 2734 πιέζοντος
1449 2701 1499 2736 τὴν
1511 2701 1572 2735 γῆν,
1586 2701 1610 2726 ot
1626 2700 1734 2734 ἀδελφοὶ
1749 2698 1832 2726 αὑτοῦ
1848 2697 1984 2733 κατῆλθον

1197 2750 1236 2780 είς
1250 2749 1396 2783 Αἴγυπτον,
1417 2750 1489 2774 σῖτον
1504 2747 1551 2774 καὶ
1569 2747 1645 2774 αὐτοὶ
1665 2747 1709 2773 διὰ
1731 2746 1776 2772 τὸν
1789 2744 1867 2780 λιμὸν
1881 2742 1986 2778 ὠνησό-

1199 2802 1287 2830 μενοι·
1314 2795 1360 2822 καὶ
1382 2793 1592 2830 ἀναγνωρισθεὶς
1613 2793 1703 2824 αὐτοῖς
1728 2791 1843 2826 Ἰωσὴφ,
1869 2788 1985 2825 pheta-rd
