2152 3163
365 186 415 216 779

358 246 420 280 ejus
434 245 528 272 incola!
543 252 647 272 summa
663 244 793 280 religione
803 248 968 272 venerantur
978 252 1042 277 ;ara
1058 245 1137 280 quip-
1151 250 1174 277 Α

360 292 481 326 peetiam
500 298 573 318 nunc
582 298 615 317 ex
628 290 687 325 ejus
711 290 802 325 stipite
829 293 986 317 constructa
1003 290 1135 322 cernitur,

359 344 442 372 super
469 342 551 372 quam
572 336 729 364 holocausta
752 336 980 369 hecatombasque
1002 334 1135 368 oﬂ‘erunt;

360 382 524 416 traduntque
546 389 607 409 eam
622 381 748 408 baculum
771 381 856 409 fuisse
872 382 953 409 unius
980 381 1137 416 angeli,qui

360 427 395 455 ab
408 426 543 455 Abraham
573 426 691 461 hospitio
714 427 819 461 excepti
849 427 968 458 fuerunt,
996 434 1075 462 quem
1092 427 1138 453 illo

358 472 419 500 loco
444 473 600 507 praeteriens
629 472 776 506 plantavit;
801 479 833 499 ex
849 471 900 499 hac
914 472 1005 498 multa:
1020 471 1138 498 admira-

358 518 442 546 tionis
465 518 634 546 terebinthus
649 522 750 548 manat,
771 518 832 552 igne
848 517 920 544 enim
946 516 1066 548 admoto,
1080 520 1138 544 tota

360 563 388 590 in
412 563 500 598 ignem
526 563 695 596 accenditur,
720 563 901 596 omnibusque
933 570 967 589 ex
989 562 1095 589 ﬂamma
1110 562 1136 589 in

359 609 496 643 pulverem
510 608 621 636 dissolvi
635 608 750 641 videtur;
767 615 859 634 verum
873 607 917 634 ubi
930 608 1064 635 exstincta
1080 607 1137 634 fue-

359 655 405 686 rit,
420 654 564 680 incolumis
575 656 640 685 tota,
654 653 834 688 omnibusque
859 653 917 680 suis
933 653 1056 688 partibus
1072 661 1138 680 con-

359 703 436 727 stans
447 699 667 734 deprehenditur.

393 787 458 815 Post
473 788 576 815 obitum
590 786 701 821 Joseph,
728 785 847 821 [Egyptii
869 786 1063 813 beneﬁciorum
1088 786 1139 812 im-

360 841 503 864 memores,
517 837 542 860 et
558 833 659 860 invidia
673 833 897 866 aaniulationeque
922 832 1040 863 accensi,
1057 832 1139 859 variis

359 879 543 905 calamitatum
559 878 703 912 generibus
730 876 865 904 lsraelitas
887 876 1039 911 allligebant
1054 877 1074 903 '.
1092 876 1139 903 Et-

360 924 431 951 enim
448 924 574 950 lsraelitx
588 924 621 949 ad
637 922 742 950 labores
767 921 956 956 suscipiendos
977 921 1074 956 integri
1094 929 1139 948 ro-
1154 929 1174 957 Β

361 969 488 1004 bustique
508 968 671 999 virtutibus,
701 972 728 994 et
740 967 842 994 divitiis
868 965 1009 1001 Egyptios
1026 974 1138 1000 supera-

359 1019 433 1047 runt,
447 1016 508 1041 vino
520 1015 633 1041 obrutos
646 1017 673 1040 et
683 1013 749 1044 otio,
765 1016 791 1039 et
806 1012 911 1047 ignavia
931 1011 1060 1039 continua
1075 1012 1135 1039 effe-

360 1062 486 1089 minatos.
501 1060 598 1087 Verum
610 1066 680 1086 unus
688 1067 720 1085 ex
730 1058 815 1086 sacris
827 1057 1014 1093 [Egyptiorum
1028 1059 1136 1089 scribis,

359 1106 494 1134 Pharaoni
506 1105 647 1140 quemdam
663 1104 732 1138 apud
748 1103 883 1131 lsraelitas
906 1104 1025 1130 futurum
1042 1103 1139 1137 praedi-

360 1154 407 1185 cit,
424 1153 471 1188 qui
491 1153 617 1178 universa
645 1149 760 1184 Egypto
786 1150 883 1176 mirum
913 1150 939 1176 in
963 1149 1071 1176 modum
1091 1150 1138 1176 de-

359 1206 468 1234 pressa,
502 1197 606 1223 nationi
637 1197 751 1230 propriae
791 1194 916 1221 maximis
948 1194 1138 1229 progressibus

360 1242 509 1278 potentiam
539 1240 630 1271 addet,
654 1240 739 1274 gloria
766 1239 829 1271 sibi,
845 1246 925 1274 quam
942 1240 1014 1266 nulla
1038 1239 1137 1266 delebit

358 1288 470 1319 oblivio,
498 1290 664 1320 comparata.
689 1284 858 1319 Quapropter
884 1283 990 1310 Pharao
1009 1283 1137 1311 Πρίηπος

360 1333 447 1360 modis
460 1332 586 1359 onntibus
616 1331 728 1365 perdere
750 1334 888 1364 appetens,
914 1329 1058 1364 animoque
1076 1337 1137 1356 ver-

359 1385 424 1404 sans
444 1377 592 1403 laboriosas
609 1383 706 1409 operas
730 1374 845 1409 delegat,
863 1379 892 1401 ut
909 1382 1002 1401 omnes
1028 1374 1136 1409 Egypti

357 1425 482 1452 civitates
512 1423 646 1449 moenibus
675 1421 768 1454 ejectis
793 1421 942 1455 cingerent,
965 1424 995 1446 ut
1017 1419 1136 1446 ﬂuminis

360 1470 489 1504 impetum
506 1469 589 1495 variis
609 1468 692 1494 alveis
723 1466 829 1493 eil'ossis
849 1469 982 1497 arcerent,
1012 1473 1137 1500 aggeres-

358 1523 411 1550 que
422 1518 602 1544 exsiruet‘ent,
624 1512 798 1546 utcjusdem,
823 1511 869 1537 ubi
891 1510 998 1545 evagari
1017 1511 1137 1544 increpe-

358 1561 407 1591 rit.
437 1560 526 1586 aditus
555 1557 781 1591 ineonuuodaque
807 1556 996 1590 prohiberent;
1019 1555 1052 1582 ad
1080 1555 1137 1582 haec

358 1606 392 1634 ad
409 1605 562 1641 pyramidas
579 1604 731 1638 erigendas,
755 1610 917 1637 puerosque,
933 1602 978 1636 qui
1004 1602 1074 1636 apud
1089 1609 1137 1629 eos
1150 1593 1171 1621 (ἶ

359 1654 544 1681 nascerentur,
574 1650 600 1676 in
614 1649 713 1676 ﬂumen
729 1646 936 1683 praacipitandos
960 1647 1070 1673 decreto
1094 1646 1136 1672 in-

359 1696 490 1731 terposito
499 1695 668 1729 compulerit,
679 1694 839 1722 existimans
846 1699 908 1719 eum
915 1700 996 1727 quem
1009 1697 1083 1719 vates
1102 1690 1136 1717 ad

361 1740 504 1775 Egyptum
520 1739 679 1766 abolendam
700 1740 819 1765 futurum
843 1737 958 1768 dixerat,
973 1736 1054 1764 simul
1074 1744 1136 1763 cum

359 1784 421 1811 aliis
437 1784 462 1810 in
479 1784 587 1810 ﬂumine
598 1783 781 1817 mergendum.

394 1829 459 1856 Erat
470 1830 559 1863 itaque
580 1829 688 1864 quidam
705 1837 737 1856 ex
760 1828 832 1855 tribu
861 1827 935 1859 Levi,
950 1827 1058 1854 nomine
1072 1826 1136 1853 Am-

358 1883 415 1903 ram
430 1878 451 1907 ',
467 1876 512 1910 qui
527 1874 675 1902 Jochabeth
691 1875 781 1905 ducta,
795 1883 827 1901 ex
839 1882 869 1901 ea
880 1875 1000 1901 divinum
1018 1873 1136 1907 Moysem

358 1925 523 1956 susceperat,
539 1926 564 1948 el
576 1921 609 1947 ad
621 1926 729 1955 tempus
744 1928 804 1947 eum
820 1920 970 1947 studiosius
985 1919 1136 1946 absconde-

357 1968 412 1996 bat.
428 1967 479 1994 Sed
512 1967 557 1994 tibi
583 1967 682 2000 regiam
710 1966 794 2000 legem
808 1965 888 1991 nimis
904 1964 999 1991 acerbe
1015 1964 1137 1998 dureque

358 2012 463 2047 impleri
477 2012 553 2043 vidit,
569 2016 642 2038 metu
657 2019 690 2038 ne
704 2010 959 2045 deprehenderetur,
977 2010 1045 2036 cista
1072 2016 1137 2043 pue~

358 2057 447 2084 rulum
464 2055 698 2083 accommodatum
715 2055 748 2081 ad
766 2054 838 2089 ripas
858 2054 977 2081 [luminis
996 2054 1134 2088 exposuit,

358 2106 386 2129 et
399 2102 452 2129 ﬁlia
463 2101 612 2128 Pharaonis
624 2101 728 2128 lavandi
742 2109 770 2128 se
782 2108 863 2128 causa
882 2101 1002 2133 venietis,
1021 2107 1136 2133 conspe-

358 2153 429 2175 ctam
444 2149 539 2175 cistam
552 2147 648 2182 aperit,
673 2148 801 2182 puerique
811 2147 1011 2181 pulchritudine
1020 2146 1137 2173 delecta-

357 2199 396 2226 ta,
411 2202 471 2221 cum
484 2198 588 2220 careret
604 2193 676 2224 tiliis,
702 2201 763 2220 eum
784 2193 834 2219 sibi
863 2192 1010 2226 adoptavit,
1028 2196 1054 2218 et
1077 2191 1136 2225 plli-

357 2240 433 2266 riinis
448 2239 634 2274 Egyptiorum
651 2238 803 2265 nutricibus
816 2238 973 2265 convocatis
997 2238 1030 2264 ad
1060 2238 1134 2263 alen-

448 2259 634 2274 ...επηνμηη
652 2259 802 2265 ........,.......
817 2259 973 2265 ηυμηηηηλ,
997 2259 1030 2264 κ,
1060 2259 1121 2263 ...νη

357 2285 421 2312 dum
437 2283 697 2319 puerum,pcrdebat
712 2290 933 2317 operam,earum
941 2285 1040 2317 quippe
1053 2282 1135 2308 ubera
1151 2259 1173 2286 Β

357 2328 539 2360 abhorrebat;
559 2328 666 2354 tandem
682 2331 769 2354 mater
784 2328 853 2353 clam
879 2327 1008 2358 admissa,
1037 2327 1136 2361 regina:

355 2374 434 2408 jussu
450 2374 576 2405 lactabat,
594 2377 697 2400 tantum
713 2374 784 2400 enim
802 2372 875 2399 illius
893 2373 974 2399 ubera
998 2374 1110 2408 augebat
1126 2381 1132 2398 :

357 2420 391 2445 ab
406 2419 483 2453 ipsis,
510 2424 539 2445 ιιι
564 2419 672 2454 opinor,
698 2418 870 2445 incunabulis
890 2419 1028 2453 proprium
1048 2425 1135 2453 genus

357 2464 525 2495 admittebat,
541 2468 736 2498 externumque
753 2464 940 2491 aversabatur.
957 2463 1049 2498 Itaque
1063 2464 1135 2490 hunc

357 2510 478 2536 adultum
508 2509 681 2537 Thermuthis
701 2509 752 2543 (sic
763 2509 835 2536 enim
861 2510 953 2543 regina
980 2509 1135 2544 appellaba-

357 2556 416 2590 tur)
442 2555 571 2591 onseui,
585 2555 657 2590 quod
676 2563 708 2582 ex
728 2555 806 2590 aquis
821 2560 944 2582 servatus
960 2559 1028 2586 erat,
1049 2555 1135 2582 nomi-

357 2603 442 2628 navit.
453 2600 573 2636 Egyptii
588 2609 704 2635 namque
716 2608 813 2635 aquam
844 2609 913 2635 may,
931 2605 958 2628 et
973 2601 1077 2628 servari
1094 2607 1135 2626 se:

357 2646 502 2680 appellant.
517 2646 563 2672 sed
579 2645 654 2672 illum
669 2645 785 2680 primttm
797 2651 922 2679 parentes
938 2644 1050 2672 Metellis
1065 2651 1136 2671 nun-

357 2690 502 2725 cupabant.
527 2689 592 2716 Erat
606 2695 696 2717 autem
721 2694 832 2725 aspectu
860 2690 974 2717 festivus
989 2690 1083 2721 nimis,
1098 2690 1135 2716 ita

358 2742 384 2763 ul
398 2736 554 2770 quicunque
568 2735 606 2761 illi
622 2735 649 2762 in
663 2736 707 2761 via
731 2739 899 2766 occurreret,
928 2735 1135 2770 obstupefactus

356 2780 517 2811 discederet,
533 2779 704 2815 maximeque
716 2787 775 2807 eam
803 2780 1031 2815 pulchritudinem
1049 2779 1136 2805 admi-

356 2831 471 2853 raretur.
484 2825 567 2860 Igitur
582 2825 654 2852 hunc
667 2828 747 2852 aetate
767 2828 876 2853 auctum
903 2825 1079 2854 Thermuthis
1089 2824 1136 2852 de-

392 2892 499 2920 ‘Exod.
511 2900 530 2920 ι.
567 2892 672 2920 'Ezod.
688 2900 718 2920 ιι.

792 187 821 216 S.
843 187 1061 216 EUSTATHIUS
1079 187 1322 217 ANTIOCHENUS
1340 187 1539 217 EPISCOPUS.

1917 189 1969 218 780

1188 246 1315 281 κήδευτοο
1342 246 1370 272 ἐν
1391 242 1413 278 ᾦ
1428 245 1502 281 τόειαρ
1520 245 1626 280 ὑπῆρχε
1647 244 1694 272 καὶ
1707 245 1725 280 η
1746 243 1909 280 τερέϐινθος,
1923 246 1959 280 ὑφ

1186 288 1203 327 ᾗ
1227 291 1342 326 ἔκρυψεν
1364 289 1460 317 Ἰακὼσ
1480 291 1529 326 τῆς
1549 290 1641 317 Δάσαν
1664 290 1698 317 τὰ
1726 290 1830 322 ετδωλα,
1852 291 1914 326 ἦτις
1929 292 1968 318 ιτι

1186 337 1232 363 καὶ
1247 336 1295 363 νῦν
1306 337 1346 368 εις
1363 336 1444 372 τιμὴν
1464 336 1518 362 τῶν
1538 336 1675 372 προγόνων
1689 336 1743 363 ὑπὸ
1758 335 1811 362 τῶν
1826 336 1969 371 πλησιοχό-

1187 391 1241 418 ρων
1254 382 1432 417 θρησκεύεται
1441 391 1449 398 ·
1464 382 1520 408 ἐστι
1538 381 1593 417 γὰρ
1605 382 1667 417 ἄχρι
1681 381 1729 408 τοῦ
1743 381 1822 417 δεῦρο
1837 380 1911 417 παρὰ
1925 381 1969 409 τὸν

1187 428 1304 464 πρέμνον
1326 428 1410 463 αὐτῆς
1425 427 1523 462 βωμὸς,
1543 427 1585 461 ἐφ’
1598 427 1628 453 ὃν
1647 427 1681 454 τά
1698 435 1727 453 τε
1746 427 1967 462 ὁλοκαυτώματα,

1185 475 1232 500 καὶ
1252 474 1301 506 τὰς
1316 473 1469 508 ἐκατόμεας
1482 473 1628 508 ἀνέφερον·
1650 469 1718 499 εἶναι
1740 481 1769 498 τε
1791 473 1857 506 φασὶ
1873 472 1968 508 ῥάϐδον

1186 519 1268 555 αὐτὴν
1282 519 1339 550 ἐνὸς
1347 519 1405 545 -τῶν
1421 518 1634 551 ἐπιξενωθέντων
1649 518 1771 552 ἀγγέλων
1780 518 1818 554 τῷ
1832 517 1966 554 Ἀϐραὰμ,

1186 566 1272 601 ἥνπερ
1285 565 1324 600 τῷ
1338 565 1412 599 τόπῳ
1424 565 1483 591 τότε
1496 563 1588 598 παρὼν
1598 563 1769 597 ἐνεφὺτευσε,
1782 564 1828 591 καὶ
1844 564 1874 597 ἐξ
1885 564 1968 599 αὐτῆς

1187 611 1375 646 ήιὰξιάγαστος
1392 609 1490 645 ἐνεφύη
1556 609 1613 645 ὰν-]
1624 608 1787 644 τερέϐινθος.
1798 607 1968 643 ’Υπαφθιῖσα

1186 657 1239 691 γὰρ
1262 656 1309 690 ὃλη
1322 655 1376 691 πῦρ
1395 656 1508 690 γίνεται,
1526 655 1572 681 καὶ
1596 653 1734 690 νομίζεται
1756 656 1812 685 τοῖς
1832 656 1914 681 πᾶσιν
1931 656 1968 686 είς

1187 702 1259 728 κόνιν
1279 703 1310 728 ἐκ
1336 702 1385 736 τῆς
1403 701 1500 736 φλογὸς
1524 700 1704 738 ἀναλύεσθαι,
1725 700 1811 726 καίτοι
1829 700 1971 728 σϐεσθείη

1189 746 1277 782 μέντοι
1293 747 1388 782 ἀσινὴς
1401 746 1460 781 ὅλη,
1477 747 1523 773 καὶ
1533 745 1659 782 ἀκέραιος
1673 745 1816 772 δείκνυται.

1223 792 1299 819 Μετὰ
1324 792 1352 819 δέ
1374 791 1422 827 τὴν
1446 791 1570 827 τελευτὴν
1592 791 1638 818 τοῦ
1661 791 1770 826 Ἰωσὴφ,
1780 791 1829 826 τῆς
1849 781 1969 821 summa:

1189 838 1441 873 ἀμνημονεύσαντες
1460 837 1485 863 οί
1500 837 1652 871 Αἰγύπτιοι,
1668 835 1803 867 ποικίλαις
1820 836 1970 871 συμφοραῖς

1188 884 1218 910 τὸ
1234 884 1309 918 γένος
1327 883 1378 909 τῶν
1398 883 1568 918 Ἰσραηλιτῶν
1583 873 1726 913 ὑπέὸαλον,
1739 881 1826 917 φθόνῳ
1840 881 1888 908 καὶ
1899 881 1972 916 ζήλῳ

1189 929 1255 964 πρὸς
1280 929 1377 959 αὐτοὺς
1399 928 1572 962 διακείμενοι.
1597 928 1628 954 οι
1650 927 1705 963 γὰρ
1723 926 1882 962 Ἰσραηλῖται
1905 926 1971 961 πρὸς

1190 974 1283 1005 πόνους
1300 974 1374 1005 ὄντες
1390 974 1527 1009 καρτεροὶ,
1539 974 1621 1008 ἀρετῇ
1638 973 1683 999 καὶ
1697 972 1801 1007 πλούτῳ
1814 973 1878 1003 τοὺς
1890 972 1970 1005 Δίγυ-

1189 1019 1282 1049 πτίους
1305 1018 1448 1053 διήνεγκαν
1458 1038 1466 1050 ,
1479 1018 1590 1044 ἐκείνων
1605 1019 1644 1050 εἰς
1658 1017 1741 1052 μέθην
1761 1016 1973 1052 κεχαυνωμὲνων

1188 1064 1233 1089 καὶ
1252 1063 1359 1098 ἀργίαν,
1377 1063 1424 1089 καὶ
1441 1063 1560 1098 ῥᾳθυμίᾳ
1582 1062 1773 1097 πεπεδημένων
1796 1061 1848 1088 ἀεί.
1873 1060 1921 1092 Εἷς
1942 1060 1970 1087 δέ

1187 1117 1227 1140 τις
1245 1108 1297 1134 τῶν
1312 1109 1376 1143 παρ’
1390 1108 1546 1142 Αἰγυπτίοις
1563 1107 1802 1143 ἱερογραμματέων
1816 1105 1970 1142 προσημαί-

1187 1162 1226 1181 νει
1246 1153 1283 1188 τῷ
1304 1153 1403 1189 Φαραὼ
1422 1153 1600 1189 τεγοήσεσθαι
1624 1153 1699 1188 παρὰ
1718 1154 1773 1184 τοῖς
1795 1151 1972 1188 Ἰσραηλίταις

1186 1199 1256 1230 τινὰ,
1271 1199 1299 1230 ὃς
1316 1200 1405 1225 πᾶσαν
1417 1199 1465 1234 μὲν
1477 1198 1636 1225 ταπεινώσει
1655 1199 1702 1234 τὴν
1722 1199 1868 1232 Αἴγυπτον,
1888 1197 1969 1232 αὐξή-

1188 1253 1228 1270 σει
1240 1244 1267 1271 δὲ
1281 1245 1325 1270 ἐπὶ
1342 1245 1412 1279 μέγα
1429 1245 1569 1279 προκοπῆς
1589 1244 1620 1270 τὸ
1638 1245 1736 1270 οἰκεῖον
1755 1243 1839 1274 ἔθνος,
1859 1244 1969 1278 ἀειμνη-

1188 1290 1315 1325 μόνευτον
1329 1290 1406 1322 δόξαν
1422 1289 1600 1324 κτησάμενος.
1619 1289 1674 1315 Καὶ
1688 1288 1732 1315 διὰ
1745 1289 1824 1315 τοῦτο
1838 1287 1970 1319 παντοίως

1218 1336 1247 1367 ὓς
1269 1335 1409 1370 Ἐϐραίους
1432 1336 1446 1361 ὁ
1467 1335 1565 1372 Φαραὼ
1583 1335 1712 1361 ἀπολέσαι
1740 1335 1878 1361 διενοεῖτο’
1905 1334 1972 1369 ἔργα

1188 1381 1236 1416 μὲν
1259 1381 1348 1412 αὐτοῖς
1367 1381 1541 1415 προστάττων
1563 1380 1768 1416 ἐπιμοχθεὺειν,
1791 1379 1917 1415 τειχίζειν
1943 1379 1972 1406 δὲ

1187 1425 1275 1456 πάσεις
1288 1425 1338 1460 τῆς
1355 1425 1490 1459 Αἰγύπτου
1503 1425 1551 1456 τὰς
1562 1425 1661 1456 πόλεις,
1679 1425 1725 1451 καὶ
1737 1425 1783 1451 τὸν
1798 1425 1917 1460 ποταμὸν
1933 1425 1972 1455 είς

1187 1471 1286 1502 πολλὰς
1306 1471 1457 1506 διατέμνειν
1471 1471 1621 1507 διωρυγάςι
1645 1472 1692 1497 καὶ
1715 1471 1829 1506 χώματα
1844 1472 1970 1506 ἐγείρειν,

1187 1517 1313 1550 κελεύων,
1334 1518 1406 1548 ὅπως
1435 1517 1504 1543 κατὰ
1525 1517 1606 1552 μηδὲν
1629 1516 1683 1552 τὴν
1700 1517 1775 1543 πόλιν
1797 1516 1972 1551 ἐπιλιμνίζων

1186 1561 1363 1596 λυμαίνηται·
1379 1561 1445 1597 πρὸς
1462 1562 1490 1588 δέ
1507 1562 1610 1593 τούτοις
1626 1561 1672 1588 καὶ
1684 1561 1837 1597 πυραμίδας
1846 1561 1973 1597 ἐγείρειν,

1188 1608 1233 1633 καὶ
1247 1607 1280 1633 τὰ
1299 1608 1363 1642 παρ’
1379 1607 1469 1638 αὐτοῖς
1483 1607 1628 1642 τικτόμενα
1642 1607 1727 1642 βρέφη
1743 1606 1974 1642 κατακρημνίζειν

1187 1653 1232 1679 ἐπὶ
1244 1653 1289 1679 τοῦ
1307 1653 1426 1687 ποταμοῦ
1442 1653 1608 1687 ἀπεφήνατο,
1621 1653 1743 1687 οἰόμενος
1757 1653 1803 1679 καὶ
1820 1653 1865 1679 τὸν
1880 1651 1974 1679 θεσπι-

1188 1697 1284 1724 σθέντα
1300 1698 1448 1724 καταλῦσαι
1465 1697 1513 1732 τὴν
1534 1697 1668 1731 Αἴγυπτον
1680 1698 1840 1733 ἀραιρήσειν
1854 1696 1887 1733 [Ῑ.
1905 1697 1974 1724 καθ-

1186 1743 1321 1779 αιρήσειν]
1339 1744 1383 1769 ἐπὶ
1403 1743 1449 1770 τοῦ
1468 1743 1603 1778 ποταμοῦ.

1227 1831 1360 1866 Ὑπῆρχεν
1381 1829 1427 1857 οὖν
1446 1840 1488 1862 τις
1503 1831 1534 1857 ἐκ
1550 1831 1598 1866 τῆς
1612 1830 1696 1864 φυλῆς
1711 1829 1758 1856 τοῦ
1778 1828 1843 1856 Acut
1862 1829 1973 1864 ’Δμρᾶμ

1186 1877 1306 1910 ὀνόματι,
1330 1876 1359 1907 ὃς
1380 1877 1493 1909 γυναῖκα
1517 1876 1566 1911 τὴν
1583 1875 1708 1910 Ίωχαϐὲθ
1732 1875 1919 1909 κτησάμενος,
1942 1872 1974 1907 ἐξ

1186 1921 1270 1955 αὐτῆς
1280 1921 1324 1946 τὸν
1335 1920 1476 1947 θεσπέσιον
1491 1920 1609 1955 Μωῡσῆν
1625 1920 1765 1953 ἐγέννησε,
1775 1919 1822 1945 καὶ
1837 1918 1973 1953 ἔκρυπτεν

1186 1967 1265 1992 αὑτὸν
1291 1967 1339 1992 ἐπὶ
1364 1967 1459 2001 χρόνον
1482 1966 1552 1992 τινά.
1577 1965 1620 1996 ἀς
1641 1965 1669 1991 δὲ
1685 1963 1738 1990 εἶδε
1757 1964 1803 1990 τὸν
1823 1964 1904 1998 νόμον
1923 1962 1971 1991 τοῦ

1187 2011 1315 2045 βασιλέως
1338 2012 1537 2046 ἐπικρατοῦντα
1558 2009 1750 2046 σφοδρότερον.
1777 2009 1903 2041 δεδοικὼς
1932 2008 1970 2045 μὴ

1186 2057 1345 2092 κατάφωρος
1360 2057 1481 2092 γένηται,
1500 2059 1539 2088 είς
1556 2056 1641 2091 θήκην
1661 2054 1786 2090 ἐμϐαλὼν
1804 2055 1834 2081 τὸ
1855 2055 1971 2088 παιδίον,

1186 2103 1260 2137 παρὰ
1276 2103 1324 2134 τὰς
1335 2103 1416 2137 ὖχϐας
1427 2102 1475 2128 τοῦ
1493 2101 1614 2137 ποταμοῦ
1629 2101 1771 2127 ἐκτίθεται.
1789 2101 1842 2127 Καὶ
1857 2101 1873 2135 ἡ
1888 2099 1973 2134 θυγά-

1185 2156 1237 2182 τηρ
1253 2148 1299 2174 τοῦ
1312 2147 1421 2183 Φαραὼ,
1448 2147 1559 2183 λουτροῦ
1586 2147 1664 2182 χάριν
1691 2145 1853 2181 ἀφικομένη,
1867 2145 1970 2180 θεωρή-

1187 2202 1255 2219 σασα
1269 2194 1317 2228 τὴν
1332 2194 1418 2228 θήκην
1434 2192 1547 2226 ἀνοίγει,
1565 2192 1610 2218 καὶ
1625 2192 1692 2227 πρὸς
1704 2191 1840 2222 nmmo;
1852 2190 1898 2217 τοῦ
1913 2199 1972 2216 παι-

1186 2239 1241 2265 δίου
1267 2239 1379 2274 meum
1407 2238 1596 2273 εἰσεποιήσατο
1620 2237 1760 2273 ἀποροῦσα
1787 2236 1895 2267 παιδός’
1923 2237 1970 2262 καὶ

1187 2285 1285 2316 πολλὰς
1307 2284 1422 2319 τροφοὺς
1445 2284 1630 2317 συγκαλέσασα
1654 2283 1708 2309 τῶν
1726 2282 1897 2316 Αἰγυπτίων,
1920 2281 1970 2308 οὐκ

1186 2327 1257 2363 εἶχεν
1273 2330 1345 2360 ὅπως
1364 2329 1393 2354 τὸ
1408 2328 1510 2355 παιδίον
1527 2328 1682 2363 ἐκθρέψειεν
1693 2336 1700 2342 ·
1716 2327 1841 2362 οὐδεμιᾶς
1857 2327 1911 2362 γὰρ
1923 2326 1971 2352 αὐ-

1186 2375 1238 2398 τῶν
1254 2374 1334 2407 μαζὸν
1353 2374 1484 2407 πρωίπο.
1506 2375 1563 2399 Ἐπὶ
1575 2375 1643 2399 τέλει
1658 2373 1748 2407 γοῦνή
1765 2373 1864 2407 μήτηρ,
1877 2373 1970 2398 ἀνεῖσα

1187 2420 1302 2453 κρὺίιόην
1320 2422 1351 2453 τῇ
1371 2420 1521 2453 βασιλίσσῃ,
1547 2419 1687 2452 γαλουχεῐν
1714 2417 1899 2452 προσετάχθη·
1920 2416 1968 2450 μό-

1186 2475 1231 2499 νης
1255 2466 1307 2498 γὰρ
1332 2466 1413 2498 αὐτῆς
1440 2467 1483 2489 τὸν
1509 2464 1590 2498 μαζὴν
1618 2462 1803 2496 προσεδέξατο,
1824 2462 1852 2493 ἐξ
1869 2461 1968 2492 αὐτῶν.

1186 2510 1269 2544 οἶμαι,
1290 2511 1448 2543 Ίπαργάνιυν
1463 2511 1491 2535 τδ
1511 2510 1558 2543 μὲν
1577 2509 1673 2533 οἰκεῖον
1689 2507 1763 2540 γένος
1783 2507 1968 2542 προσιέμενον,

1186 2558 1215 2581 τὸ
1230 2557 1254 2581 δὲ
1270 2557 1404 2590 ἀλλότριον
1422 2555 1627 2589 μυσαττόμενον.
1645 2553 1822 2587 Ἀνδρωοέντα
1838 2552 1903 2586 γοῦν
1918 2552 1967 2578 αὑ·

1186 2603 1241 2633 τὸν,
1259 2604 1373 2636 Μωῦςῇν
1396 2604 1540 2635 προσεῖπεν
1558 2600 1728 2633 ἠθέρμουϐις
1755 2599 1848 2633 (τοῦτο
1867 2599 1920 2634 γὰρ
1934 2599 1967 2633 τῇ

1188 2648 1326 2682 βαςι).έ3πῃ
1353 2649 1457 2681 ὄνομα),
1483 2646 1573 2680 ἐπειδὴ
1592 2642 1711 2680 ’διεσώθη
1732 2646 1763 2671 ἐκ
1790 2645 1836 2671 τοῦ
1853 2645 1967 2675 mror

1188 2694 1327 2726 Αἰγύπτιοι
1346 2694 1399 2727 γὰρ
1417 2694 1446 2718 τὸ
1470 2693 1540 2726 ὕδωρ
1553 2691 1626 2725 μὼῦ,
1648 2692 1695 2716 καὶ
1718 2691 1748 2717 τὸ
1767 2691 1828 2725 σὴς
1850 2691 1969 2726 «utinm

1188 2740 1439 2774 προσαγορεύουσιν.
1461 2738 1587 2763 Ἐκᾱιλουν
1605 2737 1631 2762 δὲ
1651 2737 1681 2762 τὸ
1699 2738 1762 2771 πρὶν
1779 2735 1858 2762 αὐτὴν
1876 2736 1901 2762 οἱ
1922 2742 1968 2769 γο-

1187 2788 1239 2815 νεῖς
1252 2782 1387 2814 Μελχείςν.
1402 2783 1452 2808 Ἢν
1474 2783 1501 2808 δὲ
1525 2783 1628 2813 ἀστεῖος
1649 2783 1717 2816 ἄγαν
1736 2783 1768 2817 τῇ
1787 2782 1856 2816 δψει,
1869 2781 1907 2812 ὡς
1923 2779 1970 2806 τον

1187 2831 1245 2856 καίν
1258 2831 1315 2856 ὁδὸν
1335 2829 1492 2856 ἀπαντῶντα
1515 2828 1588 2863 αὐτῷ
1609 2828 1770 2862 ἀφίστασθαι
1787 2825 1964 2862 ἐκπληττόμ-
