2152 3163
163 1440 167 1444 .
207 1417 257 1450 ζαν
279 1417 386 1452 ἐγένετο
411 1417 506 1450 Δάδαν,
534 1417 676 1453 Ῥαγουὴλ,
699 1417 791 1453 ’ἰοθὼρ

217 182 268 212 τευ

217 249 265 276 νην
280 239 374 274 σοφίαν
391 237 560 274 ὑπερϐαίνων
575 237 641 270 Θεὸς
654 238 698 265 διὰ
715 237 762 264 τοῦ
783 236 890 264 ἀνίατον
908 239 996 274 ήμαρ-

216 285 328 320 τηειάιος
350 283 450 319 Φαραὼ
474 283 575 319 σημεῖα
602 283 705 319 μεγάλα
727 283 856 314 δείκνυσι.
876 284 921 310 τδν
945 285 994 319 μὲν

217 330 290 362 ἀξιον
314 329 447 365 τιμωρίας
463 327 594 361 κολάζων,
610 329 673 361 τοὺς
692 328 720 355 δὲ
743 329 812 363 μετὰ
833 328 920 356 ταῦτα
931 337 993 363 γεν-

216 373 350 409 νωμένους
365 373 533 409 θεραπεύων,
554 373 689 409 σωτηρίας
707 373 834 400 ὑπόθεσιν
849 373 897 410 τὴν
912 373 993 401 αὐτοῦ

215 419 348 455 τιμωρίαν
361 419 451 451 αὐτοῖς
463 419 656 456 παρεχόμενος.

249 507 412 542 Συναγαγὼν
426 505 473 535 οὖν
492 508 582 535 πᾶσαν
593 508 645 544 τὴν
659 507 772 543 δύναμιν
790 508 804 534 ό
818 507 927 543 Φαραὼ,
945 509 993 544 ἆρ-

217 561 288 588 ματα
311 554 359 589 μὲν
379 553 512 589 διακόσια,
546 553 651 581 ἱππέων
677 553 705 580 δι
732 553 864 589 μυριάδας
879 557 914 586 κ.
931 555 993 586 τοὺς

220 598 386 635 Ἰσραηλίτας
409 599 527 627 ὲδίωκεν.
545 600 576 627 οἱ
593 599 632 631 δι,
648 599 830 635 διαιρεθείσης
848 599 899 635 τῆς
915 600 992 635 Ἐρυ-

214 645 283 680 θρᾶς
309 645 445 681 θαλάσσης
472 645 524 672 ὑπὸ
536 645 684 677 Μωῦσέως,
710 645 899 680 προστάγματι
924 644 991 672 Θεοῦ

214 691 387 725 ιπορεύοντιν
403 690 450 717 καὶ
470 689 611 724 Αἰγύπτιοι
636 690 749 716 κατόπιν
763 690 851 716 αὐτῶν
871 689 994 716 ἐλαύνον-

214 743 258 767 τες
272 735 522 770 κατεποντώθησαν,
533 736 566 770 τῇ
583 734 673 771 ῥάϐδῳ
692 735 738 761 τοῦ
755 735 892 767 Μωῠσέως
905 735 992 762 πατά-

215 780 317 814 ξαντος,
330 782 376 808 καὶ
385 780 582 815 συναγαγόντος
591 780 626 807 τὰ
640 779 734 807 ὕδατα.

247 826 286 862 Τῇ
302 826 324 853 δ’
337 825 464 861 ὑστεραίᾳ
476 825 617 861 ἡμέρᾳ,τὰ
632 825 701 852 ὅπλα
716 825 770 853 τῶν
785 826 939 860 Αἰγυπτίων
952 827 991 862 τῷ

213 870 308 907 πλήθει
318 872 371 898 τῶν
387 872 518 908 Ἐϐραίων
529 873 698 908 προσήνεγκε
714 873 743 899 τὸ
758 872 829 908 ὕδωρ
840 873 990 907 ὠθούμενον

212 917 264 945 ὑπὸ
276 918 322 944 τοῦ
338 917 498 953 πνεύματος.
508 917 564 944 Καὶ
576 918 590 944 ὁ
601 917 719 953 Μωῡσῆς
730 918 841 950 εἰκάσας
855 919 902 945 καὶ
913 918 991 945 τοῦτο

211 965 243 999 τῇ
258 963 305 990 τοῦ
320 963 387 990 Θεοῦ
403 962 564 998 γεγενῆσθαι
579 963 702 999 προνοίᾳ,
710 963 853 990 ἐκέλευσεν
865 965 933 991 αὐτὰ
944 973 992 991 πο-

211 1009 348 1045 ρίσασθαι.
369 1010 443 1041 ὅπως
460 1009 497 1045 μὴ
517 1008 570 1037 εἷεν
590 1009 709 1036 ἄνοπλοι.
728 1009 912 1044 Ἀφικνοῦνται
926 1010 991 1045 γοῦν

209 1055 250 1087 ut
259 1055 308 1089 τὴν
319 1054 429 1090 ἐρημον-

244 1099 299 1127 Καὶ
312 1099 327 1125 ὁ
346 1099 506 1134 Ῥαγουῆλος
521 1099 568 1126 καὶ
590 1099 682 1135 ’Ῑοθὼρ
695 1099 836 1135 (διώνυμος
845 1099 899 1135 γὰρ
909 1098 989 1134 ιτῦγ-

209 1145 300 1181 χανεν)
309 1146 460 1179 ἀφικνεῖται
471 1145 538 1180 πρὸς
547 1145 592 1171 τὸν
599 1145 727 1181 Μωϋσῆν.
737 1146 904 1180 ἑπαγόμενος
917 1146 991 1181 αὐτῷ

209 1190 256 1226 τὴν
262 1191 377 1224 γυναῖκα
388 1190 435 1216 καὶ
448 1190 510 1220 τοὺς
516 1188 591 1221 υἱούς
600 1198 607 1205 ·
619 1190 666 1216 καὶ
675 1189 767 1225 μαθὼν
776 1190 865 1216 πᾶσαν
872 1191 937 1225 παρ’
943 1191 991 1216 αὒ-

208 1234 254 1262 τοῦ
277 1235 326 1270 τὴν
342 1235 402 1261 κατ’
424 1235 578 1268 Αἰγυπτίων
600 1233 646 1260 τοῦ
669 1233 736 1260 Θεοῦ
760 1233 988 1269 θαυματουργίαν,

208 1280 376 1315 κατεπλάγη,
392 1280 440 1306 καὶ
457 1278 564 1312 ὲδόξασε
579 1279 625 1306 τὸν
646 1279 721 1306 Θεόν.
736 1277 790 1306 Ἦν
807 1280 835 1306 δὲ
851 1277 937 1312 οὗτος,
951 1279 989 1312 ὥς

208 1335 283 1361 φασι,
306 1325 351 1353 τοῦ
371 1326 497 1362 Ἃϐραὰμ
511 1326 652 1360 ἀπόγονος,
671 1325 701 1359 ἐξ
722 1326 781 1358 ἑνὸς
803 1326 857 1353 τῶν
873 1326 905 1353 ἐκ
920 1327 989 1354 Χετ-

207 1372 304 1407 τόυρας
330 1372 512 1411 γεννηθέντων
525 1371 598 1407 acup
612 1372 732 1407 τεχθείς·
748 1373 780 1398 ὲκ
802 1372 855 1407 γὰρ
869 1371 916 1399 τοῦ
939 1373 988 1398 Ἰε-

828 1418 874 1444 καὶ
894 1418 986 1445 Ὀϐάὸ.

207 1462 304 1496 Δεξιῶς
319 1460 365 1489 οὖν
387 1462 468 1488 αὑτὸν
485 1461 749 1497 φιλοφρονησάμενος
773 1462 787 1488 6
801 1462 930 1496 Μωῦσῆς,
948 1463 989 1493 είς

207 1509 269 1540 τοῦς
283 1509 399 1540 οἰκείους
412 1508 510 1539 τόπους
525 1507 710 1543 προέπεμψεν.

241 1556 326 1587 Αὐτὸς
341 1555 369 1582 δὲ
384 1555 482 1586 πολλὰς
502 1555 570 1589 πρὸς
583 1555 613 1580 τὸ
627 1555 761 1590 χρήσιμον
778 1554 834 1585 τοῖς
855 1553 988 1590 Ἑϐραίοις
999 1566 1021 1595 c

206 1600 387 1636 νομοθετήσας
399 1601 413 1626 ό
428 1600 548 1634 Μωῡσῆς
562 1600 731 1635 ἐτελεύτησε,
750 1598 849 1634 βιώσας
863 1599 909 1634 ἐτη
926 1599 984 1635 ρκ’·

204 1649 251 1676 καὶ
274 1645 373 1681 Ἰησοῦς
385 1646 400 1671 ό
415 1645 493 1680 Ναυῆ
509 1645 557 1681 τὴν
571 1645 717 1680 ἠγεμονίαν
731 1644 812 1671 αὑτοῦ
827 1645 985 1680 διαδέχεται,

205 1692 253 1719 καὶ
268 1691 359 1725 ἐξάγει
383 1691 430 1726 τῆς
447 1691 549 1726 ἐρήμου
561 1690 605 1717 τὸν
623 1690 696 1723 λαὸν,
709 1690 756 1725 ἐτη
770 1691 796 1725 μ’
813 1691 840 1716 ὲν
850 1691 986 1725 αὺτῇδια-

204 1737 347 1773 τρίψαντα,
366 1737 407 1770 ἐφ’
421 1734 454 1771 ἧς
468 1736 507 1762 ἐτι
521 1736 555 1762 τά
581 1736 640 1771 ίχνη
653 1736 702 1770 τῆς
727 1737 910 1771 κατοικήσεως
932 1737 986 1763 τῶν

211 1783 342 1810 Ἰουδαίων
356 1782 479 1815 σώζεται.
492 1783 522 1808 Οἱ
537 1782 591 1817 γὰρ
602 1783 682 1818 χάριν
697 1781 817 1816 ἱστορίας
828 1783 884 1813 τοῖς
893 1782 985 1814 τόποις

204 1827 429 1862 ἐπιδημήσαντες,
445 1826 500 1852 τῶν
517 1826 623 1861 σκηνῶν
642 1826 743 1857 τύπους
759 1826 798 1852 ἔτι
825 1826 984 1852 συνεστάναι

204 1872 358 1908 διηγοῦνται
380 1872 475 1908 μυρίου
507 1871 626 1908 πλήθους
645 1871 819 1907 ὑπαρχούσας
856 1871 986 1907 ὑπαρ-

204 1917 367 1954 χουσῶν],τό
374 1925 406 1945 τε
436 1918 540 1944 Σιναῖον
553 1917 614 1953 ὅρος
629 1916 796 1952 θεωρεῖσθαι,
822 1917 885 1952 παρ’
896 1914 919 1950 ᾧ
933 1918 984 1950 τὰς

205 1961 363 1997 νομοθεσίας
388 1964 403 1990 ὁ
420 1961 541 1997 Μωῡσῆς
565 1961 670 1997 ιῑληφε,
691 1962 739 1988 καὶ
766 1961 870 1988 ἕκαστα
882 1960 936 1987 τῶν
955 1961 985 1987 ἐν

207 2006 285 2042 μέρει
301 2007 558 2044 ἀναγεγραμμένων.

240 2052 372 2088 Ζητητέον
390 2052 428 2078 δέ·
439 2048 472 2079 Ol
491 2052 608 2088 Ἑϐραῖοι
624 2052 653 2078 ὲν
667 2052 699 2087 τῇ
715 2050 843 2086 Αἰγύπτῳ
856 2050 985 2086 παρῴκη-

207 2104 256 2123 σαν
267 2097 314 2133 ἐτη
327 2100 349 2123 υ¹
357 2098 403 2124 καὶ
414 2097 446 2130 λ’,
461 2097 508 2124 καὶ
520 2097 579 2132 οὐχὶ
589 2100 618 2123 ιε’
633 2097 679 2123 καὶ
690 2096 812 2123 διακόσια
820 2097 851 2131 -ή
871 2097 919 2131 μὲν
930 2095 984 2131 γὰρ

204 2142 259 2170 τῶν
283 2142 385 2178 χρόνων
399 2143 498 2177 ἐφεξῆς
522 2142 666 2177 ἀναγραφὴ
689 2145 736 2168 σιε¹
753 2142 889 2177 σημαίνει,
917 2142 934 2176 ὴ
954 2141 983 2167 δὲ

205 2185 298 2222 Γραφὴ
315 2190 337 2213 υ¹
355 2188 402 2214 καὶ
420 2187 451 2214 λ’.
471 2187 551 2221 Λέγει
569 2187 632 2222 γὰρ,
646 2187 688 2213 ὅτι
704 2186 844 2220 πάροικον
854 2186 937 2212 ἔσται
949 2185 983 2212 τὸ

203 2232 323 2267 σπέρμα
335 2232 387 2260 τοῦ
400 2232 529 2267 Ἀϐραὰμ
539 2233 574 2259 ὲν
583 2232 622 2267 τῇ
631 2232 775 2265 ἀλλοτρίᾳ
783 2231 836 2265 ἐτη
847 2233 904 2258 υλη

238 2278 349 2314 Πρῶτον
363 2279 412 2314 μὲν
424 2277 470 2305 οὖν
484 2279 671 2314 ὲπιτηρητέον,
683 2278 724 2304 ὅτι
736 2277 786 2304 οὐκ
799 2276 876 2303 εἶπεν
888 2277 923 2303 ἐν
934 2278 983 2304 Αί-

204 2321 312 2358 γύπτφ,
328 2324 385 2351 ἀλλ’
400 2325 435 2350 ἐν
464 2323 503 2358 τῇ
524 2324 666 2357 ἀλλοτρίᾳ
681 2323 824 2356 πάροικον
848 2322 933 2350 ἔσται
948 2322 982 2350 τὸ

204 2367 321 2402 σπέρμα
343 2367 396 2395 τοῦ
422 2367 567 2402 Ἁϐραάμ·
580 2368 709 2403 ἀλλοτρία
729 2367 758 2393 δὲ
779 2367 883 2402 ὑπῆρχε
905 2367 951 2393 καὶ
964 2368 981 2401 ἡ

203 2413 342 2441 Χαναναία
363 2414 409 2450 γῆ,
431 2415 464 2449 ἢν
479 2413 642 2449 παρῴκησεν
658 2414 672 2440 ό
693 2412 794 2444 Ἰσαὰκ,
809 2412 919 2448 σπέρμα
933 2412 980 2439 τοῦ

208 2458 332 2495 Ἀϐραὰμ
359 2460 412 2495 πρὸ
432 2459 541 2486 πάντων
562 2459 642 2490 αὐτὸς
665 2458 804 2493 τυγχάνων
827 2457 962 2493 ἐξαίρετον
970 2466 978 2493 Ι·

203 2505 259 2536 υίὸς
267 2505 320 2540 γὰρ
333 2503 376 2541 ἦν.
385 2503 584 2542 Δῆλονοῦν,ὃτι
593 2505 646 2541 πρὸ
659 2504 705 2531 τοῦ
718 2503 917 2539 κληρονομῆσαι
926 2503 980 2529 τῶν

201 2549 410 2586 ἀλλοφύλωντὴν
417 2550 607 2586 γῆν,ὖπῆρχον
615 2550 739 2586 πάροικοι
747 2549 842 2584 μέχρις
851 2547 919 2574 ὲτῶν
932 2547 980 2580 ul’,

201 2594 239 2627 ὦς
251 2603 303 2622 που
314 2596 361 2622 καὶ
373 2597 388 2623 ό
406 2596 564 2627 ’Δπύστολος
573 2595 655 2629 λέγει·
670 2594 816 2628 Διαθήκην
837 2601 981 2627 προκεκυ-

197 2641 335 2676 ρωμένην
346 2642 405 2669 ὑπὸ
423 2642 496 2669 Θεοῦ
505 2641 580 2676 μετά
592 2641 644 2675 ἐτη
655 2642 711 2673 υλ¹,
724 2642 767 2673 εἰς
786 2639 818 2666 τὸ
833 2646 982 2674 καρποφο-

200 2686 290 2720 mium
316 2688 375 2722 τὴν
400 2686 596 2722 ἐπαγγελίαν·
620 2687 667 2713 καὶ
695 2686 819 2721 ἐπιφέρει
835 2693 842 2700 ·
876 2684 918 2717 Τῷ
946 2684 981 2711 δὲ

207 2731 332 2767 Ἀϐραὰμ
346 2733 383 2759 δι’
394 2733 573 2767 ἐπαγγελίας
590 2732 750 2766 ἐχαρίσατο
771 2732 788 2757 ό
802 2731 882 2762 Θεός.
901 2730 980 2761 Είκδς

201 2774 257 2809 οὖν,
271 2778 312 2804 ὅτι
327 2778 356 2805 ιν
373 2777 421 2814 μὲν
445 2779 478 2813 τῇ
495 2776 633 2812 Χαναναία
654 2781 700 2804 σιε’
718 2776 893 2812 παρῴκησαν,
908 2776 936 2802 ὲν
951 2775 979 2802 δὲ

237 2855 259 2873 ¹¹¹
271 2854 356 2883 Exod.
373 2863 428 2884 ιη.

669 179 804 208 SPURIA.
824 194 858 200 —
876 178 1051 208 COMMENT.
1072 177 1106 206 IN
1124 176 1372 206 HEXAEMERON.

469 2855 489 2872 "
500 2854 586 2884 Exod.
598 2864 676 2883 xvm.
715 2855 736 2871 "
750 2854 824 2882 Deut.
838 2861 893 2882 ιιν.
939 2854 961 2870 ¹⁶
973 2851 1037 2881 Gen.
1053 2861 1097 2881 xv.

1772 179 1824 208 790

1010 242 1030 271 Α
1047 237 1193 264 humanam
1227 236 1387 271 sapientiam
1421 244 1574 272 superans.
1600 245 1649 273 per
1680 246 1740 266 eum
1776 240 1822 274 qui

1044 283 1103 310 sine
1125 289 1174 317 spe
1196 281 1251 309 ulla
1269 281 1408 310 medicina
1428 283 1550 318 peccavit
1563 282 1730 312 Pharaonem
1746 285 1822 320 signa

1043 335 1141 362 magna
1171 327 1300 359 ostendit,
1333 334 1396 355 eum
1424 327 1471 362 qui
1499 329 1633 364 supplicio
1657 329 1756 365 dignus
1780 334 1823 359 est

1043 373 1196 407 castigans,
1221 377 1250 400 et
1279 379 1326 400 eos
1353 372 1400 407 qui
1426 373 1465 400 illi
1497 374 1642 402 succedent
1671 375 1766 404 fovens
1793 379 1822 405 et

1043 425 1154 451 sanans,
1180 418 1275 446 salutis
1302 419 1470 454 punitionem
1489 419 1562 448 illius
1585 421 1715 450 exhibens
1740 429 1821 458 argn-

1042 468 1173 492 mentum.

1077 510 1170 544 Itaque
1190 509 1298 538 Pharao
1310 511 1331 527 "
1355 511 1483 539 universo
1506 512 1626 540 exercitu
1648 517 1796 542 convocato
1809 534 1817 547 ,

1041 555 1167 583 canibus
1182 555 1316 588 ducentis,
1333 556 1453 591 equitatu
1469 556 1502 584 ad
1515 557 1624 592 triginta
1652 559 1746 592 millia,
1771 567 1819 588 su-

1041 600 1200 634 perveniens
1215 600 1350 629 lsraelitas
1365 602 1539 636 sequebatur,
1554 603 1600 638 qui
1618 610 1692 631 mare
1713 603 1817 638 Rubro.

1041 644 1079 671 ita
1092 643 1205 678 iubente
1221 643 1285 677 Deo,
1302 645 1329 673 in
1345 646 1413 674 duas
1424 651 1515 681 partes
1529 647 1617 675 diviso
1630 656 1677 683 per
1688 647 1818 685 Moysen,

1041 689 1093 716 iter
1105 689 1250 723 habebant,
1267 694 1294 718 et
1304 690 1424 726 Egyptii
1441 699 1551 720 aversos
1576 701 1624 721 eos
1648 693 1816 730 invadentes,

1041 733 1162 762 immersi
1173 738 1246 767 sunt,
1263 735 1360 763 baculo
1376 736 1467 772 Moyse
1479 738 1656 773 percutiente.
1682 743 1710 767 et
1733 747 1817 776 aquas

1040 778 1068 806 in
1089 787 1172 806 unum
1185 784 1374 816 congregante.

1075 823 1189 852 Postero
1200 823 1244 852 die
1250 824 1437 861 Egyption
1445 834 1518 855 arma
1525 827 1558 856 ad
1565 828 1763 858 multitudinem
1768 829 1817 858 Ju-

1040 870 1158 898 dzorum
1167 878 1265 906 aquam
1274 876 1354 900 vento
1362 872 1486 908 pellente,
1495 874 1582 901 delata
1593 879 1666 902 sunt.
1674 875 1817 912 EtMoyses

1006 907 1027 934 Β
1041 915 1092 943 hoc
1105 923 1212 951 quoque
1222 917 1314 944 divina
1328 907 1498 946 Providentia
1509 920 1655 956 contigisse
1665 925 1741 950 ratus
1756 907 1818 950 illis

1040 968 1072 989 ea
1084 961 1135 989 sibi
1149 968 1307 996 comparare
1316 962 1464 994 mandavit.
1476 971 1511 991 ne
1536 964 1595 993 sine
1613 966 1695 994 armis
1716 966 1815 995 forent.

1041 1005 1190 1034 Deveniunt
1203 1007 1310 1035 tandem
1323 1007 1351 1035 in
1368 1008 1504 1037 desertum
1520 1009 1553 1038 “.

1075 1093 1108 1120 Et
1122 1093 1268 1129 Raguelus,
1290 1094 1347 1122 sive
1364 1094 1466 1128 lothor,
1484 1099 1600 1131 utraque
1624 1097 1698 1125 enim
1721 1098 1815 1134 appel-

1039 1138 1140 1166 latione
1155 1140 1373 1174 nuncupabatur,
1385 1142 1459 1169 venit
1474 1141 1507 1169 ad
1532 1141 1660 1178 Moysem.
1686 1143 1724 1171 illi
1747 1151 1816 1172 uxo-

1039 1191 1096 1211 rem
1112 1184 1235 1220 ﬁliosque
1248 1185 1376 1218 aﬂerens;
1386 1186 1433 1221 qui
1447 1194 1508 1214 cum
1521 1190 1607 1214 totum
1624 1186 1670 1215 Dei
1685 1188 1816 1217 adversus

1039 1227 1182 1264 Egyptios
1201 1237 1270 1264 opus
1281 1230 1440 1259 admirabile
1451 1231 1582 1265 audisset.
1599 1233 1814 1268 obstupefactus,

1037 1275 1151 1310 gloriam
1165 1275 1240 1303 dedit
1257 1276 1320 1304 Deo.
1343 1277 1408 1304 Erat
1431 1285 1497 1305 vero
1515 1278 1570 1311 hic,
1599 1282 1628 1306 ut
1653 1278 1753 1312 ferunt,
1781 1287 1816 1308 ex

1038 1320 1175 1348 Abraham
1196 1322 1340 1354 oriundus,
1356 1329 1389 1350 ex
1411 1331 1465 1351 uno
1485 1323 1611 1357 ﬁliorum,
1622 1333 1691 1360 quos
1715 1325 1760 1353 ille
1781 1333 1815 1353 ex

1037 1365 1171 1394 Chettura
1184 1367 1290 1400 habuit,
1304 1372 1400 1402 natus;
1413 1376 1445 1396 ex
1452 1368 1610 1397 Jezanenim
1622 1376 1702 1399 natus
1711 1375 1753 1401 est
1761 1371 1824 1399 lla--

1038 1412 1101 1444 dan,
1115 1413 1227 1448 Raguel,
1243 1413 1333 1441 lothor
1347 1418 1373 1441 et
1387 1413 1471 1441 Obab.
1489 1413 1566 1441 Hunc
1589 1414 1704 1451 Moyses,
1717 1417 1755 1443 uti
1767 1424 1816 1452 par

1037 1461 1106 1490 erat,
1118 1458 1283 1492 perhumane
1296 1462 1434 1493 acceptum
1447 1459 1474 1486 in
1491 1459 1601 1495 propria
1615 1460 1674 1487 loca
1701 1460 1815 1489 dimisit.

1074 1542 1173 1571 Verum
1187 1543 1293 1579 Moyses
1311 1544 1344 1577 ι’,
1360 1544 1453 1572 multis
1476 1545 1580 1580 legibus
1607 1546 1725 1574 maximo
1751 1554 1814 1575 cum

1035 1589 1220 1616 emolumento
1235 1588 1335 1616 Iudaeis
1347 1589 1420 1622 latis,
1432 1593 1556 1617 mortuus
1569 1594 1620 1622 est,
1633 1592 1720 1619 aetatis
1731 1599 1816 1620 anno-

1036 1642 1096 1661 rum
1107 1641 1170 1668 cn,
1191 1638 1217 1662 et
1230 1634 1309 1662 Jesus
1322 1634 1393 1662 ﬁlius
1401 1634 1473 1662 Nave
1485 1635 1623 1670 copiarum
1639 1636 1736 1663 ductor
1753 1645 1816 1665 suc-

1035 1680 1117 1712 cedit,
1134 1684 1160 1707 et
1176 1680 1303 1715 populum
1317 1681 1344 1707 in
1360 1680 1531 1708 solitudinem
1543 1681 1815 1717 annosquadragintu

1034 1729 1232 1752 commoratum
1245 1725 1348 1758 eduxit,
1363 1725 1391 1752 in
1404 1733 1458 1760 qua
1472 1725 1561 1752 adhuc
1570 1724 1724 1753 Iudaeorum
1737 1727 1813 1754 babi-

1034 1769 1145 1796 tationis
1159 1770 1271 1804 vestigia
1299 1770 1403 1805 integra
1422 1773 1580 1797 cernuntur.
1601 1769 1653 1804 Qui
1676 1770 1748 1798 enim
1774 1772 1814 1799 vi-

1035 1815 1111 1842 sendi
1122 1822 1205 1843 causa
1219 1816 1253 1842 ad
1269 1815 1313 1842 illa
1322 1815 1381 1842 loca
1392 1815 1504 1850 profecti
1518 1818 1592 1848 sunt,
1608 1815 1697 1843 adhuc
1712 1816 1814 1845 formas

1035 1861 1210 1887 tentoriorum
1227 1859 1339 1888 inﬁnitae
1353 1860 1536 1888 multitudinis
1558 1861 1679 1895 conspici
1706 1868 1813 1888 asseve-

1034 1909 1106 1938 rant,
1121 1910 1148 1934 et
1157 1904 1279 1934 Sinaium
1303 1909 1422 1934 montem
1436 1907 1524 1934 adhuc
1534 1909 1616 1938 stare,
1631 1906 1659 1933 in
1673 1913 1728 1941 quo
1741 1907 1813 1942 leges

1035 1952 1141 1988 Moyses
1151 1952 1266 1987 accepit,
1293 1956 1321 1980 et
1348 1959 1516 1987 quacunque
1543 1952 1680 1987 sigillatim
1703 1953 1812 1988 scriptis

1033 1999 1141 2035 prodita
1152 2004 1224 2027 sunt.

1068 2044 1248 2078 Quaerendum
1264 2048 1353 2070 tamen
1365 2046 1406 2070 est
1418 2052 1425 2070 :
1437 2042 1543 2082 Hebraei
1558 2043 1586 2070 in
1600 2043 1718 2080 Egypto
1732 2043 1812 2073 habi.

1032 2094 1125 2117 tarunt
1139 2089 1218 2116 annis
1234 2095 1297 2116 cccc
1310 2092 1336 2116 et
1347 2096 1400 2115 xxx
1424 2092 1451 2115 et
1462 2096 1515 2116 non
1539 2089 1694 2123 quindecim
1713 2093 1740 2117 et
1760 2096 1811 2123 cc;

1032 2143 1095 2162 nam
1111 2138 1264 2168 temporum
1280 2133 1437 2161 continuata
1452 2133 1609 2168 descriptio.
1624 2141 1691 2160 ccxv
1712 2134 1810 2168 innuit,

1033 2180 1080 2208 sed
1096 2180 1235 2214 Scriptura
1249 2186 1368 2206 ccccxu
1380 2187 1388 2207 :
1404 2179 1442 2205 ait
1456 2186 1572 2213 namque
1582 2179 1605 2194 “
1618 2188 1625 2205 :
1640 2171 1812 2213 Peregrinum

997 2228 1020 2255 D
1035 2226 1084 2252 erit
1097 2233 1183 2252 semen
1202 2224 1316 2251 Abrahae
1331 2225 1358 2250 in
1374 2228 1443 2250 terra
1457 2223 1544 2250 aliena
1563 2231 1644 2250 annos
1656 2231 1784 2251 ccccxxx.

1068 2270 1188 2297 Primum
1212 2271 1304 2305 itaque
1333 2269 1543 2300 observandum,
1566 2276 1621 2296 non
1644 2268 1758 2301 dixisse,
1785 2269 1812 2296 in

1034 2313 1158 2352 Egyplo,
1170 2316 1216 2343 sed
1227 2317 1252 2342 in
1270 2320 1339 2342 terra
1358 2316 1444 2341 aliena
1464 2315 1627 2350 peregrinum
1652 2315 1701 2341 erit
1726 2323 1813 2342 semen

1033 2363 1156 2390 Abrahae.
1185 2362 1280 2389 Aliena
1303 2366 1393 2388 autem
1420 2365 1481 2389 erat
1506 2365 1533 2389 et
1564 2365 1637 2388 terra
1663 2360 1812 2394 Chanaam,

1033 2416 1114 2443 quam
1129 2407 1260 2434 habitavit
1271 2406 1357 2438 lsaac,
1369 2407 1416 2441 qui
1437 2414 1493 2442 pm
1503 2406 1630 2434 omnibus
1649 2407 1705 2441 ipse
1718 2414 1812 2433 semen

1032 2453 1147 2481 Abraha:
1160 2457 1218 2480 erat
1232 2452 1371 2480 eximium.
1387 2452 1451 2479 Erat
1472 2453 1572 2487 quippe
1597 2451 1679 2479 ﬁlius.
1699 2451 1814 2479 Manife-

1033 2504 1104 2526 stum
1120 2499 1210 2533 itaque
1229 2501 1281 2531 est,
1298 2506 1346 2526 eos
1370 2501 1515 2533 antequam
1542 2501 1715 2525 externorum
1733 2502 1813 2526 terrae

1033 2545 1155 2572 heredes
1175 2544 1240 2571 facti
1265 2543 1391 2576 fuissent,
1411 2543 1569 2578 peregrinos
1594 2542 1703 2578 palasse
1725 2549 1813 2570 annos

1032 2600 1162 2624 ccccnx,
1177 2590 1403 2627 quemadmodum
1412 2590 1594 2625 elApostolus
1606 2589 1644 2616 ait
1656 2589 1679 2605 ¹¹
1695 2599 1701 2617 :
1721 2588 1811 2616 Testa-

1033 2644 1147 2665 mentum
1159 2637 1413 2672 prwdelerminalum
1427 2645 1442 2662 a
1453 2636 1506 2662 Deo
1518 2640 1575 2670 post
1587 2643 1669 2662 annos
1683 2642 1812 2667 ccccxxx,

1032 2687 1061 2709 ut
1077 2683 1249 2718 fructiﬁcaret
1263 2681 1420 2716 promissio:
1443 2685 1470 2709 et
1488 2681 1588 2715 subdit,
1614 2681 1747 2708 Abraham
1764 2689 1813 2707 au-

1033 2734 1084 2756 tem
1101 2737 1147 2763 per
1168 2728 1367 2763 promissionem
1390 2727 1463 2754 dedit
1491 2728 1571 2755 Deus.
1593 2726 1812 2754 Consentaneum

1033 2775 1124 2810 itaque
1137 2777 1190 2806 est,
1207 2781 1254 2801 eos
1271 2774 1299 2800 in
1311 2773 1463 2801 Chananaa
1478 2772 1614 2801 habitasse
1624 2779 1711 2800 annos
1732 2779 1810 2804 cexv.

1150 2853 1172 2869 "
1190 2851 1250 2880 (vel.
1267 2859 1305 2880 ιιι.
