2143 3163
373 175 426 204 795

1036 168 1159 198 LEONIS
1175 169 1312 197 ALLATII

1919 163 1968 194 ἴω

377 246 1965 274 ww

845 326 1126 392 LEONIS

1170 323 1493 389 ALLATH

1149 451 1183 474 IN

475 501 863 592 EUSTATHiI
884 599 885 602 η
902 529 990 587 AN
1003 526 1344 584 TIOCHENI
1383 525 1865 585 HEXAEMERON

781 648 906 682 ΝοΤιΕ
932 645 1165 680 UBERIORES
1177 645 1235 676 ET
1247 645 1558 679 COLLECTANEA.

403 774 462 802 Col.
474 773 535 805 701,
551 772 578 799 ln
597 770 720 805 inscript.
746 768 922 798 Εὐσταθιου.
948 767 986 794 De
1003 766 1144 794 Eustathio
1159 768 1182 796 Δ
1195 767 1296 794 tionem
1322 770 1448 802 exponat,
1467 766 1513 794 ubi
1538 767 1609 795 hanc
1630 772 1724 795 curam
1751 765 1804 795 sibi
1818 765 1907 804 fuisse
1925 764 1973 794 de-

370 819 551 849 Antiouheno,
561 820 587 844 et
597 817 656 852 ejus
671 815 790 850 scriptis.
797 815 872 849 plura
882 814 908 840 in
921 812 1077 848 praefatione
1087 819 1146 839 mea

371 866 405 893 ad
422 866 561 892 lectorem.
578 862 628 890 llic
641 862 694 889 duo
707 864 822 891 tantum,
840 867 900 894 quae
915 859 950 885 ibi
967 858 1092 885 consulto
1107 857 1147 885 si-

371 911 455 938 lentio
473 908 631 945 pmtermisi
657 906 796 933 tractanda
829 905 957 938 suscipio.
976 903 1008 930 Et
1031 903 1147 939 primum

370 956 423 984 erit
446 954 592 982 discrimen
616 952 686 980 inter
705 951 778 978 hunc
790 953 912 977 nostrum
925 949 1105 981 Eustatliium,
1120 951 1149 974 et

371 1002 453 1029 alium
472 999 653 1030 Eustathium,
674 997 719 1032 qui
746 995 837 1022 Basilii
860 994 947 1030 Magni
967 994 1146 1022 Hexaemeron

371 1048 401 1076 in
416 1047 538 1082 linguam
551 1045 673 1071 Latinam
689 1042 832 1071 convertit.
844 1040 1008 1071 Secundum.
1022 1040 1148 1067 ostende-

371 1100 432 1122 mus
459 1096 595 1119 auctorem
621 1091 694 1117 hunc
708 1087 977 1122 nostrum,quisquis
998 1086 1042 1112 ille
1058 1085 1147 1116 fuerit,

374 1139 460 1167 fuisse
484 1136 705 1172 antiquissimum
732 1135 783 1169 ipsi
816 1132 955 1160 Eustathio
981 1131 1149 1158 Antioclieno

371 1191 501 1212 coavum.
516 1182 548 1209 Et
565 1189 631 1209 sane
649 1180 712 1207 dum
729 1180 819 1206 animo
833 1185 864 1206 ea
879 1185 938 1213 quas
953 1177 980 1204 in
996 1177 1047 1203 hoc
1060 1176 1150 1203 libello

371 1230 556 1258 continentur.
574 1227 714 1261 agitarem,
732 1224 934 1258 inveniremque
948 1221 1040 1249 Basilii
1060 1220 1149 1256 Magni

372 1274 525 1305 sententiis,
543 1273 686 1307 verbisque
708 1278 790 1306 super
803 1270 897 1297 eadem
915 1268 1027 1295 materia
1045 1267 1150 1295 similli-

373 1330 418 1350 ma
439 1330 500 1357 qua
524 1321 569 1348 hic
598 1320 744 1349 habentur,
760 1318 805 1345 diu
824 1325 867 1343 me
882 1316 961 1343 torsit
974 1314 1109 1350 quomodo
1124 1314 1149 1340 id

374 1369 432 1397 ﬂeri
455 1367 554 1403 potuit,
572 1370 601 1393 ut
626 1365 667 1393 vel
690 1364 807 1391 Basilius
821 1363 856 1390 ab
873 1361 1026 1394 Eustathio,
1041 1360 1082 1387 vel
1097 1359 1151 1386 Eu-

374 1414 491 1443 stathius
510 1421 525 1440 a
539 1411 650 1444 Basilio,
668 1417 782 1444 uterque
794 1412 821 1435 ct
836 1409 862 1434 in
885 1407 1001 1434 dicendo
1020 1405 1152 1440 peritissi-

375 1468 446 1493 mus,
457 1466 508 1486 nec
524 1458 617 1485 alienae
630 1455 791 1484 elocutionis
808 1453 929 1481 subsidio
947 1452 1080 1487 indigens,
1092 1458 1152 1478 eas—

374 1506 436 1534 dem
466 1504 630 1536 sentenlias,
652 1506 679 1530 et
704 1501 802 1533 verba,
830 1500 986 1534 luminaque
1019 1497 1151 1526 orationis

374 1551 456 1579 fuerit
472 1553 619 1577 mutuatus.
633 1547 789 1583 Sigebertus
801 1547 847 1573 lib.
865 1545 903 1572 De
920 1544 1068 1572 illustribus
1083 1543 1151 1570 scri-

374 1596 492 1632 ptoribus
511 1594 698 1625 ecclesiaticis,
710 1599 770 1626 cap.
783 1592 828 1624 2|,
846 1592 872 1618 in
890 1591 940 1618 hac
953 1598 982 1618 re
997 1590 1082 1624 magis
1095 1588 1153 1615 ani-

375 1651 447 1670 mum
472 1642 583 1669 dubium
611 1639 736 1668 faciebat.
751 1638 816 1666 dum
833 1638 974 1668 scriberet.
995 1635 1152 1663 Eustathius

376 1688 513 1715 transtulit
529 1687 560 1714 de
574 1686 664 1713 Gra'co
675 1686 702 1712 in
716 1684 839 1710 Latinum
858 1682 1042 1710 Hexaemeron
1056 1681 1153 1708 Basilii

374 1733 558 1762 Ctt'uriensis.
569 1731 675 1765 Quibus
691 1729 855 1757 Possevinus
867 1727 894 1754 in
902 1725 1041 1760 Apparatu
1049 1727 1150 1754 lueret:

375 1778 450 1812 Quod
473 1785 532 1804 vero
557 1776 704 1810 Sigebertus
728 1774 811 1809 inquit
847 1782 874 1799 m
895 1771 1032 1806 Catatogo,
1054 1771 1153 1798 Eusta-

376 1825 458 1851 thium
474 1824 501 1850 in
521 1822 644 1849 Latinum
666 1820 834 1847 translulisse
853 1818 1038 1846 Hexaemeron
1057 1817 1151 1844 Basilii

375 1868 555 1898 Caesariensis,
574 1867 660 1893 nescio
678 1865 709 1891 de
732 1871 843 1899 quonam
861 1864 942 1889 dicat.
960 1861 1151 1888 Existimabam

376 1912 545 1950 Sigehertum
554 1913 759 1942 hallucinatum,
766 1914 793 1937 et
803 1909 972 1936 Eustathium
982 1908 1071 1942 potius
1079 1914 1152 1934 com-

376 1960 527 1994 pilatorem,
537 1959 593 1985 sive
601 1957 803 1992 epitomatorem
814 1954 904 1989 operis
916 1953 1043 1980 Basiliani
1058 1952 1151 1982 fuisse.

375 2013 430 2032 non
445 2005 628 2038 interpretem.
641 2002 739 2029 Verum
757 2008 772 2027 a
788 1999 921 2027 sententia
935 1998 1074 2026 detorsere
1086 1997 1153 2024 Cas-

376 2050 502 2079 siodorus
526 2050 574 2076 lib.
599 2049 635 2076 De
660 2047 823 2075 institutione
837 2046 985 2072 divinarum
1000 2043 1152 2077 Scriptura-

1196 811 1350 838 mandatam
1377 811 1484 842 asserit,
1503 815 1531 838 ut
1554 819 1622 847 opus
1650 811 1756 840 scilicet
1774 812 1864 840 sancti
1878 810 1973 839 Basilii

1196 857 1316 891 episcopi
1341 855 1434 884 Graeco
1455 865 1579 885 sermone
1592 858 1776 892 conscriptum
1791 857 1974 884 monumentis

1197 902 1293 936 lingua:
1309 901 1421 930 Latialis
1438 903 1579 935 insereret,
1595 910 1611 929 a
1627 902 1779 939 Syncletlca
1802 902 1972 933 diaconissa,

1197 948 1240 975 cui
1252 952 1279 975 et
1294 949 1393 983 paruit,
1408 952 1435 976 et
1450 956 1558 983 operam
1573 956 1648 976 suam
1661 949 1775 977 ﬁdeliter
1787 948 1921 976 exhibuit.

1232 995 1346 1028 Quidam
1361 996 1617 1030 aﬂirmarunthujus
1629 995 1788 1031 Syncletica
1800 994 1972 1024 diaconissa.

1197 1040 1231 1067 ad
1251 1048 1332 1075 quam
1355 1039 1514 1069 Eustathius
1529 1048 1607 1068 suum
1621 1048 1690 1075 opus
1704 1039 1806 1075 dirigit.
1818 1038 1975 1066 meminisse

1199 1084 1350 1119 Sedulium,
1372 1086 1519 1122 multisque
1540 1093 1598 1114 eam
1614 1089 1785 1122 prosecutum
1807 1084 1934 1112 laudibus
1947 1083 1975 1110 in

1198 1132 1356 1167 praefatione
1377 1133 1467 1167 operis
1493 1131 1642 1159 Paschalis.
1665 1130 1731 1164 Quae
1756 1130 1780 1158 si
1811 1137 1875 1158 vera
1899 1131 1974 1160 sunt,

1199 1177 1369 1206 Eustatliiuzn
1390 1178 1563 1213 interpretem
1587 1175 1697 1204 Sedulio
1711 1183 1832 1203 comm
1855 1178 1976 1209 tempore

1199 1225 1344 1254 Theodosii
1360 1224 1483 1254 ﬂoruisse
1504 1222 1660 1251 necessario
1674 1220 1810 1249 fatendum
1820 1223 1872 1252 est.
1887 1219 1975 1253 maxi-

1200 1279 1298 1307 meque
1325 1278 1373 1299 eos
1399 1270 1488 1305 decipi
1513 1270 1559 1305 qui
1586 1268 1717 1296 Junilium
1738 1275 1772 1295 eo
1795 1266 1975 1302 antiquiorem

1200 1318 1378 1349 constituunt,
1402 1324 1464 1344 cum
1486 1314 1582 1343 Junilii
1611 1317 1639 1342 et
1666 1312 1769 1341 Sedulii
1785 1316 1908 1347 tempora
1921 1317 1977 1339 non

1200 1363 1314 1389 multum
1330 1361 1441 1388 distent.

1237 1406 1290 1434 Sed
1312 1407 1345 1434 de
1364 1405 1532 1433 Antiocheno
1545 1407 1655 1431 auctore
1668 1402 1750 1437 huius
1764 1404 1908 1432 tractatus,
1922 1407 1977 1435 quo

1203 1455 1305 1482 scilicet
1329 1456 1449 1488 tempore
1463 1451 1570 1482 vixerit,
1587 1455 1738 1478 sermonem
1751 1448 1904 1478 instituere.
1915 1453 1978 1473 cum

1202 1502 1370 1534 compertum
1385 1498 1421 1526 sit
1433 1498 1459 1524 in
1474 1496 1600 1528 historia,
1618 1502 1706 1530 opera:
1720 1494 1837 1529 pretium
1857 1498 1913 1520 non
1924 1494 1977 1519 est.

1201 1547 1394 1581 Argumentum
1408 1548 1499 1571 tamen
1513 1541 1743 1571 evidentissimum
1761 1539 1833 1567 illius
1846 1538 1934 1566 aetatis
1948 1537 1978 1564 in

1201 1580 1253 1618 hoc
1269 1590 1328 1625 ipso
1340 1596 1420 1624 opere
1436 1587 1566 1615 habemus
1582 1593 1642 1621 pag.
1656 1585 1700 1616 85.
1715 1583 1772 1616 ubi,
1790 1590 1852 1611 cum
1875 1580 1908 1609 de
1925 1580 1979 1608 ﬁne

1201 1640 1228 1664 et
1250 1634 1483 1662 consummatione
1498 1632 1579 1667 hujus
1599 1630 1692 1658 mundi
1710 1628 1922 1663 disputationem
1937 1626 1980 1653 in-

1201 1682 1343 1713 stituisset.
1356 1687 1435 1716 quem
1450 1683 1554 1706 tantum
1571 1678 1604 1705 ad
1620 1684 1751 1704 annorum
1767 1682 1815 1703 sex
1828 1674 1913 1701 millia
1927 1673 1979 1700 du-

1201 1731 1324 1755 raturum
1344 1725 1531 1755 contendebat,
1547 1728 1574 1751 et
1589 1726 1743 1750 accuratam
1758 1726 1892 1747 annorum
1910 1725 1979 1746 εῐιυ-

1201 1772 1376 1799 merationem
1389 1772 1607 1805 prosequeretur.
1625 1770 1654 1794 ut
1668 1766 1714 1801 qui
1727 1764 1904 1801 praeterierat.
1912 1761 1979 1797 quid

1202 1817 1290 1844 adhuc
1300 1815 1418 1843 futurum
1430 1818 1521 1850 posset
1528 1813 1677 1848 exspectari
1689 1811 1787 1846 legenti
1799 1809 1977 1845 significaret.

1202 1870 1281 1890 suum
1296 1864 1450 1895 computum
1462 1860 1494 1886 ad
1513 1859 1680 1886 tricesimum
1694 1864 1794 1884 annum
1807 1853 1978 1883 Constantini

1202 1909 1266 1942 imp.
1280 1907 1436 1942 perductum
1452 1905 1519 1936 ﬁnit,
1532 1905 1599 1931 alios
1613 1910 1700 1931 annos
1709 1902 1925 1938 praetermittens.
1939 1899 1980 1927 Si-

1201 1960 1282 1987 gnum
1293 1959 1357 1987 ergo
1368 1951 1431 1978 dum
1443 1950 1499 1977 haec
1507 1950 1550 1976 hic
1562 1953 1656 1976 auctor
1670 1949 1811 1980 scriberet,
1819 1954 1907 1974 annos
1917 1951 1978 1973 tanv

1202 2002 1258 2024 tum
1268 2000 1421 2024 numeratos
1433 2003 1482 2023 nec
1491 1995 1582 2030 plures
1594 1995 1676 2022 fuisse
1682 1995 1800 2029 elapsos,
1807 1999 1876 2028 quos
1885 1991 1980 2026 utique

1202 2052 1255 2071 non
1272 2043 1420 2076 tacuisset;
1436 2041 1463 2069 id
1478 2040 1549 2069 enim
1565 2044 1623 2068 erat
1636 2040 1709 2067 illius
1723 2038 1890 2067 institutum.
1902 2035 1979 2070 Quod

376 2104 435 2122 rum
447 2103 457 2122 :
472 2094 608 2125 Geneseos,
635 2093 733 2128 inquit,
760 2091 887 2126 principia
902 2095 1008 2117 sanctus
1034 2088 1152 2115 Basilius
1165 2097 1186 2126 ο
1203 2090 1267 2117 mihi
1284 2090 1351 2118 satis
1366 2095 1500 2123 superque
1513 2092 1564 2119 est,
1579 2088 1602 2114 si
1616 2087 1722 2114 vivente
1730 2083 1910 2112 Constantino
1922 2082 1978 2110 haec

375 2140 462 2167 Attico
477 2147 592 2166 sermone
610 2137 744 2167 lucidavit,
760 2144 834 2171 quem
853 2134 1007 2162 Eustathius
1019 2134 1057 2160 air
1067 2133 1150 2160 diser-

376 2185 491 2211 tissimus
511 2184 549 2210 ita
571 2182 704 2209 transtulit
720 2183 746 2208 in
760 2180 893 2213 Latinum,
910 2185 938 2206 ut
955 2180 1085 2215 ingenium
1104 2179 1152 2205 do-

375 2229 486 2256 ctissimi
499 2229 548 2255 uiri
564 2228 694 2262 facundia:
704 2235 759 2254 sua:
770 2226 866 2253 viribus
879 2226 1053 2260 aequiparasse
1063 2224 1151 2251 vidca-

376 2279 439 2302 tur:
452 2275 496 2309 qui
510 2282 590 2308 usque
601 2274 634 2300 ad
649 2273 763 2299 hominis
780 2272 953 2298 conditionem
967 2278 1055 2298 nouem
1071 2269 1151 2296 libros

376 2320 483 2348 tetendit
497 2328 505 2352 ;
527 2324 554 2347 et
567 2319 684 2346 Junilius
708 2319 852 2354 episcopus
866 2317 1021 2348 Africanus,
1035 2316 1091 2343 sive
1105 2323 1153 2350 po-

376 2368 431 2394 tius
458 2365 541 2398 Beda,
564 2373 626 2392 nam
647 2364 764 2392 Iunilius
786 2363 848 2391 Afer
862 2362 1003 2389 Eustathio
1016 2362 1153 2395 antiquior

375 2411 461 2440 fuisse
474 2411 633 2446 quibusdam
650 2411 724 2438 visus
738 2414 790 2441 est,
806 2410 832 2436 in
845 2408 1000 2444 praefatione
1015 2406 1152 2434 Commen-

376 2458 439 2484 turti
464 2458 490 2483 in
515 2455 811 2490 Genes.:Deprinripio
835 2455 894 2481 libri
917 2453 1032 2484 Genesis,
1057 2453 1084 2479 in
1101 2460 1152 2487 quo

376 2503 466 2530 mundi
480 2503 555 2536 hujus
572 2503 670 2529 creatio
684 2502 813 2535 descripta
828 2505 876 2532 est,
893 2501 968 2527 multi
983 2500 1065 2526 multa
1078 2499 1152 2526 dixe-

376 2557 414 2579 re.
422 2553 446 2575 et
455 2548 537 2574 multa
547 2549 657 2581 posteris
669 2548 764 2582 ingenii
778 2548 818 2574 sui
834 2551 1000 2574 monumenta
1015 2546 1149 2580 reliquere.

377 2593 428 2621 Sed
443 2594 582 2627 pra-cipue,
604 2598 729 2628 quantum
755 2599 844 2620 nostra
867 2592 1070 2627 pusillanimitas
1095 2590 1152 2618 edi-

374 2647 444 2666 scere
463 2639 557 2671 potuit,
579 2638 695 2665 Basilius
709 2638 889 2671 Casariensis,
908 2646 982 2673 quem
998 2636 1150 2664 Eustathius

375 2684 502 2718 interpres
525 2683 557 2710 de
574 2683 664 2711 Greece
684 2684 745 2718 fecit
758 2692 812 2711 esse
827 2683 961 2711 Latinum.
980 2682 1151 2710 Manifestum

375 2729 466 2765 itaque
491 2730 662 2757 Eustathium
683 2731 765 2763 hunc,
783 2730 829 2766 qui
855 2731 881 2757 in
903 2729 1031 2757 vertendo
1050 2727 1150 2755 Basilio

376 2775 494 2802 laborem
510 2776 664 2810 insumpsit,
674 2776 755 2802 alium
770 2784 830 2804 esse
842 2775 877 2802 ab
887 2774 1028 2802 Eustathio
1039 2774 1091 2800 hoc
1102 2781 1150 2800 no-

376 2826 442 2850 atro.
459 2827 519 2847 cum
533 2824 559 2848 et
575 2821 647 2848 illius
663 2821 785 2848 versibus
800 2821 870 2848 edita
891 2821 935 2851 sit.
947 2824 974 2847 et
994 2820 1105 2854 ipsemet
1122 2819 1149 2845 in

375 2865 532 2901 pmfatione
553 2873 609 2894 sua
634 2867 766 2894 versionis
781 2873 892 2901 scopum
915 2873 1004 2898 suum,
1018 2869 1044 2893 et
1063 2865 1150 2892 inten—

1201 2136 1399 2167 scribellantur,
1416 2134 1540 2170 quamvis
1568 2137 1664 2161 auctor
1690 2131 1737 2159 diu
1758 2131 1841 2158 vitam
1865 2129 1978 2157 trahent

1201 2185 1308 2216 tempus
1320 2181 1384 2208 illud
1398 2179 1555 2207 excesserit.

1235 2227 1304 2254 lbid.
1319 2229 1371 2259 Εις
1381 2226 1436 2261 τὴν
1444 2225 1632 2260 Ἐξαήμερον.
1641 2222 1824 2251 Hexaemeron
1836 2220 1922 2248 Graeci
1931 2227 1975 2248 vo-

1201 2278 1308 2306 carunt,
1332 2274 1450 2308 spatium
1472 2272 1538 2299 illud
1562 2279 1608 2298 sex
1633 2270 1750 2301 dierum,
1780 2275 1836 2303 quo
1859 2265 1978 2300 mundus

1201 2320 1326 2347 conditus
1355 2324 1382 2346 et
1408 2318 1556 2345 fabricatus
1581 2316 1719 2349 fuit;non
1752 2313 1823 2351 quod
1849 2311 1979 2347 temporis

1201 2366 1289 2400 spatio
1301 2372 1370 2399 opus
1385 2364 1509 2391 habuerit
1520 2362 1654 2393 conditor,
1665 2360 1736 2388 Deus
1747 2360 1819 2388 enim
1830 2366 1886 2386 non
1897 2359 1977 2393 jussu

1201 2415 1316 2442 tantum,
1332 2411 1379 2438 sed
1392 2414 1418 2437 et
1431 2409 1549 2445 cogitatu
1560 2413 1698 2443 operatur,
1707 2405 1754 2434 sed
1769 2405 1898 2441 quoniam
1909 2410 1978 2439 opus

1200 2461 1259 2484 erat
1274 2464 1318 2484 res
1339 2456 1425 2483 creari
1447 2455 1562 2490 quodam
1575 2453 1669 2482 ordine
1685 2461 1693 2480 :
1709 2452 1798 2480 ordini
1818 2456 1908 2483 autem
1927 2456 1979 2477 nu-

1201 2510 1293 2530 merus
1306 2507 1347 2530 est
1360 2501 1494 2537 proprius.
1510 2499 1587 2527 Philo
1601 2499 1721 2530 Iudaeus,
1741 2497 1779 2525 De
1798 2496 1890 2524 mundi
1901 2494 1979 2530 opili-

1201 2548 1240 2574 cio
1250 2555 1258 2573 :
1267 2547 1316 2579 Ἓξ
1325 2547 1347 2574 δ’
1358 2547 1473 2582 ἡμέραις
1487 2544 1715 2581 δημιουργηθῆναι
1727 2551 1793 2579 φησι
1805 2542 1852 2569 τὸν
1866 2541 1977 2576 κόσμον,

1200 2593 1249 2620 οὐκ
1263 2592 1355 2627 ἐπειδὴ
1373 2591 1524 2628 προσεδεῖτο
1544 2590 1645 2626 χρόνων
1666 2590 1770 2624 μήκους
1782 2588 1796 2614 ὁ
1812 2586 1907 2618 ποιῶν.
1921 2586 1979 2620 ἃμα

1200 2639 1254 2674 γὰρ
1269 2639 1333 2674 δρᾷν
1349 2638 1420 2670 εἱχὺς
1442 2637 1517 2668 Θεὸν,
1537 2638 1566 2664 οὐ
1590 2636 1790 2672 προστάττοντα
1806 2634 1895 2670 μόνον.
1911 2632 1980 2660 ἀλλὰ

1200 2684 1247 2710 καὶ
1266 2683 1460 2718 διανοούμενον,
1476 2682 1533 2710 ἀλλ’
1557 2681 1649 2717 ἐπειδὴ
1673 2682 1730 2712 τοῖς
1750 2679 1905 2715 γενομένοις
1925 2678 1979 2705 ἔδει

1200 2729 1310 2762 τάξεως,
1328 2728 1401 2760 τάξει
1421 2728 1449 2754 δὲ
1463 2727 1576 2764 ἀριθμὸς
1591 2728 1688 2754 οἰκεῖον
1698 2746 1706 2758 ,
1726 2729 1755 2753 et
1774 2724 1911 2753 senarium
1924 2729 1977 2750 uu-

1201 2782 1305 2802 mernm
1331 2774 1401 2800 inter
1422 2773 1491 2800 alios
1512 2773 1570 2807 lege
1594 2776 1700 2800 natura:
1726 2778 1787 2800 esse
1809 2767 1979 2806 generationi

1203 2819 1371 2854 aptissimum
1386 2819 1479 2846 multis
1494 2819 1608 2853 explitat
1629 2818 1739 2846 ibidem.
1755 2815 1979 2849 Quotiescunque

1202 2863 1284 2899 igitur
1296 2863 1429 2898 quispiam
1445 2863 1478 2890 ad
1490 2862 1643 2891 enarranda
1657 2862 1702 2889 illa
1715 2869 1775 2897 qua
1787 2861 1818 2891 in
1828 2860 1876 2888 illo
1889 2859 1978 2896 spatio
