2143 3163
199 173 252 201 791

693 172 728 200 ΙΝ
745 171 930 201 EUSTATﬂll
955 170 1190 200 HEXAEMERON
1208 171 1324 200 NOTE.

1802 95 1819 115 Α

1761 171 1812 200 798

200 232 307 260 fuerunt
319 230 411 258 divina
422 230 550 258 facultate
563 230 704 266 producta,
718 231 838 259 studium
852 230 977 259 confere-
990 232 1013 261 Δ
1026 240 1043 265 χ

964 245 977 252 -
990 232 1013 261 Α
1026 231 1133 265 χρόνοις
1154 230 1278 266 ἀκμάσαι
1300 229 1370 257 κατὰ
1385 231 1488 264 Ἴναχον
1507 230 1760 266 είρήκασινσᾶνδρες
1781 232 1810 258 ὲν

200 276 254 308 bat.
276 278 304 303 in
331 276 512 303 Hexaemeron
540 277 660 304 scribere
680 277 834 307 dicebatur,
859 283 975 311 quorum

201 329 305 350 senium
329 325 388 349 toto
413 323 500 356 primo
527 321 664 350 Geneseos
681 322 771 357 capite
792 322 975 353 concluditur,

200 367 278 400 cujus
293 374 325 394 ea
339 367 390 393 fuit
404 367 475 401 apud
491 375 585 395 omnes
613 367 769 398 dillicnttas,
786 371 816 394 ut
834 368 911 395 multi
930 374 978 402 ag-

201 413 286 447 gressi
307 412 362 439 sint
384 411 450 439 illud
472 420 550 442 onus.
563 413 654 440 nullus
668 417 759 439 tamen
780 419 829 446 pro
848 412 979 448 dignitate

201 457 386 492 compleverit,
398 457 465 485 adeo
476 458 566 484 omnia
585 461 649 484 sunt
656 453 979 483 dil'licultatum‘tenebris

201 502 338 529 obvoluta.
354 501 517 537 Theophilus
530 502 716 529 Antiochenus
732 502 779 529 lib.
797 510 828 533 ιι,
846 501 880 528 ad
897 502 980 528 Auto-

203 547 288 582 lycum
302 555 312 574 :
325 548 379 583 Τῆς
405 547 454 583 μιν
473 545 520 574 οὖν
534 545 717 582 Ἐξαημέρου
732 547 818 578 οὐδεὶς
831 546 981 582 ἀνθρώπων

201 591 312 624 δυνατὸς
322 594 391 620 κατὰ
404 593 482 625 ἀξίαν
496 592 546 628 τὴν
560 592 690 628 ἐξήγησιν
705 593 751 618 καὶ
763 593 812 628 τὴν
827 593 981 628 οἰκονομίαν

202 637 291 664 πᾶσαν
307 638 429 670 ἐξειπεῖν,
444 638 505 664 οὐδὲ
516 639 541 664 εί
553 638 636 674 μυρία
651 637 771 672 στόματα
785 637 850 672 ἔχοι,
869 638 916 664 καὶ
933 646 982 672 μυ-

203 683 263 719 ρίας
286 683 418 717 γλώσσας,
434 684 490 710 ἀλλ’
504 683 563 710 οὐδὲ
578 684 601 709 εἰ
617 683 721 718 μυρίοις
736 683 808 709 ἔτεσι
825 682 916 717 βιώσοι
940 691 983 714 τις

202 728 340 763 ιπιδημῶν
365 729 394 755 ἐν
411 729 477 764 τῷδε
493 729 533 764 τῷ
553 728 611 764 βίῳ,
627 728 686 755 οὐδὲ
701 728 785 759 οὕτως
801 728 876 754 ἔσται
893 728 983 759 ἱκανὸς

201 773 268 808 πρὸς
279 773 365 800 ταῦτα
382 773 464 806 ἀξίως
474 783 500 800 τι
513 776 610 805 εἰπεῖν,
621 774 665 800 διὰ
677 774 709 800 τὸ
725 774 892 809 ὑπερῦἁλλον
907 773 984 809 μέγε-

201 818 246 850 θος
259 819 305 846 καὶ
321 819 368 846 ¹ςδν
393 819 506 846 πλοῦτον
521 819 571 854 τῆς
583 819 677 853 σοφίας
691 818 737 845 τοῦ
749 818 827 851 Θεοῦ,
842 819 890 854 τῆς
902 818 984 853 οΰσης

202 865 231 892 ὲν
246 865 330 900 ταύτῃ
346 866 379 900 τῇ
393 865 623 901 προγεγραμμένῃ
643 865 817 900 Ἑξαημέρφ·
830 865 922 892 πολλοὶ
936 865 984 900 μὲν

1026 274 1166 305 παιδεύσει
1180 275 1325 309 γνώριμοι,
1352 274 1475 309 Κλήμης,
1495 274 1666 311 Ἀφρικανὸς.
1682 274 1811 306 Τατιανὺς

1025 319 1073 346 τοῦ
1091 319 1151 346 καθ’
1166 319 1239 354 ἡμᾶς
1250 319 1340 353 λόγου,
1357 317 1412 344 τῶν
1424 327 1453 344 τε
1469 319 1501 345 ὲκ
1511 318 1807 354 περιτομῆςΊώση-πος,

1027 365 1074 392 καὶ
1093 364 1219 396 Ἰοῦστος,
1238 364 1309 395 iam;
1325 363 1435 390 Exeo-tot
1445 363 1491 398 τὴν
1502 363 1636 396 ἀπόδειξιν
1647 365 1679 390 ἐκ
1690 364 1809 395 παλαιᾶς

1028 410 1191 445 ὑποσχόντες
1214 410 1344 445 ἱστορίας.
1361 409 1464 443 Ἴναχον
1486 408 1512 434 δὲ
1524 409 1576 435 τῶν
1599 408 1719 436 Ἰλιακῶν
1735 409 1812 444 ἐστη-

1030 465 1079 483 σαν
1099 456 1274 487 ἑπτακοσίοις
1296 454 1467 490 πρεσϐεύειν.
1485 453 1583 480 Horum
1598 454 1740 482 verborum
1756 455 1811 489 pri-

1029 509 1101 529 mam
1122 505 1224 536 partem
1239 500 1331 528 omisit
1351 499 1519 530 Eustathius.
1533 499 1676 526 secundam
1689 500 1732 527 sui
1753 505 1812 527 tra-

1030 550 1120 574 ctatus
1135 546 1244 572 initium
1261 552 1323 573 esse
1337 544 1432 574 voluit,
1445 543 1560 578 Κλήμης
1572 543 1618 578 μὲν
1634 541 1689 575 οὖν,
1704 552 1757 579 qua
1769 543 1813 572 vel

1030 599 1085 620 una
1110 590 1253 626 particula,
1276 589 1327 617 etsi
1352 589 1488 616 sententia
1517 588 1545 615 in
1573 588 1685 622 reliquis
1707 589 1742 616 sit
1760 589 1813 617 sibi

1031 639 1161 663 constans
1179 641 1206 662 es
1221 633 1434 664 absolutissima,
1451 633 1570 661 libellum
1590 632 1662 660 hunc
1681 634 1813 669 principio

1031 680 1158 707 mutilum
1180 686 1241 706 esse
1251 677 1386 705 dictitant.
1404 677 1452 705 Est
1471 677 1556 708 enim,
1578 676 1713 712 inquiunt,
1733 679 1814 705 colle-

1032 728 1103 755 ctiva
1124 730 1152 753 et
1178 725 1341 756 rationalis,
1368 725 1580 759 necessarioque
1597 724 1648 750 alia
1663 731 1814 760 praesuppo—

1034 773 1083 804 nit,
1092 779 1125 800 ex
1136 771 1234 807 quibus
1242 769 1344 797 dictum
1353 769 1417 797 illud
1431 770 1546 797 infertur
1563 778 1569 796 ε
1581 769 1702 804 adeoque
1718 770 1769 797 illis
1781 770 1815 797 ab

1034 815 1078 845 illa
1095 817 1257 852 principium
1272 816 1402 843 orationis
1416 816 1516 843 ducere
1529 823 1635 843 summa
1656 816 1748 850 religio
1764 821 1814 844 est.

1035 862 1135 890 Verum
1148 862 1194 898 qui
1207 862 1353 896 gratiarum
1365 860 1515 888 Atticarum
1531 869 1584 888 non
1597 861 1722 896 ignarus.
1736 862 1816 889 lasci-

201 908 248 937 οὖν
258 910 312 936 τῶν
327 911 504 946 ωγγραῆοέων
521 900 698 947 ἐμιμήσαντο,
712 912 758 937 καὶ
771 910 907 946 ἠθέλησαν
920 910 984 946 περὶ
1002 900 1021 927 Β
1035 917 1047 935 ν

969 910 984 936 ἡ
1002 900 1021 927 Β
1035 909 1141 936 vientes
1168 908 1311 935 verborum
1333 906 1467 939 modulos.
1491 914 1630 941 novosque
1651 908 1679 934 in
1695 908 1815 935 oratione

202 955 303 982 τούτων
318 955 442 991 διήγησιν
462 956 635 991 ποιήσασθαι,
649 957 736 983 καίτοι
753 956 879 988 λαϐόντες
894 956 984 983 ἐντεῦ-

204 1001 249 1027 θεν
263 1001 312 1033 τὰς
327 1002 462 1037 ἀφορμὰς,
475 1003 533 1037 ἦτοι
550 1003 614 1039 περὶ
628 1003 730 1038 κόσμου
749 1003 874 1034 κτίσεως,
887 1003 904 1037 ἢ
923 1002 986 1036 περὶ

205 1045 310 1080 φύσεως
326 1046 476 1082 ἀνθρώπω,
491 1048 538 1073 καὶ
550 1047 608 1073 οὐδὲ
621 1046 652 1073 τὸ
664 1046 746 1082 τυχὸν
766 1047 889 1082 Εναυσμα
913 1047 988 1080 ἄξιόν

202 1099 230 1117 ιιι
242 1090 292 1125 τῆς
312 1090 438 1125 ἀληθείας
457 1090 570 1123 ἐξεῖπον.
587 1091 704 1126 Ideoque
728 1091 831 1119 Judmis
851 1092 987 1126 prohibita

204 1136 264 1170 ejus
289 1137 369 1164 lectio
396 1141 458 1164 ante
480 1137 646 1165 tricesimum
672 1145 785 1165 annum.
806 1137 988 1173 Hieronymus

204 1180 311 1217 Prolog.
338 1182 365 1209 in
391 1182 568 1213 Ezechielem.
587 1187 614 1210 et
637 1182 794 1211 Ludovicus
821 1183 922 1211 Fidelis
949 1183 988 1210 De

204 1231 337 1253 structura
350 1227 450 1259 mundi.
464 1228 491 1254 in
507 1227 626 1262 prologo,
640 1228 667 1254 in
678 1235 733 1262 quo
747 1232 775 1255 et
789 1227 986 1258 diilicultatem,

204 1275 232 1298 et
247 1270 328 1305 hujus
344 1272 440 1306 capitis
453 1272 580 1307 ambages
596 1274 631 1299 ita
645 1272 781 1308 expressit
796 1279 804 1298 :
819 1272 895 1298 lianc
905 1271 989 1298 diuini

209 1317 277 1343 uatis
303 1316 432 1349 Genetius,
465 1325 510 1345 seu
538 1318 645 1353 hujusce
667 1317 830 1353 prwgrandis
849 1317 989 1344 mundana:

207 1362 288 1390 moi:
318 1370 364 1389 sea:
384 1363 473 1390 diebus
498 1363 655 1397 descriptam
675 1368 836 1390 structuram
850 1362 929 1390 ueluti
942 1363 990 1390 sil-

206 1417 264 1436 uam
276 1409 417 1444 quamdam
428 1418 548 1444 opacam,
561 1410 669 1437 densam
692 1419 723 1437 ac
743 1411 914 1442 tenebrosam,
928 1411 990 1437 hor-

207 1453 293 1481 ridam
309 1463 424 1487 accessu,
439 1456 570 1491 difficilem
595 1455 681 1488 aditu,
701 1461 727 1483 et
744 1457 831 1484 instar
845 1455 990 1492 labyrinthi

207 1499 362 1535 ambagibus
383 1501 496 1534 plenam.
509 1506 533 1528 et
556 1502 637 1528 maris
661 1502 805 1529 vastissimi
821 1502 934 1535 scopulis
946 1510 988 1528 re-

207 1544 389 1578 fertissimam,
409 1554 509 1580 semper
526 1547 655 1581 judicaui.
671 1547 786 1582 Ingeuue
812 1548 907 1581 fateor,
925 1555 989 1574 can-

208 1589 271 1617 dide
295 1590 385 1621 lector.
403 1600 442 1618 me
464 1592 492 1618 in
512 1597 567 1618 tota
582 1591 720 1626 Scriptura
739 1601 816 1619 sacra
842 1593 891 1619 hac
913 1601 990 1619 murt-

208 1635 287 1662 dam:
307 1637 384 1664 malls
407 1637 581 1671 descriptione
603 1638 669 1665 nihil
696 1639 822 1666 invenisse
847 1638 989 1672 difﬁcilius,

209 1681 368 1714 abstrusius,
391 1688 468 1718 atque
492 1684 630 1716 occultius,
653 1685 692 1711 ita
706 1689 735 1711 ut
763 1685 855 1711 mirari
882 1692 990 1716 cessem,

209 1728 354 1762 antiquitus
385 1734 446 1756 ante
476 1730 636 1757 tricesimum
659 1738 757 1757 annum
779 1729 845 1756 hanc
868 1729 990 1757 Genesim

211 1772 293 1808 legere
321 1781 371 1800 non
399 1773 514 1802 licuisse.
529 1773 611 1809 Cujus
639 1775 784 1810 ingressum
811 1775 940 1805 tetricum,
959 1783 990 1801 ac

210 1818 415 1852 prasecutiouam
441 1823 495 1845 tam
517 1819 640 1850 arduam,
662 1824 699 1846 tot
717 1819 846 1854 tantisque
861 1819 989 1853 vepribus,

211 1863 356 1895 cuniculis,
371 1864 512 1892 mwandris
528 1874 558 1892 ac
575 1865 755 1900 difficultatum
772 1866 869 1893 acerris
889 1871 991 1893 scaten-

211 1912 261 1935 tem
282 1909 377 1940 inveni,
392 1914 420 1936 ut
438 1918 490 1936 una
504 1919 555 1937 non
567 1910 653 1942 unedo,
672 1917 749 1946 alque
762 1911 847 1938 altera
862 1912 926 1942 vice,
946 1911 990 1938 sed

212 1958 251 1980 ter
261 1957 402 1987 quaterque
414 1962 430 1980 a
441 1955 544 1982 calamo
564 1954 718 1987 destiterim,
734 1956 771 1982 rei
789 1957 883 1982 veritus
899 1956 991 1982 ardui-

212 2002 302 2029 tatem,
318 2003 341 2024 et
356 1999 543 2033 emergentibus
556 1999 724 2034 undequaqua
737 2001 845 2027 obrutus
859 2001 990 2036 ambigui-

211 2043 320 2070 tatibus.
336 2043 389 2071 Nec
407 2044 551 2077 immeritol
566 2053 627 2071 cum
642 2044 735 2072 Jobius
748 2047 897 2073 monachus
919 2046 990 2080 apud

211 2087 337 2115 Photium
348 2089 375 2115 in
387 2089 547 2116 Bibliotheca
558 2089 647 2116 tradat
660 2097 729 2124 opus
744 2090 795 2118 hoc
813 2099 858 2118 sex
873 2091 989 2123 dierum,

211 2135 310 2169 quibus
326 2135 417 2162 mundi
434 2137 536 2163 creatio
550 2135 667 2171 perlecta
681 2140 732 2167 est.
744 2144 793 2164 sua
805 2136 991 2172 magnitudine

212 2187 243 2206 ac
265 2180 465 2216 pulchritudine
493 2181 631 2209 Creatoris
650 2188 710 2209 esse
736 2183 890 2217 imaginem,
909 2186 937 2209 et
956 2181 990 2209 ad

1035 955 1107 982 sales
1133 961 1192 993 non.
1215 952 1495 983 abhorret.latehitur
1518 951 1545 978 id
1569 952 1677 986 quidem
1692 953 1751 980 sine
1763 953 1816 980 ulla

1035 999 1257 1036 reprehensionis
1270 1003 1332 1026 nota
1348 999 1405 1026 iieri
1416 1006 1505 1033 posse,
1514 998 1594 1032 idque
1608 1000 1744 1027 sermonis
1756 1007 1817 1027 esse

1038 1045 1201 1080 principium
1212 1052 1267 1072 non
1288 1045 1500 1072 incommodum.
1515 1044 1568 1071 Nec
1584 1045 1680 1072 desunt
1691 1046 1816 1080 exempla

1037 1091 1108 1125 apud
1123 1090 1283 1123 Himerium,
1304 1090 1461 1126 Gregorium
1476 1090 1671 1118 Natianzenum
1688 1094 1717 1118 et
1735 1091 1815 1118 alios.

1037 1136 1122 1164 Porro
1131 1137 1295 1164 Clementem
1307 1136 1425 1172 Cyrillus
1440 1137 1637 1164 Alexandrinus
1649 1136 1730 1172 ἄνδρα
1742 1137 1816 1163 ἐλλό-

1036 1189 1116 1216 γιμον
1128 1181 1174 1209 καὶ
1188 1181 1347 1217 πολυῖστορα
1359 1186 1453 1215 vocat;
1467 1185 1495 1208 et
1508 1188 1601 1208 rursus
1616 1182 1698 1219 ἀνδρα
1713 1180 1816 1215 ἐλλόγι-

1038 1235 1098 1262 μον,
1115 1226 1161 1252 καὶ
1186 1226 1332 1262 φιλομαθῆ,
1350 1227 1395 1253 καὶ
1419 1227 1635 1262 ἀναγνωσμάτων
1655 1226 1816 1262 Ἑλληνικῶν

1037 1272 1336 1308 πολυπραγμονήσαντα
1352 1271 1431 1307 βάθος
1449 1272 1485 1303 ὡς
1503 1272 1585 1306 ὀλίγοι
1601 1273 1670 1307 τάχα
1690 1280 1739 1298 που
1764 1271 1818 1298 τῶν

1038 1318 1092 1354 πρὸ
1103 1318 1195 1345 αὑτοῦ.
1210 1317 1292 1345 Plura
1311 1318 1345 1345 de
1362 1318 1510 1350 Clemente,
1530 1322 1557 1345 et
1571 1318 1630 1353 ejus
1644 1317 1752 1352 scriptis
1765 1317 1819 1344 Eu-

1037 1364 1130 1392 sebius
1145 1363 1183 1391 De
1210 1364 1401 1398 preparatione
1415 1363 1573 1398 euangelica,
1601 1364 1646 1390 lib.
1668 1370 1708 1395 ll;
1727 1361 1819 1389 Eccle-

1037 1410 1115 1437 siast.
1132 1409 1238 1441 histor.,
1253 1409 1300 1437 lib.
1327 1417 1368 1441 ιιι,
1383 1417 1443 1444 cap.
1460 1410 1503 1442 ll,
1516 1414 1543 1437 et
1563 1410 1609 1437 lib.
1624 1418 1660 1441 γι,
1678 1417 1738 1444 cap.
1751 1410 1768 1437 5
1793 1414 1820 1436 et

1038 1462 1099 1490 cap.
1115 1455 1146 1484 ll
1157 1464 1164 1488 ;
1177 1455 1356 1491 Hieronymus
1378 1455 1405 1482 in
1419 1455 1546 1490 Catalogo
1562 1456 1653 1490 script.
1662 1455 1819 1487 ecclesiam,-

1038 1500 1219 1529 Cassiodorus
1239 1501 1286 1529 lib.
1313 1509 1321 1528 I
1353 1500 1445 1528 Dicin.
1465 1501 1682 1533 institutionum;
1705 1500 1818 1536 Epipha-

1040 1547 1103 1575 nius
1127 1547 1222 1575 haresi
1249 1547 1293 1580 32,
1323 1547 1423 1575 Contra
1447 1546 1637 1578 Secundianos,
1666 1547 1713 1582 qui
1741 1547 1821 1574 refert

1041 1593 1173 1628 quosdam
1199 1593 1422 1625 Alexandrinum,
1438 1594 1506 1621 alios
1523 1593 1714 1621 Atheniensem
1738 1593 1821 1620 inisse

1041 1639 1202 1671 tiadidisse;
1228 1639 1342 1668 Photius
1367 1640 1394 1667 in
1415 1639 1595 1671 BilI/iot/teca,’
1610 1639 1777 1675 Nicephorus
1793 1641 1820 1666 ia

1042 1685 1113 1712 Hist.
1130 1685 1177 1714 lib.
1187 1693 1223 1716 Iv.
1237 1693 1296 1720 cap.
1309 1685 1352 1718 '55,
1368 1689 1395 1712 et
1406 1685 1450 1712 alii
1461 1693 1469 1717 ;
1482 1684 1598 1721 Moysem
1614 1693 1676 1712 vero
1695 1685 1820 1712 omnibus

1040 1731 1151 1758 Graeciae
1165 1731 1332 1766 sapientibus
1347 1731 1526 1766 antiquiorem
1544 1734 1571 1758 et
1594 1729 1684 1758 lnachi
1699 1738 1819 1758 coaevum

1041 1776 1125 1804 fuisse
1153 1776 1322 1803 demonstrat
1344 1775 1413 1803 libro
1444 1783 1554 1803 suorum
1578 1776 1774 1809 Stromaluml,
1791 1777 1819 1803 in

1039 1828 1094 1856 quo
1116 1825 1143 1848 et
1161 1821 1285 1849 Cassiani
1301 1820 1440 1855 cujusdam
1454 1821 1655 1856 Χρονογραφίας
1671 1820 1792 1848 meminit
1809 1829 1816 1847 :

1042 1874 1147 1911 necqon
1176 1870 1203 1894 et
1223 1866 1257 1893 de
1266 1866 1367 1894 Judaais
1380 1866 1563 1894 Aristobulum
1577 1866 1717 1901 quemdam
1732 1870 1758 1893 et
1772 1865 1820 1893 De-

1041 1912 1179 1943 metrium,
1194 1915 1221 1939 et
1233 1911 1408 1946 Eupolemum
1420 1912 1567 1946 scriptores
1579 1911 1716 1938 adversus
1725 1916 1819 1946 gentes

1041 1957 1134 1989 refert.
1146 1957 1191 1992 qui
1211 1957 1238 1984 in
1257 1957 1460 1984 similitudinem
1472 1957 1584 1992 Iosephi
1607 1956 1816 1992 ’Δρχαιογονίας,

1041 2002 1141 2038 Muysis
1153 2001 1303 2029 etJudaicze
1313 2002 1401 2037 gentis
1411 2002 1599 2036 antiquitatem
1612 2005 1798 2028 asseverarunt
1809 2010 1816 2028 :

1041 2047 1064 2075 is
1078 2048 1149 2074 inter
1163 2050 1259 2074 cetera
1268 2047 1363 2074 habet:
1374 2047 1473 2073 Ἀπίων
1485 2046 1573 2072 τοίνυν
1588 2046 1602 2072 ὁ
1618 2045 1815 2080 γραμματικὸς,

1040 2093 1055 2119 6
1067 2093 1252 2127 πλειστονίκης
1266 2092 1421 2127 ἐπικληθεὶς
1441 2093 1469 2118 ὲν
1486 2093 1518 2126 τῇ
1539 2091 1653 2126 τετάρτῃ
1665 2091 1717 2117 τῶν
1731 2092 1818 2124 Αἰγυ-

1040 2138 1174 2169 πτιακῶν
1197 2138 1343 2173 ἱστοριῶν,
1371 2138 1458 2164 καίτοι
1487 2136 1724 2172 φιλαπεχθημένως
1753 2135 1820 2171 πρὸς

1046 2185 1186 2220 Ἐϐραίους
1208 2184 1386 2219 διακείμενος,
1402 2184 1449 2210 ἅτε
1475 2183 1619 2217 Αἰγύπτιος
1639 2182 1668 2208 τὺ
1684 2182 1768 2215 γένος,
1781 2182 1819 2213 ὡς

212 2225 484 2260 mysteriiTrinitatis
499 2228 680 2262 cognitionem
693 2228 810 2255 maxime
825 2227 989 2260 conducere,
1007 2237 1029 2265 ι)
1044 2239 1058 2256 κ

972 2236 989 2260 ξ.
1007 2237 1029 2265 ι)
1044 2230 1090 2257 κα)⁵
1107 2230 1177 2257 κατά
1198 2229 1330 2256 Ἰουδαίων
1351 2229 1478 2261 συντάξαι
1495 2228 1603 2263 βιῆλίον,
1624 2228 1754 2262 ’Λμὼσιος
1772 2227 1818 2253 τοῦ

211 2275 236 2297 ει
253 2278 301 2305 per
320 2271 390 2298 hanc
411 2272 589 2304 materialem,
606 2276 685 2307 atque
699 2274 877 2308 compositam
895 2274 989 2309 cogni-

212 2316 324 2348 tionem,
349 2319 481 2353 simplicis
502 2323 583 2354 atque
606 2319 791 2356 incomposita
806 2325 910 2349 natura;
923 2321 990 2348 sub-

212 2361 372 2395 stantiaeque
402 2363 525 2390 notitiam
554 2363 691 2396 advenire,
707 2366 786 2399 idque
810 2373 895 2392 sacrae
917 2364 992 2393 Scri-

214 2410 300 2440 pturze
317 2408 480 2436 testimoniis
491 2409 643 2437 conﬁrmat.
663 2410 737 2437 Multi
756 2416 844 2438 tamen
860 2418 913 2437 non
931 2415 992 2437 tan-

214 2455 270 2478 tum
292 2459 327 2479 ex
349 2454 548 2488 antiquioribus
559 2456 725 2489 provinciam
750 2456 819 2484 hanc
837 2457 989 2490 subierunt,

213 2497 261 2527 sed
275 2505 308 2525 ex
328 2500 524 2528 recentioribus
536 2500 672 2529 Viventius
690 2502 873 2530 Beiluaceusis
884 2503 992 2538 episco-

213 2550 264 2577 pus
275 2544 365 2570 omnia
379 2544 480 2580 ingenti
491 2546 637 2578 volumine,
646 2547 756 2581 triginta
768 2548 874 2576 duobus
886 2550 991 2583 magnis

214 2588 291 2615 libris
313 2588 412 2622 diviso,
429 2591 481 2618 sub
506 2591 610 2626 Speculi
633 2593 763 2620 naturalis
779 2594 888 2622 nomine
914 2601 990 2622 com-

214 2633 308 2668 plexus
322 2638 373 2661 est.

247 2678 307 2706 Col.
329 2679 453 2712 708,lin,
471 2681 496 2708 l.
522 2684 646 2718 Κλήμης
663 2685 721 2719 μὲν
733 2683 799 2713 οὖν.
814 2685 948 2713 Eusebius
965 2686 992 2712 in

215 2723 355 2755 Chronico,
363 2726 479 2753 Μωῡσέα
491 2728 567 2761 γένος
575 2730 697 2765 Ἐϐραῖον
711 2731 854 2766 προφητῶν
866 2731 992 2757 ἁπάντων

215 2769 320 2806 πρῶτον
337 2770 408 2805 ἀμφὶ
419 2771 466 2798 τοῦ
482 2773 606 2809 Σωτῆρος
621 2776 709 2809 ἡμῶν,
727 2776 798 2810 λέγω
813 2776 842 2802 δὲ
857 2776 903 2802 τοῦ
925 2776 992 2810 Χρι-

215 2814 288 2844 στοῦ,
304 2815 374 2850 ἀμφί
400 2825 428 2842 τε
455 2819 504 2853 τῆς
518 2818 571 2845 τῶν
591 2820 673 2846 ἐθνῶν
689 2821 722 2847 δι’
739 2821 818 2848 αὑτὸν
831 2821 992 2854 θεογνωσίας

215 2861 353 2896 χρησμοὺς
369 2861 415 2889 καὶ
427 2862 502 2897 λόγια
518 2864 578 2900 θείᾳ
595 2866 686 2902 Γραφῇ
705 2867 920 2903 παραδεδωκότα,
937 2867 991 2897 τοῖς

1040 2276 1194 2309 Αἰγυπτίων
1208 2275 1338 2310 βασιλέως
1350 2274 1531 2310 μεμνημένος,
1543 2275 1588 2300 καὶ
1602 2274 1653 2300 τῶν
1667 2272 1725 2299 κατ’
1739 2272 1819 2298 αὐτὸν

1041 2320 1174 2356 πράξεων,
1184 2321 1308 2356 μάρτυρα
1315 2320 1507 2357 παρατίθεσθαι
1521 2319 1680 2353 Πτολεμαῖον
1692 2318 1736 2343 τὸν
1747 2318 1819 2343 Μεν-

1039 2366 1140 2402 δήσιον,
1166 2367 1212 2393 καὶ
1239 2366 1274 2393 τὰ
1295 2366 1345 2401 τῆς
1368 2365 1465 2397 λέξεως
1488 2365 1568 2391 αὑτοῦ
1594 2361 1642 2390 ὧδε
1664 2363 1729 2398 ἔχει·
1744 2363 1818 2389 Κατ-

1040 2410 1141 2445 sanatis
1156 2410 1183 2436 δὲ
1197 2410 1245 2446 τὴν
1263 2410 1387 2445 ’Δθυρίαν
1400 2410 1530 2444 Ἀμωσις,
1552 2409 1620 2435 κατὰ
1635 2408 1679 2434 τὸν
1699 2408 1819 2442 ’Λργεῖον

1041 2457 1184 2491 γενόμενος
1207 2457 1321 2491 Ἴναχον,
1343 2456 1379 2487 ὡς
1397 2457 1425 2483 ὲν
1449 2457 1504 2487 τοῖς
1527 2455 1628 2489 χρόνοις
1640 2452 1791 2489 ἀνέγραψεν
1805 2454 1820 2479 ὸ

1041 2502 1188 2536 Μενδήσιος
1213 2500 1386 2536 Πτολεμαῖος.
1407 2501 1436 2527 '0
1455 2500 1484 2526 δὲ
1507 2499 1667 2534 Πτολεμαῖος
1688 2496 1764 2529 οἶκτος
1783 2499 1820 2524 εε-

1042 2548 1104 2584 ρεὺς
1119 2548 1167 2582 μὲν
1182 2545 1215 2582 ἧν
1224 2556 1230 2562 ·
1243 2547 1291 2578 τὰς
1300 2547 1328 2573 δὲ
1342 2546 1395 2573 τῶν
1406 2546 1558 2580 Αἰγυπτίων
1569 2544 1696 2579 βασιλέων
1708 2543 1819 2578 πράξεις

1041 2594 1069 2619 ὲν
1077 2593 1163 2627 τρισὶν
1171 2593 1243 2624 ὅλαις
1251 2592 1393 2627 ἐκθέμενος
1404 2592 1512 2626 βίὸλοις,
1524 2590 1592 2616 κατὰ
1599 2588 1718 2623 Ἀμωσίν
1727 2597 1816 2624 φησιν,

1042 2638 1178 2672 Αἰγύπτου
1210 2637 1329 2672 βασιλέα,
1353 2637 1488 2667 Μωῦτέως
1511 2635 1657 2671 ἡγουμένου
1681 2634 1817 2667 γεγονέναι

1048 2683 1184 2714 Ἰουδαίοις
1193 2683 1242 2718 τὴν
1257 2682 1287 2715 ἐξ
1298 2683 1433 2716 Αἰγύπτου
1449 2682 1566 2716 πορείαν·
1581 2679 1610 2712 ἐξ
1626 2675 1663 2705 ὧν
1680 2679 1818 2705 συνῶπται

1042 2727 1113 2755 κατὰ
1130 2729 1233 2762 Ἴναχον
1256 2727 1407 2762 ἠκμακέναι
1426 2727 1470 2753 τὸν
1490 2724 1597 2752 Μωσέα.
1613 2723 1734 2750 Firmum
1759 2731 1819 2758 pro-

1043 2774 1114 2801 l'ecto
1127 2777 1314 2808 argumentum
1329 2773 1361 2799 ad
1377 2771 1554 2807 probantium,
1564 2774 1590 2797 et
1603 2777 1635 2797 ex
1651 2770 1711 2804 ipso
1726 2769 1818 2796 adver-

1042 2819 1115 2846 sario
1138 2819 1259 2845 ductum.
1283 2819 1389 2846 Amosis
1423 2822 1542 2851 tempore
1574 2815 1665 2843 Inachi
1695 2815 1816 2847 vivebat;

1043 2864 1148 2901 Moyses
1169 2869 1290 2899 tempore
1316 2862 1460 2893 Amosidis.
1476 2862 1541 2895 Quis
1559 2861 1612 2889 nisi
1634 2861 1745 2889 demens
1760 2860 1819 2887 lna-
