2143 3163
336 179 390 208 805

1005 175 1131 205 LEONIS
1148 173 1286 202 ALLA'I‘II

1897 177 1954 205 801

335 238 418 270 niam,
430 244 491 272 qua
503 236 555 265 sub
568 236 675 264 Tatiani
690 237 801 265 nomine
816 236 1020 268 circumfertur,
1033 241 1061 264 et
1076 237 1119 263 in-
1132 238 1156 266 Α
1170 234 1277 284 sebiuf.
1288 234 1389 284 Eccles.
1405 235 1467 284 hist.
1482 236 1583 284 lib._nr,
1598 235 1706 284 cap};
1723 235 1913 284 iiieronnus.
1923 239 1954 266 in

334 285 411 320 cipit,
426 283 557 317 Quoniam
568 282 672 318 quidem
683 283 761 310 multi
780 283 869 310 conati
888 287 960 314 sunt,
977 290 1059 318 quam
1078 281 1118 310 Vi-

335 333 396 356 ctor
410 328 534 359 Tatiauo.
556 332 584 355 et
604 335 667 355 cum
681 335 715 355 eo
729 329 821 362 plures
839 328 885 355 alii
908 327 1041 360 referunt,
1053 328 1119 354 Am-

336 374 430 401 monio
453 374 637 402 Alexandrino
652 375 691 401 uti
714 374 863 409 genuinum
887 374 971 402 fetum
993 374 1117 402 restitui-

336 420 528 451 mus.slteram
551 427 626 453 vero,
645 427 706 454 qua
727 420 835 455 praefert
849 427 949 448 nomen
970 419 1118 452 Ammonii.

336 463 452 491 Tatiano
468 464 501 491 de
510 472 565 499 quo
578 466 657 493 nobis
671 469 714 493 est
728 473 828 498 sermo,
843 469 870 493 et
880 466 986 501 incipit,
1005 465 1035 493 In
1045 467 1120 501 prin-

336 509 403 542 cipio
421 514 479 535 erat
492 509 612 537 Verbum.
630 509 735 537 Etenim
762 518 822 545 qua:
838 510 985 543 Eusebius,
1007 511 1119 539 Chroni—

336 562 395 582 cum
417 555 638 589 Alexandrinum,
660 556 864 590 Theodoretus,
887 557 921 585 de
946 558 1119 586 Diateuaron

337 601 444 629 Tutiani
458 602 600 637 prodidere
608 602 671 630 huic
680 604 857 631 conveniunt.
871 604 1016 637 Eusebius,
1030 605 1078 633 lib.
1095 612 1122 632 tv

339 647 409 674 Hist.
427 648 531 680 eccles.,
548 655 608 682 cap.
625 648 669 680 27,
686 649 724 676 ita
741 650 857 678 scribit:
875 650 1004 678 Tatianue
1018 651 1063 679 ille
1075 651 1120 687 qui

336 697 394 719 erat
404 693 505 727 primus
522 701 612 720 eorum
620 699 723 727 auctor,
739 699 764 722 et
779 696 899 730 princeps
913 697 1120 731 conjunctionem

337 739 490 773 quamdam,
504 740 585 766 etiam
610 740 789 767 collectionem
813 741 1014 777 Euangeliorum
1035 743 1121 770 nescio

337 782 468 816 quomodo
490 785 646 817 composuit,
664 785 781 820 illudque
793 793 857 820 opus
877 777 929 813 Διᾶ
944 787 1101 822 τεσσάρων
1113 808 1121 820 ,

338 825 366 852 id
380 831 430 859 est,
451 826 538 854 Unum
549 827 719 863 anngelium
732 838 764 857 ea:
777 836 891 865 quatuor
905 832 1044 859 collectum
1056 841 1123 860 nun-

337 872 452 906 cupavit,
468 873 538 908 quod
558 875 637 901 etiam
664 875 750 902 adhuc
766 877 942 911 quorumdam
965 878 1076 906 habetur
1095 880 1122 906 in

337 918 470 945 manibus.
491 919 530 946 Ex
547 919 664 948 Eusebio
684 921 773 949 locum
789 922 861 950 hunc
873 927 958 950 totum
976 924 1123 960 descripsit

336 962 496 991 Chronicum
514 965 719 994 Alexandrinum
738 973 765 995 et
783 968 962 1004 Nicephorus,
975 969 1045 998 Hist.
1057 971 1121 998 eccl.

338 1008 356 1035 Ι.
375 1017 411 1038 iv.
427 1017 452 1036 c.
471 1010 498 1042 4,
514 1011 541 1038 ίη
556 1020 611 1046 quo
634 1020 700 1040 sane
720 1013 796 1047 illud,
813 1013 909 1042 Nescio
920 1015 1059 1050 quomodo,
1072 1016 1123 1044 οὐκ

336 1052 384 1081 οἷδ’
399 1055 483 1088 ὅπως,
503 1058 731 1085 considerandum
746 1064 806 1092 est;
821 1060 896 1088 fraus
913 1062 985 1088 enim
1008 1062 1051 1089 vel
1073 1063 1123 1089 do-

337 1100 380 1128 lus
410 1101 529 1129 haeretici
560 1105 680 1131 auctoris
712 1105 839 1133 indecore
864 1110 892 1133 et
920 1114 990 1139 non,
1013 1111 1042 1134 ut
1074 1115 1124 1142 par

337 1149 413 1179 erat,
440 1154 509 1181 opus
532 1148 599 1175 illud
621 1150 814 1177 concinnantis
840 1151 921 1178 nobis
943 1152 1122 1186 significatur,

337 1191 410 1226 quod
435 1191 624 1221 Theodoretus
651 1195 739 1228 palam
760 1197 881 1230 exponit,
903 1197 951 1224 lib.
977 1205 984 1224 l
1021 1197 1121 1225 ﬂleret.

338 1236 435 1271 fabul.,
451 1238 494 1266 his
509 1239 598 1267 verbis
615 1240 760 1268 :Tatianus
776 1244 921 1276 composuit
940 1244 1019 1270 etiam
1036 1244 1123 1271 Evan-

337 1283 435 1318 gelium
450 1285 520 1319 quod
544 1286 641 1312 dicitur
659 1288 710 1313 Διὰ
732 1288 896 1322 τεσσάρων,
918 1291 1062 1324 amputatis
1082 1299 1125 1326 ge-

338 1329 466 1364 nealogiis
484 1335 509 1356 et
532 1331 604 1362 aliis.
628 1340 787 1368 quacunque
812 1334 951 1362 ostendunt
980 1335 1123 1363 Dominum

338 1380 432 1402 natum
451 1385 507 1403 esse
525 1385 557 1403 ea:
581 1377 665 1405 David
679 1380 822 1407 secundum
843 1390 958 1410 carnem.
978 1382 1017 1410 Eo
1036 1387 1123 1410 autent

339 1422 382 1448 usi
393 1428 465 1453 sunt,
482 1430 532 1449 non
544 1423 563 1449 ii
577 1424 628 1450 soli
643 1425 687 1458 qui
702 1433 762 1452 sunt
775 1427 848 1453 illius
856 1432 945 1458 secta,
956 1429 1001 1454 ser!
1012 1428 1031 1454 ii
1044 1429 1124 1454 etiam

339 1468 384 1502 qui
398 1467 522 1503 dogmata
532 1471 676 1504 apostolica
685 1478 829 1506 sequuntur
838 1473 1034 1507 compositionis
1046 1474 1124 1508 frau-

340 1513 399 1540 dem
422 1522 473 1540 non
491 1522 684 1549 cognoscentes.
705 1517 750 1544 sed
774 1519 919 1552 simplicius
942 1527 972 1546 eo
998 1524 1124 1554 tanquam

342 1559 410 1586 libro
434 1562 616 1594 compendiosa
635 1566 745 1590 utentes.
763 1563 818 1598 Ego
831 1572 931 1599 quoque
952 1566 1036 1592 inveni
1051 1566 1124 1599 plus—

341 1614 419 1640 quam
431 1606 557 1634 ducentos
572 1607 723 1642 hujusmodi
735 1609 826 1640 libros.
840 1610 884 1644 qui
896 1611 922 1636 in
935 1610 1032 1638 honore
1043 1612 1123 1638 habe-

342 1651 438 1679 bantur
456 1653 483 1680 in
503 1654 601 1681 nostris
619 1653 756 1687 Ecclestis,
776 1664 840 1690 quos
856 1664 915 1682 cum
937 1663 1025 1683 omnes
1044 1656 1124 1683 simul

342 1699 491 1733 coegissem,
515 1699 634 1734 deposui,
648 1707 674 1728 et
690 1702 746 1728 loco
769 1709 860 1728 eorum
885 1703 988 1736 reposui
1010 1709 1125 1737 qualuor

341 1745 561 1778 evangelistarum
572 1746 725 1781 Evangelia.
738 1747 790 1774 Sed
807 1747 833 1774 in
848 1747 899 1774 hoc
911 1748 1031 1775 secundo
1042 1755 1124 1782 opere

343 1793 435 1824 aperte
451 1790 552 1818 recisas
564 1791 736 1827 genealogias
747 1800 842 1819 omnes
854 1791 972 1824 Domini,
986 1800 1045 1827 quae
1061 1800 1124 1820 eum

342 1841 376 1861 ex
403 1833 487 1861 David
501 1836 650 1863 secundum
670 1845 779 1864 carnem
797 1838 918 1873 genitum
936 1838 1124 1866 demonstrant

343 1881 526 1914 comperimus
550 1885 577 1909 et
597 1883 649 1909 alia
673 1884 765 1910 omnia
792 1884 973 1917 detruncata,
999 1890 1025 1912 et
1054 1893 1125 1912 nova

344 1925 430 1952 forma
445 1931 636 1962 structuraque
648 1929 780 1956 orationis
791 1936 932 1961 conversa,
949 1938 1003 1957 non
1018 1930 1081 1957 item
1097 1931 1125 1957 in

344 1971 442 2006 primo.
456 1974 483 1998 in
495 1980 549 2007 quo
563 1973 653 2000 omnia
669 1978 784 2008 quatuor
800 1975 1027 2010 evangelistarum
1041 1976 1124 2008 dicta,

344 2017 419 2043 nullo
436 2017 492 2044 lere
506 2018 689 2052 praetermisso
710 2019 743 2045 ad
763 2020 874 2046 verbum
897 2020 1035 2055 descripta
1049 2028 1126 2056 repe~

345 2063 461 2089 riuntur.
477 2062 578 2091 Deinde
598 2064 714 2098 primum
736 2072 805 2098 opus
820 2073 881 2092 cum
901 2067 980 2093 titulo
995 2074 1050 2101 quo
1073 2067 1127 2093 cir-

344 2108 505 2141 cumfertur,
516 2108 663 2136 Harmonia
677 2109 792 2142 scilicet,
808 2119 840 2138 ex
858 2112 995 2146 expressis
1010 2111 1127 2146 Evange-

345 2154 442 2180 liorum
459 2154 550 2181 verbis
563 2155 756 2182 concinnatum
775 2156 840 2183 illud
861 2164 922 2184 esse
945 2157 1127 2191 deprehendi-

344 2203 390 2225 tur
403 2199 538 2225 Ammonii
559 2198 746 2231 Alexandrini,
763 2202 834 2235 quod
848 2201 994 2228 Zacharias
1008 2201 1126 2237 Chryso-

345 2243 482 2279 politanus
494 2244 638 2279 episcopus
653 2249 716 2272 ante
727 2247 891 2281 quingentos
906 2254 992 2275 annos
1004 2247 1126 2275 illustra-
1141 2252 1164 2280 ι)

345 2289 384 2316 vit
404 2291 625 2322 commentariis,
648 2299 718 2326 quos
741 2300 772 2319 ex
795 2294 939 2320 sententiis
967 2298 1125 2321 sanctorum

345 2333 455 2361 Patrum
469 2336 496 2362 in
511 2343 591 2362 unam
604 2340 727 2363 catenam
736 2338 870 2365 contextis
885 2337 999 2372 pulchro
1010 2338 1126 2366 artiﬁcio

346 2380 492 2414 cooptavit.
509 2380 644 2408 Praeterea
667 2382 729 2416 quis
744 2383 830 2409 nescit
852 2381 997 2409 Tatianum
1027 2383 1125 2419 Syrum

347 2425 387 2451 vel
404 2426 556 2460 Assyrium.
578 2434 631 2452 non
649 2429 738 2453 autem
763 2427 987 2463 Alexandrinum,
1017 2429 1128 2456 Ammo-

348 2470 422 2496 nium
437 2477 501 2497 vero
516 2470 726 2497 Alexandrinum
745 2471 850 2498 fuisse?
866 2472 1052 2500 Restituamus
1062 2481 1128 2508 ergo

347 2515 441 2542 titulos
466 2515 558 2547 libris,
582 2515 666 2542 libros
693 2511 862 2550 parentibus,
886 2521 916 2543 ut
941 2519 1128 2552 unusquisque

348 2568 414 2588 suos
442 2560 513 2588 fetus
543 2564 690 2596 agnoscat,
718 2561 953 2596 inscriliamusque
978 2563 1004 2589 in
1027 2563 1127 2597 primo,

351 2604 508 2632 Sanctorum
523 2611 636 2639 quatuor
649 2605 849 2639 Erangeliorum
864 2605 1011 2633 Harmonia
1025 2609 1129 2634 Ammo-

350 2649 393 2676 nio
407 2649 585 2676 Alexandrino
602 2655 723 2681 auctore;
738 2651 764 2676 in
784 2652 916 2683 secundo,
929 2649 1131 2686 Euangeliorum

351 2694 522 2722 Dt’atessaron
539 2695 651 2721 Tatiano
670 2695 780 2730 Assyrio
794 2703 910 2722 auctore.
932 2695 960 2723 Si
976 2697 1036 2731 quis
1051 2697 1129 2731 plura

350 2740 486 2767 desiderat
502 2741 580 2767 adeat
599 2740 732 2768 Cmsarem
746 2741 905 2773 Baronium,
918 2746 992 2769 torno
1012 2743 1050 2773 ll,
1066 2751 1128 2769 ann.

351 2786 412 2818 176,
425 2786 470 2813 ubi
485 2791 612 2814 accurate
625 2788 740 2821 plurima
751 2787 785 2814 de
795 2794 915 2822 eoopere
929 2788 1129 2815 animadvertit.

384 2832 442 2859 Col.
458 2832 520 2865 708,
533 2833 570 2860 lin
589 2833 616 2860 2.
637 2833 698 2860 Τῶν
711 2833 744 2859 δὲ
753 2834 786 2860 ἐκ
803 2833 962 2868 περιτομῆς
981 2833 1129 2866 Ἰώσηπος.

349 2875 386 2905 De
397 2876 513 2913 losepho
527 2878 667 2912 historico,
683 2886 743 2914 eius
752 2879 805 2906 vita
821 2883 848 2907 et
863 2879 972 2914 scriptis
984 2880 1060 2913 plura
1078 2878 1131 2906 Eu-

1173 279 1221 307 lib.
1234 279 1273 307 De
1286 281 1460 315 scriptorin
1481 282 1584 314 eccles.,
1599 287 1627 311 et
1640 281 1759 316 Epistola
1773 279 1953 324 adlla'g‘pm,

1171 328 1308 353 oratorem
1317 325 1481 359 Romanum;
1494 326 1671 359 Sozomeuus,
1682 328 1729 355 lib.
1742 336 1761 360 ι,
1772 335 1831 363 asp.
1842 329 1867 361 i,-
1881 327 1953 361 ha-

1173 371 1260 406 grius,
1278 372 1326 400 lib.
1339 381 1366 405 ν,
1381 380 1442 408 cap.
1456 373 1507 406 24;
1519 373 1641 407 Photius,
1657 375 1685 401 in
1695 373 1876 405 Bibliotheca;
1890 373 1953 404 Sub,

1173 417 1234 448 das.
1250 417 1309 452 ipse
1322 418 1356 445 de
1371 419 1532 453 sepluribus
1541 419 1568 446 in
1582 419 1668 452 locis;
1681 417 1817 455 Iosephus
1831 419 1953 455 Scaliger

1173 462 1200 489 in
1211 461 1364 498 Prolegom.
1377 464 1405 490 in
1422 464 1468 492 lib.
1485 463 1524 491 De
1531 464 1712 492 emendatione
1727 470 1883 499 temporum,
1908 467 1951 494 vi-

1173 516 1233 535 rum
1246 508 1320 535 hunc
1336 517 1508 544 summopere
1531 510 1633 542 laudat,
1653 511 1846 546 historicisque
1862 511 1953 538 omni-

1173 553 1225 581 bus
1243 553 1345 581 Graecis
1378 559 1406 582 et
1424 554 1529 583 Latinis
1549 556 1698 591 anteponit.
1715 556 1952 592 Diligentissima,

1172 598 1270 632 inquit,
1286 599 1333 625 καὶ
1351 599 1577 634 φιλαληθέστατος
1595 602 1712 628 omnium
1729 603 1887 637 scriptorum
1903 602 1953 630 Jo-

1174 645 1278 678 sephus,
1296 645 1328 671 de
1347 653 1397 680 quo
1412 654 1459 672 nos
1480 646 1606 674 audacter
1621 647 1742 680 dicimus,
1759 657 1811 676 non
1825 649 1911 676 solum
1924 649 1953 676 in

1174 689 1250 717 rebus
1261 690 1396 724 ludaicis,
1408 691 1453 719 sed
1463 693 1543 719 etiam
1554 693 1582 719 in
1595 694 1708 720 extentis
1720 695 1802 721 tutius
1816 695 1857 721 illi
1869 695 1952 728 credi,

1176 743 1256 770 quam
1273 737 1395 764 omnibus
1419 736 1516 765 Grecis
1549 743 1574 765 et
1594 737 1698 766 Latinis
1716 748 1726 767 :
1743 740 1831 775 itaque
1850 740 1953 768 desinat

1175 782 1269 808 mirari
1284 782 1376 809 doctus
1393 783 1432 810 uir
1444 804 1451 814 ,
1468 791 1513 810 cur
1529 788 1566 810 tot
1587 784 1686 811 eruditi
1697 789 1722 811 et
1736 793 1782 812 nos
1796 794 1896 820 quoque
1908 787 1954 821 qui

1176 834 1228 852 non
1244 827 1272 853 in
1294 827 1349 854 illis
1369 828 1491 861 eruditis,
1510 829 1554 856 sed
1575 829 1654 865 hujus
1680 831 1818 864 scriptoris
1844 831 1955 858 lectione

1176 872 1305 906 peregrini
1319 881 1370 899 non
1392 882 1494 905 sumus,
1511 879 1613 901 tantum
1629 876 1673 902 illi
1693 875 1853 910 deferamus,
1877 884 1954 910 cujus

1138 914 1158 941 Β
1176 915 1241 949 ﬁdes
1254 921 1280 943 et
1294 917 1409 945 eruditio
1431 919 1459 945 in
1471 919 1591 946 omnibus
1613 920 1706 947 elucet.
1730 920 1840 948 Gaudeo
1859 921 1954 950 laudes

1176 961 1258 989 hasce
1277 961 1397 997 Josepho
1417 964 1574 993 decantatas
1590 965 1719 994 audacter
1739 965 1826 994 dictas
1843 974 1905 994 esse
1920 966 1955 994 ab

1172 1008 1232 1042 ipso
1251 1008 1333 1035 etiam
1352 1008 1495 1037 laudatore
1515 1011 1656 1045 cognosci.
1671 1010 1740 1044 Quis
1762 1018 1840 1046 aquo
1863 1011 1955 1038 animo

1170 1050 1254 1078 ferret
1268 1051 1417 1084 hominem,
1437 1053 1484 1087 qui
1502 1054 1606 1081 nesciat
1626 1054 1677 1081 sibi
1698 1054 1842 1088 imperare.
1860 1060 1894 1080 ne
1912 1053 1954 1080 di-

1174 1099 1218 1123 cat
1229 1096 1300 1131 quod
1319 1101 1417 1124 contra
1435 1105 1542 1133 :cquum
1559 1106 1639 1126 omne
1650 1106 1712 1126 esse
1730 1099 1850 1126 fatetur:
1869 1098 1954 1126 auda-

1173 1141 1242 1168 citer
1255 1142 1375 1174 dicitur.
1396 1151 1460 1178 ergo
1483 1151 1576 1171 verum
1601 1151 1656 1171 non
1678 1148 1729 1176 est,
1742 1151 1806 1179 ergo
1821 1144 1867 1179 qui
1886 1144 1954 1172 dicit

1173 1185 1319 1221 decipitur,
1335 1188 1359 1215 si
1379 1188 1516 1216 Aristoteli
1544 1189 1683 1217 credimus
1702 1189 1846 1217 Hora/ium
1865 1189 1954 1217 Eude-

1174 1231 1288 1258 miorum
1302 1233 1348 1260 lib.
1363 1242 1405 1265 ιιι,
1419 1242 1479 1269 cap.
1495 1235 1528 1268 5;
1546 1243 1589 1262 res
1612 1235 1684 1262 enim
1700 1236 1777 1263 aliter
1790 1243 1823 1263 ac
1837 1239 1901 1263 sunt
1914 1236 1955 1263 vi.

1174 1276 1282 1305 dentur.
1305 1278 1398 1306 Tutius
1417 1279 1459 1306 illi
1482 1280 1553 1306 credi
1574 1289 1653 1315 quam
1670 1281 1788 1308 omnibus
1809 1280 1909 1309 Crassis
1929 1286 1955 1308 et

1174 1321 1290 1356 Latinis,
1305 1331 1444 1359 nunquam
1469 1325 1667 1353 existimassem
1695 1327 1832 1354 hominem
1849 1327 1886 1354 ita
1905 1334 1954 1354 su-

1175 1368 1269 1397 dacter
1283 1369 1374 1397 dicere
1390 1378 1480 1406 posse,
1494 1376 1522 1398 et
1535 1371 1680 1399 humanam
1694 1371 1848 1404 historiam,
1858 1372 1892 1400 ab
1905 1373 1956 1400 ho-

1177 1416 1252 1443 mine
1266 1420 1293 1443 et
1313 1416 1436 1444 fortassis
1457 1418 1575 1452 pessimo
1595 1418 1778 1453 conscriptam
1795 1418 1895 1446 divine
1908 1426 1955 1446 sa-

1176 1467 1282 1494 craeque
1297 1460 1427 1495 praeferri.
1441 1461 1536 1489 Tutius
1544 1461 1634 1490 credis
1647 1461 1764 1496 Josepho
1772 1469 1853 1496 quam
1868 1461 1957 1489 Evan-

1176 1505 1268 1540 gelio?
1298 1507 1384 1534 tutius
1411 1507 1524 1538 homini.
1542 1515 1622 1542 quam
1648 1507 1719 1535 Deo?
1736 1507 1815 1535 Dices
1838 1507 1885 1535 sed
1910 1515 1957 1534 au-

1177 1551 1271 1579 dacter
1294 1552 1384 1584 dices,
1411 1553 1483 1587 quod
1507 1554 1588 1580 etiam
1614 1554 1690 1588 prius
1716 1553 1805 1580 animo
1827 1552 1957 1580 audacter

1177 1601 1338 1632 conceptum
1352 1598 1480 1626 audacter
1491 1603 1518 1625 et
1531 1599 1644 1630 evomis,
1662 1605 1739 1626 sacra
1754 1598 1826 1625 omni
1843 1598 1957 1625 historia

1177 1643 1304 1669 tutiorem
1319 1649 1380 1670 csse
1401 1642 1522 1677 Joscphi,
1536 1643 1579 1670 vis
1593 1643 1682 1670 dicam
1697 1650 1751 1670 uno
1767 1642 1869 1670 verbo?
1886 1642 1909 1670 si
1927 1646 1958 1669 ut

1175 1696 1257 1716 verus
1272 1692 1315 1715 est
1335 1689 1361 1715 in
1376 1689 1489 1716 historia
1504 1688 1649 1724 Iosephus.
1662 1689 1700 1716 ita
1713 1692 1740 1716 et
1750 1694 1778 1715 tu
1791 1688 1817 1715 iu
1830 1687 1958 1716 emenda-

1176 1734 1249 1760 tione
1275 1737 1436 1768 temporum.
1461 1738 1540 1761 ruent
1565 1738 1698 1768 tempora.
1729 1733 1826 1760 Multos
1846 1733 1958 1768 Iosephi

1177 1786 1285 1806 errores
1301 1780 1328 1806 in
1342 1779 1467 1810 historia.
1484 1783 1512 1806 et
1525 1779 1752 1807 hallucinationes
1774 1778 1957 1814 prudentissi-

1176 1832 1220 1852 me
1230 1825 1320 1860 magui
1334 1825 1385 1852 viri
1394 1825 1585 1856 observarunt,
1597 1829 1623 1852 et
1634 1829 1820 1856 correxerunt,
1833 1825 1904 1851 inter
1911 1831 1958 1852 eos

1177 1869 1268 1897 Caesar
1288 1869 1438 1901 Baronius,
1460 1870 1487 1896 in
1505 1870 1666 1902 Annalibus;
1686 1868 1821 1902 Pererius,
1839 1869 1867 1896 in
1881 1867 1957 1901 Gem;

1178 1915 1347 1950 Hegesippus
1369 1919 1396 1942 et
1414 1915 1472 1942 alii.
1493 1914 1526 1942 Et
1552 1923 1618 1942 sane
1651 1915 1758 1942 etiamsi
1779 1914 1969 1941 concederem'

1178 1960 1325 1996 Josephum
1340 1960 1566 1996 φιλαληθέστατον
1585 1961 1613 1987 in
1628 1960 1722 1992 rebus,
1737 1968 1805 1995 quas
1819 1962 1877 1995 ipse
1888 1960 1961 1988 vide-

1179 2007 1225 2039 rit,
1240 2015 1378 2043 nunquam
1393 2010 1485 2034 tamen
1509 2006 1606 2034 adduci
1629 2014 1740 2041 possum
1756 2010 1786 2034 ut
1800 2006 1912 2033 credam
1931 2006 1960 2033 in

1178 2058 1253 2080 tanta
1269 2054 1436 2081 obscuritate
1450 2053 1626 2088 scriptorum,
1648 2053 1780 2080 varietate
1793 2056 1959 2087 temporum,

1179 2100 1336 2127 diversitate
1349 2099 1558 2132 sententiarum,
1580 2106 1714 2126 annorum
1737 2099 1807 2126 serie
1817 2099 1960 2126 veritatem

1180 2146 1208 2172 in
1230 2145 1357 2172 omnibus
1381 2145 1564 2181 κατορθῶσαι,
1596 2145 1703 2172 etiamsi
1734 2144 1960 2179 diligentissimus

1181 2190 1272 2217 fuerit.
1291 2189 1358 2217 lllud
1372 2194 1501 2224 praeterea
1524 2188 1621 2216 addam
1639 2187 1711 2222 quod
1726 2188 1781 2221 jam
1798 2187 1863 2214 olim
1877 2186 1962 2214 Joan-

1181 2242 1230 2261 nes
1247 2233 1328 2260 Picus
1343 2234 1458 2267 epistola
1479 2232 1596 2267 quadam
1611 2231 1644 2258 ad
1660 2232 1779 2266 ignotum
1794 2232 1912 2258 amicum
1927 2230 1962 2258 de

1179 2279 1299 2312 Josepho
1326 2277 1567 2305 animadverterat.
1590 2275 1668 2308 Quod
1693 2275 1757 2308 petis
1784 2273 1816 2301 de
1835 2273 1959 2308 Josepho.

1179 2324 1248 2350 scias
1263 2323 1366 2356 justum
1381 2321 1523 2356 Josephum
1546 2321 1615 2352 apud
1634 2319 1757 2346 Hebra'os
1770 2327 1819 2346 non
1840 2319 1961 2360 reperiri.

1180 2369 1224 2396 sed
1244 2368 1350 2402 Iosephi
1372 2368 1511 2401 epitomen,
1532 2365 1560 2393 id
1572 2371 1621 2397 est.
1636 2365 1793 2391 breviarium
1816 2364 1961 2400 quoddam,

1181 2415 1208 2440 in
1219 2422 1269 2448 quo
1287 2418 1311 2440 et
1325 2413 1410 2440 multa
1428 2416 1488 2440 sunt
1503 2411 1692 2441 commentitia.
1705 2416 1730 2437 et
1745 2418 1803 2445 qua:
1825 2411 1857 2438 de
1873 2411 1962 2437 decent

1182 2459 1302 2485 tribubus
1317 2459 1352 2485 ibi
1369 2458 1501 2492 leguntur,
1516 2464 1574 2492 qua:
1586 2462 1643 2490 post
1651 2456 1841 2491 Babylonicum
1855 2456 1964 2489 captivi-

1183 2512 1262 2533 tatem
1289 2504 1452 2539 postliminio
1469 2511 1519 2530 non
1538 2503 1681 2534 redierunt,
1702 2511 1733 2529 ea
1751 2510 1807 2529 esse
1830 2503 1912 2529 notha
1936 2505 1962 2528 et

1183 2550 1345 2582 adulterina,
1367 2557 1399 2576 ex
1417 2547 1535 2575 Hebreis
1555 2547 1617 2573 milli
1639 2547 1728 2580 plures
1756 2547 1869 2581 confessi
1890 2551 1963 2577 sunt,

1182 2600 1339 2630 quapropter
1354 2595 1460 2621 illorum
1475 2592 1588 2627 Josepho
1599 2593 1673 2619 nulla
1690 2593 1795 2619 omnino
1809 2592 1875 2626 ﬁdes
1887 2591 1964 2618 adhi-

1184 2641 1276 2668 benda.
1294 2641 1325 2668 In
1337 2639 1450 2674 losepho
1468 2637 1557 2666 Greco
1570 2638 1624 2665 scio
1640 2646 1696 2665 esse
1714 2637 1846 2672 qutcdam,
1861 2645 1920 2671 qua:
1933 2636 1963 2662 de

1184 2687 1290 2714 Christo
1305 2691 1330 2713 et
1344 2685 1432 2720 fidem,
1448 2689 1472 2711 et
1487 2683 1657 2718 honoriﬁcam
1673 2683 1774 2718 faciant
1795 2683 1961 2711 sanctionem.

1185 2734 1228 2760 sed
1247 2737 1335 2760 eadem
1353 2739 1408 2758 esse
1423 2730 1526 2764 penitus
1542 2737 1599 2755 cum
1615 2729 1666 2759 his.
1682 2736 1740 2763 qua:
1760 2728 1787 2755 in
1802 2727 1906 2754 Latinis
1919 2734 1963 2753 co-

1185 2778 1287 2806 dicibus
1303 2777 1424 2812 leguntur
1439 2784 1490 2802 non
1513 2783 1655 2802 assererem
1672 2775 1724 2800 nisi
1743 2775 1879 2807 exemplar
1892 2771 1965 2799 Grc-

1186 2831 1256 2855 cum,
1270 2822 1344 2856 cujus
1360 2821 1401 2847 hic
1419 2821 1483 2846 mihi
1498 2820 1571 2846 nulla
1587 2824 1625 2847 est
1635 2819 1722 2854 copia,
1737 2827 1825 2845 recens
1843 2818 1966 2852 legerem.

1222 2869 1288 2897 Ibid.
1304 2867 1358 2895 Kal
1380 2866 1525 2899 Ἰοῦστος.
1546 2865 1634 2901 Hujus
1658 2869 1796 2900 parentes,
1819 2861 1968 2895 πολιτείαη
