2143 3163
173 189 226 217 805

685 188 720 216 IN
734 188 920 217 EUSTATHH
939 188 1173 217 HEXAEMEHON
1195 189 1311 219 NOTAE.

1734 195 1789 223 800

171 247 325 281 historiam,
341 253 369 277 et
389 249 489 284 stylnm
508 249 643 284 expressit
666 249 782 277 Photius
806 249 835 276 in
858 249 954 279 Biblio-
972 251 996 279 Δ
1010 249 1103 278 sebius
1119 250 1155 278 de
1173 251 1323 285 semetipso
1337 251 1364 278 in
1386 252 1498 287 prologo
1527 251 1656 280 Historia
1669 253 1794 281 ecclesia-

172 291 255 320 thcca.
269 293 376 328 Oppido
386 292 565 324 Tiberiensis,
579 295 691 327 parente
700 291 775 319 Pisto
792 292 902 319 homine
912 299 957 318 ne-

170 338 316 373 quissimo,
342 338 367 366 si
389 337 509 373 Josepbo
533 338 683 370 credimus,
709 345 809 373 genere
833 336 955 369 Judzus,

170 385 329 420 auspicatus
349 387 391 412 est
405 383 548 412 historiam
563 391 578 410 a
596 383 700 419 Moyse,
719 383 900 419 perduxitque
921 383 956 410 ad

169 429 272 456 exitum
293 436 380 464 usque
394 429 522 464 Agrippas
539 430 646 464 septimi
663 436 679 457 e
701 429 803 456 familia
827 428 954 459 Herodis,

169 478 197 502 et
221 473 397 502 Judaicorum
424 482 518 510 regum
547 475 697 510 postremi;
723 475 811 510 stylus
837 474 956 502 maxime

170 520 310 552 concisus,
321 524 349 547 et
369 520 497 555 pleraque
509 521 596 548 relatu
609 529 670 548 cum
688 521 785 556 primis
801 521 954 548 necessaria

169 565 351 599 praetermisit.
364 565 460 593 Adesis
472 564 666 601 Hieronymum
681 566 708 593 in
724 566 861 600 Catalogo,
875 565 955 594 lose-

170 610 252 645 pbum
263 610 292 637 in
308 609 369 637 Vita
378 618 438 641 sua,
451 609 573 638 Suidam.
590 610 818 646 Stephanusitem
833 611 867 639 de
881 611 955 638 urbi-

171 655 222 683 bus
239 655 297 682 haec
310 655 344 682 de
355 663 388 683 eo
401 666 407 684 :
426 655 474 683 ‘Ex
480 656 580 691 ταύτης
589 656 648 692 [τῆς
662 656 830 692 Τιϐερίαδος]
845 654 880 692 ἦν
892 657 955 684 Ἰοῦ-

171 709 232 732 στος
246 700 260 726 ὸ
270 701 316 727 τὸν
324 701 467 729 Ἰουδαϊκὸν
479 702 595 737 πόλεμον
605 702 650 728 τὸν
669 702 741 728 κατὰ
752 698 953 729 οὺεσπασιανοῦ

170 746 324 782 ιστορήσας.
344 745 444 774 Verum
456 754 511 774 non
528 751 634 774 tantum
650 747 684 774 de
696 746 775 774 iusto
789 746 852 779 hoc,
869 748 916 775 sed
929 753 956 775 et

169 792 203 819 de
223 791 341 827 .Iosepbo
355 791 461 825 Judaao,
487 791 614 825 Tatiano,
634 792 776 825 Africano,
802 792 953 825 Clemente,

168 837 297 867 Eusebio.
325 845 434 866 necnon
455 842 483 865 et
503 838 566 866 aliis
584 838 774 873 scriptoribus,
792 846 909 873 quorum
926 839 954 866 in

169 882 221 910 hoc
238 885 357 910 tractatu
374 882 403 909 fit
416 883 530 915 mentio,
545 886 572 911 et
584 890 677 911 eorum
699 883 810 918 scriptis
824 883 912 912 fusius
925 884 953 912 in

169 933 263 956 nostra
292 929 327 956 de
361 929 540 963 scriptoribus
574 916 767 957 ecclesiasticis
791 929 952 957 Bibliotheca
968 916 989 944 Β

169 982 251 1009 quam
271 974 434 1009 jamdudum
455 981 594 1009 paramus.
617 974 667 1002 Hic
683 983 715 1002 ea
738 979 846 1002 tantum
867 976 954 1012 tetigi-

170 1027 232 1047 mus
246 1028 307 1055 quae
321 1020 355 1047 ad
374 1028 431 1048 rem
448 1020 539 1048 facere
555 1020 726 1048 videbantur.

203 1066 262 1093 Col.
281 1066 343 1098 708,
361 1066 410 1093 lin.
434 1066 461 1093 6.
480 1065 540 1093 Τῶν
561 1065 593 1092 δὲ
617 1066 710 1100 ἁγίων
728 1075 782 1099 τις.
806 1065 952 1093 Eusebium

168 1120 231 1140 esse
250 1113 318 1140 nulli
333 1112 457 1145 dubium,
478 1120 558 1147 quem
576 1113 659 1140 tacito
685 1113 796 1140 nomine
819 1112 951 1148 praeterit,

170 1155 252 1191 idque
270 1156 334 1184 odio
346 1161 373 1184 et
398 1157 536 1184 simultate
548 1157 666 1191 quadam
681 1156 802 1184 oll‘ensus
825 1157 953 1184 consulto

170 1202 235 1236 agit.
251 1200 338 1229 Homo
352 1202 509 1236 apostolica:
534 1202 658 1230 veritatis
679 1207 814 1237 rectaque
829 1202 891 1230 ﬁdei
909 1210 952 1230 se-

168 1251 266 1280 ctator,
277 1251 394 1274 tutorem
408 1255 439 1275 ac
455 1247 589 1275 vindicem
602 1248 711 1275 Arianze
730 1248 877 1281 haereseos,
897 1248 953 1275 vul-

169 1296 260 1327 gatum
274 1297 302 1319 et
322 1297 418 1320 notum
437 1294 564 1321 omnibus
580 1293 690 1321 Eusebii
714 1295 872 1329 negotium:
890 1294 952 1321 illu-

169 1339 235 1366 stris
258 1339 286 1366 in
302 1339 354 1366 fide
364 1339 551 1366 conservanda
568 1338 702 1366 Eustathii
720 1339 860 1374 provincia
871 1347 954 1375 syno-

169 1384 221 1412 dus
235 1384 282 1411 illa
303 1384 411 1411 Nlczena
427 1385 439 1411 t
474 1389 501 1412 et
519 1384 546 1416 2,
563 1385 689 1420 dictaque
704 1390 824 1412 veterum
841 1386 954 1414 histori-

169 1437 264 1456 corum
289 1429 453 1456 conﬁrmant
477 1430 543 1464 ipsa:
568 1429 677 1457 Eusebii
704 1430 878 1465 scriptiones.
905 1430 953 1459 Pio

171 1480 321 1509 sanctoque
331 1475 422 1502 animo
434 1474 467 1502 ad
480 1474 687 1509 concipiendum
703 1475 794 1502 odium
805 1482 888 1502 causa
897 1476 954 1503 haec

172 1520 234 1555 plus
242 1520 322 1548 etiam
336 1520 414 1548 satis.
431 1519 519 1554 Hujus
533 1521 614 1547 etiam
627 1519 734 1547 dissidii
750 1520 881 1555 Origenes
895 1522 954 1556 ipse

172 1573 257 1593 causa
274 1567 358 1592 altera
375 1570 402 1593 et
429 1566 586 1601 singularis.
604 1565 739 1593 Eusebius
758 1570 832 1594 totus
858 1571 900 1594 est
925 1568 952 1593 in

170 1610 287 1646 Origene
311 1612 496 1644 defendendo;
521 1619 601 1638 suum
634 1611 754 1639 studium
787 1616 815 1639 et
841 1619 951 1647 operam

171 1655 305 1693 impepdit
319 1659 346 1683 in
360 1656 486 1687 historia;
503 1656 586 1682 etiam
600 1657 791 1690 Apologeticos
808 1663 823 1682 a
839 1663 868 1683 se
883 1656 952 1683 scri-

170 1704 243 1735 ptos,
261 1705 290 1727 ut
307 1702 347 1728 eis
362 1701 443 1728 addat
458 1705 485 1728 et
502 1700 586 1727 robur
615 1705 642 1727 et
657 1699 761 1734 pondus
777 1701 952 1728 sanctissimo

169 1745 310 1780 Pamphilo
337 1746 448 1780 martyri
477 1745 599 1772 ascribit.
625 1745 732 1780 Susque
758 1745 845 1780 deque
871 1750 952 1773 ruant

170 1792 272 1823 omnia,
287 1795 392 1818 tantum
410 1791 448 1818 illi
462 1791 538 1818 solus
559 1795 682 1818 servetur
700 1791 845 1818 incolumis
860 1791 953 1827 Orige-

171 1844 230 1868 nes,
243 1836 277 1863 ab
295 1837 515 1864 accusationibus
546 1839 572 1864 et
585 1844 600 1863 a
614 1836 721 1864 delictis
740 1836 816 1864 liber.
834 1836 950 1864 Tantum

172 1882 319 1913 hominem,
336 1886 362 1909 et
378 1885 482 1908 tantum
497 1882 578 1909 heroa
590 1883 617 1908 in
628 1881 748 1909 Ecclesia
762 1882 866 1916 (quidni
878 1883 950 1909 enim

171 1927 292 1954 dubitem
310 1927 350 1954 sic
373 1926 516 1961 Origenem
533 1927 680 1962 appellare,
698 1927 845 1954 multorum
862 1931 888 1953 et
907 1935 951 1954 ve—

171 1973 397 2006 tustissimorum,
416 1980 565 2008 eorumque
591 1973 826 2000 sanctissimorum
840 1973 950 2000 Patrum

171 2019 328 2046 testimonio
355 2019 450 2055 fultus)
467 2027 482 2046 a
497 2019 644 2047 calumniis
668 2020 835 2046 vindicatum
856 2020 951 2047 defen-

171 2066 236 2092 dere
250 2066 324 2100 pium
342 2070 394 2097 est,
406 2065 539 2100 amicique
554 2066 645 2096 animi,
660 2066 706 2093 sed
730 2066 755 2092 in
768 2066 890 2094 criminis
905 2066 952 2094 de-

171 2112 314 2144 fensione,
342 2115 368 2138 et
389 2111 531 2146 dignitatis
562 2111 777 2146 propugnatione
807 2112 950 2138 veritatem

169 2157 322 2188 obvertere,
335 2160 362 2184 et
381 2157 480 2183 malum
499 2156 570 2183 malo
584 2156 692 2182 trudere
714 2156 810 2190 pejori,
834 2156 950 2184 Enscbio

169 2205 286 2232 tantum,
307 2205 334 2228 et
359 2201 432 2228 illius
454 2201 547 2228 farina
574 2201 729 2227 hominibus
756 2202 948 2229 concedamus.

965 1589 986 1617 C

1006 297 1089 328 σηοω,
1106 296 1175 331 Ἤδη
1190 296 1239 331 μὲν
1257 295 1304 323 οὖν
1318 297 1419 323 τούτων
1441 298 1488 324 χαὶ
1502 298 1633 334 πρότερον
1645 299 1674 324 ὲν
1686 295 1726 329 οἷς
1740 298 1793 325 διε-

1005 341 1176 376 τυπωσάμην
1197 343 1334 377 χρονικοῖς
1354 343 1462 369 κανόσιν
1477 343 1611 380 ἐπιτομὴν
1626 343 1794 378 κατεστησά-

1007 395 1070 422 μὴν⁸
1078 387 1269 423 πληρεστάτην
1281 387 1304 414 δ’
1313 386 1359 414 οὖν
1369 388 1442 423 ὅμως
1453 388 1541 416 αὐτῶν
1551 389 1597 415 ἐπὶ
1603 389 1650 416 τοῦ
1660 389 1794 425 παρόντος

1004 431 1135 468 ὡρμήθην
1150 433 1199 468 τὴν
1211 433 1348 469 ἀφήγησιν
1373 434 1547 469 ποιήσασθαι.
1561 434 1658 461 Mirum
1673 441 1739 461 sane
1751 436 1795 460 est.

1005 482 1036 504 ut
1049 477 1183 513 Josephus
1199 478 1321 514 Scaliger
1335 479 1363 506 in
1391 479 1488 507 borum
1508 480 1655 508 verborum
1695 487 1790 514 perce-

1004 524 1097 560 ptione
1110 525 1245 556 ctecutiat.
1255 530 1281 553 et
1297 525 1413 552 aliorum
1431 526 1553 553 omnium
1578 533 1680 553 censor
1695 525 1723 552 in
1745 525 1790 552 bis

1004 568 1167 596 clarissimis
1183 569 1273 597 verbis
1289 570 1411 605 indigeat
1429 578 1544 599 censore
1556 581 1564 605 ;
1576 572 1615 598 ait
1625 578 1742 606 namque
1760 571 1790 598 in

1004 613 1289 641 animadversionibus
1311 617 1345 641 ad
1370 614 1536 647 Eusebium,
1564 623 1626 642 cum
1653 614 1687 642 de
1716 615 1790 642 illius

1004 658 1095 692 operis
1120 658 1199 685 titulo
1226 663 1335 692 tractat,
1366 658 1493 687 Eusebius
1514 660 1638 695 praemio
1662 658 1791 686 Historia

1004 703 1189 731 ecclesiastica
1202 704 1366 738 simpliciter,
1382 713 1414 731 ac
1425 705 1452 732 in
1469 712 1560 739 genere
1569 704 1689 740 Χρονικά
1700 705 1790 739 appel-

1005 751 1059 782 lat,
1092 758 1232 786 eorumque
1264 759 1320 779 seu
1343 753 1473 786 epitomen
1500 753 1686 786 conscripsisse
1713 751 1789 778 dicit.

1003 795 1142 831 Nusquam
1154 795 1211 823 haec
1224 797 1358 824 sententia
1371 798 1399 824 in
1416 796 1526 824 Eusebii
1540 797 1640 829 verbis,
1655 804 1790 831 nusquam

1004 841 1204 868 Chronicorum
1221 840 1354 876 Epitome.
1371 841 1423 869 Sed
1438 841 1473 869 de
1485 846 1576 869 mente
1590 841 1702 868 Eusebii
1718 839 1790 868 infe-

1004 886 1073 913 rius.
1089 885 1195 920 Quibus
1211 885 1322 914 Eusebii
1336 887 1436 919 verbis,
1461 895 1523 914 cum
1539 895 1594 914 non
1615 887 1789 914 animadver-

1003 932 1083 959 tisset
1100 931 1209 962 Suidas.
1227 931 1279 959 sibi
1295 932 1412 967 aliisque
1430 932 1565 967 pluribus,
1582 931 1652 958 forte
1663 931 1746 958 etiam
1760 934 1789 958 et

1004 975 1142 1011 Scaligero
1157 976 1232 1003 varia
1247 977 1449 1004 commentandi
1464 981 1560 1004 auctor
1574 976 1642 1010 fuit;
1655 975 1789 1012 χρονικῶν

1003 1021 1122 1048 κανόνων
1137 1021 1311 1057 παντοδαπῆς
1335 1022 1465 1057 ἱστορίας,
1484 1022 1532 1049 καὶ
1545 1022 1647 1048 τούτων
1662 1022 1788 1056 ὲπιτομή.

1038 1066 1127 1094 Unum
1145 1075 1214 1102 opus
1228 1067 1377 1102 perfectum
1398 1068 1610 1102 absolutumque
1635 1068 1660 1094 in
1676 1067 1731 1094 duo
1745 1075 1790 1095 se-

1001 1112 1126 1148 junctutn
1149 1113 1254 1144 divisit.
1271 1121 1387 1148 quorum
1404 1114 1520 1140 alterum
1545 1116 1618 1140 esset
1642 1112 1789 1140 Chronictm

1004 1159 1057 1186 late
1072 1163 1178 1194 patens,
1194 1159 1309 1186 alterum
1324 1159 1418 1187 eadem
1431 1166 1492 1194 quae
1508 1163 1535 1186 et
1549 1158 1680 1193 primum,
1690 1157 1788 1184 decur-

1003 1209 1058 1232 tata
1070 1208 1172 1236 tamen,
1181 1208 1207 1232 et
1221 1205 1248 1231 in
1261 1205 1397 1239 epitomen
1409 1205 1518 1232 redacta
1530 1204 1692 1231 contineret.
1701 1202 1787 1230 Joan~

1002 1259 1052 1279 nes
1067 1251 1209 1279 Curterius
1226 1251 1253 1278 in
1271 1251 1386 1286 epistola
1399 1259 1480 1286 quam
1498 1251 1612 1286 praefixit
1628 1250 1787 1286 fragmentis

1003 1297 1112 1324 Eusebii
1135 1297 1162 1323 in
1184 1297 1303 1324 editione
1326 1297 1459 1324 librorum
1489 1296 1559 1323 Hist.
1583 1296 1785 1328 ecclesiasticis,

1003 1342 1102 1369 asserit
1123 1342 1209 1368 solam
1232 1342 1369 1376 epitomen
1393 1343 1472 1369 nobis
1491 1349 1648 1377 superesse,
1667 1348 1788 1370 canones

1003 1392 1093 1415 autem
1119 1387 1266 1415 chronicos
1285 1387 1431 1419 excidisse,
1447 1393 1608 1422 argumento
1628 1391 1738 1423 sumpto
1751 1394 1786 1414 ex

1003 1434 1058 1461 illis
1074 1433 1234 1468 fragmentis
1251 1441 1311 1468 qua
1321 1434 1439 1461 citantur
1451 1434 1486 1461 ab
1499 1434 1645 1462 Anastasio
1659 1435 1790 1468 episcopo

1002 1479 1128 1513 Nicaeno,
1154 1478 1212 1505 Lib.
1233 1482 1324 1512 quiest.
1345 1479 1373 1504 in
1390 1477 1420 1506 S.
1433 1476 1600 1511 Scriptorum
1624 1487 1656 1506 ex
1673 1479 1785 1508 Eusebio

1003 1526 1031 1552 in
1041 1525 1186 1555 Chronicis,
1212 1531 1273 1557 qua:
1285 1527 1375 1549 tamen
1389 1530 1442 1549 non
1461 1523 1596 1550 habentur
1612 1524 1638 1550 in
1653 1523 1787 1551 Eusebia-

1003 1570 1046 1596 nis
1065 1569 1209 1596 Chronicis
1225 1576 1285 1602 quin
1308 1569 1550 1596 circumferuntur.
1573 1568 1642 1596 Huic
1664 1569 1787 1604 opinioni

1003 1614 1110 1641 videtur
1121 1614 1211 1640 favere
1223 1613 1400 1645 Tritbemius,
1413 1613 1489 1644 dum,
1499 1613 1546 1641 lib.
1563 1613 1603 1641 De
1615 1615 1786 1649 scriptoribus

1002 1659 1186 1686 ecclesiasticis
1204 1658 1313 1686 Eusebii
1328 1666 1410 1694 opera
1436 1667 1612 1692 enumerans,
1639 1666 1718 1688 vocat
1734 1661 1786 1688 hoc

1001 1705 1089 1739 ipsum
1112 1712 1181 1739 opus
1201 1703 1309 1731 Eusebii
1331 1713 1385 1732 non
1411 1704 1571 1736 Chronicon,
1590 1705 1637 1732 sed
1649 1705 1787 1740 Epitomcn

999 1751 1137 1779 Chronica:
1151 1759 1160 1777 ι
1176 1751 1216 1777 sic
1235 1751 1308 1777 enim
1326 1750 1380 1779 ille.
1404 1749 1538 1784 Epitomes
1561 1750 1698 1777 Chronica:
1720 1750 1787 1776 liber

1001 1803 1068 1822 unus
1084 1803 1143 1821 cum
1156 1794 1204 1821 hoc
1219 1794 1297 1820 initio
1309 1801 1319 1820 .'
1331 1793 1446 1828 Moysem
1464 1795 1548 1829 gentis
1564 1793 1713 1821 Hebraicis.
1733 1794 1787 1821 Alii

1000 1829 1190 1867 existimarunt
1201 1838 1360 1865 Chronicum
1372 1838 1445 1872 quod
1462 1843 1548 1866 exstat
1563 1846 1618 1866 non
1639 1847 1699 1866 esse
1713 1839 1785 1865 illam

1001 1886 1034 1913 ab
1050 1885 1167 1912 Eusebio
1181 1884 1333 1912 confectam
1349 1883 1504 1919 Epitomrn,
1520 1891 1569 1910 nec
1587 1884 1784 1918 Hieronymum

1001 1932 1074 1958 illam
1089 1931 1201 1958 vertisse
1219 1940 1225 1957 :
1244 1930 1290 1957 scd
1305 1938 1367 1957 esse
1386 1938 1481 1957 verum
1497 1929 1652 1957 Chronicon
1667 1929 1787 1957 historias

1002 1977 1102 2004 factum
1126 1976 1159 2003 ab
1181 1975 1307 2007 Eusebio,
1326 1980 1353 2002 ct
1373 1975 1534 2003 translatum
1561 1975 1596 2001 ab
1608 1974 1785 2009 Hieronymo,

1002 2023 1063 2051 licet
1079 2023 1106 2050 in
1116 2023 1196 2049 aliam
1213 2022 1325 2048 formam
1350 2021 1490 2049 redactum
1513 2026 1539 2048 et
1553 2021 1715 2047 mutilatum.
1732 2019 1787 2047 Lir-

1001 2068 1114 2095 dovicus
1132 2066 1213 2093 Vives
1236 2066 1262 2092 in
1278 2066 1395 2100 August.
1412 2065 1459 2092 lib.
1482 2073 1559 2096 xvnl,
1578 2065 1616 2091 Ite
1637 2066 1707 2091 cirit.
1725 2064 1784 2096 Dei,

1001 2120 1061 2147 cap.
1079 2112 1105 2143 8,
1127 2117 1153 2138 et
1167 2111 1307 2138 Arnoldus
1330 2111 1468 2138 Pontacus
1489 2111 1612 2138 sentiunt
1639 2114 1785 2145 utrumque

1001 2163 1108 2185 exstare
1128 2161 1154 2184 et
1177 2156 1337 2188 Chronicon,
1359 2160 1387 2183 et
1410 2155 1557 2190 Epitomen.
1579 2160 1606 2183 et
1620 2157 1672 2184 hoc
1694 2157 1784 2191 ipsum

1002 2210 1062 2230 csse
1083 2202 1149 2229 illud
1169 2210 1239 2236 opus
1260 2201 1334 2236 quod
1354 2201 1488 2229 habemus
1510 2209 1566 2236 prae
1588 2201 1730 2233 menibus,
1757 2205 1785 2228 et

170 2245 254 2280 A‘Igre
269 2246 319 2273 fert
333 2247 384 2274 hoc
398 2247 533 2281 ingenuus
547 2246 681 2272 Eustatbii
694 2246 804 2276 candor,
813 2252 838 2273 et
846 2255 893 2281 pro
906 2255 952 2274 vc—
969 2259 989 2285 D
1003 2248 1074 2282 quod
1088 2252 1201 2274 vocatur
1216 2255 1231 2273 a
1249 2246 1413 2282 Hieronymo
1428 2251 1456 2273 et
1468 2247 1529 2273 aliis
1552 2246 1660 2274 Eusebii
1674 2246 1785 2273 Chroni-

173 2295 264 2326 ritate,
280 2294 352 2328 quod
364 2294 451 2326 aiunt,
464 2295 554 2329 γυμνῇ
569 2293 671 2328 κεφαλῇ
689 2301 750 2319 cum
767 2293 884 2328 Origene
896 2302 953 2321 cer-

173 2344 265 2366 tamen
276 2339 345 2366 init:
362 2339 504 2375 palamque
522 2344 547 2366 et
567 2346 642 2369 voce,
666 2342 694 2366 et
713 2339 823 2373 scriptis
844 2346 952 2368 errores

171 2386 246 2413 illius
270 2385 419 2420 impugnat,
438 2388 465 2412 et
485 2390 605 2419 apertam
621 2385 745 2411 veritatis
769 2384 876 2415 facient,
899 2393 952 2412 non

174 2430 334 2465 ambagibus
358 2434 385 2458 et
409 2431 479 2458 dolis
502 2435 656 2465 suspectam
681 2431 850 2457 amatoribus
874 2438 953 2465 expo-

172 2479 221 2509 nit,
238 2476 584 2511 volentibusquejudicium
594 2476 748 2502 connnittit.
766 2475 881 2509 Ideoque
889 2484 953 2510 quo-

170 2531 230 2551 rum
251 2523 352 2557 seripta
368 2522 420 2550 sibi
440 2523 563 2553 molesta,
586 2526 612 2549 et
628 2522 738 2548 nomina
756 2523 849 2548 odiosa
865 2521 950 2548 ducit.

169 2569 208 2597 Ne
219 2574 308 2596 tamen
317 2569 427 2595 omnino
437 2569 513 2596 famae
524 2569 665 2596 detrahere
676 2569 812 2595 videretur
820 2568 953 2597 illius.co-

170 2619 305 2649 natusque
319 2622 372 2641 non
388 2616 533 2645 aestimare.
546 2616 596 2642 hoc
611 2623 672 2642 eum
687 2614 786 2648 elogio.
800 2613 854 2639 τῶν
867 2614 952 2647 ἁγίων

169 2669 221 2691 ¹τις,
238 2667 292 2694 quo
309 2664 335 2686 et
350 2659 598 2693 perniciosissimos
618 2659 743 2686 homines
765 2662 893 2692 exceptos
914 2658 952 2684 le-

169 2707 270 2741 gimus,
288 2705 437 2732 decoravit.

202 2751 269 2779 Ibid.
292 2751 517 2785 Ἀκριϐεστάτην
530 2751 589 2777 τῶν
601 2751 726 2785 χρόνων.
737 2749 868 2783 Georgius
881 2749 952 2783 Syn-

170 2799 267 2830 cellus,
288 2798 317 2824 '0
332 2798 423 2832 μέντοι
434 2797 572 2829 Εὺσέὃιος,
585 2798 685 2832 καίπερ
716 2798 906 2832 πραγματείαν
921 2796 950 2822 οὐ

170 2845 217 2880 τὴν
230 2844 363 2879 τυχοῦσαν
383 2843 575 2878 συλλεξάμενος
606 2844 765 2878 φιλοπόνως,
783 2843 830 2868 καὶ
849 2842 951 2877 ταύτην

168 2891 216 2928 τὴν
224 2890 319 2919 ἑαυτοῦ
329 2890 455 2926 χρονικὴν
464 2890 622 2926 συγγραφὴν
631 2898 730 2917 uacuas
735 2889 843 2924 μνύνας.
854 2887 886 2915 Et
897 2887 951 2916 Eu-

1002 2301 1060 2320 can.
1075 2293 1176 2319 llorum
1196 2292 1284 2319 varias
1299 2292 1418 2319 rationes
1431 2296 1457 2318 et
1472 2292 1668 2326 explicationes
1684 2293 1708 2319 si
1722 2293 1784 2326 quis

1002 2338 1150 2369 desiderat,
1165 2339 1234 2373 legat
1250 2337 1568 2372 ApparatumPontaciin
1585 2341 1664 2365 notas
1683 2338 1716 2364 ad
1728 2338 1783 2364 Eu~

1003 2385 1071 2412 schii
1088 2384 1244 2411 Cltronicon.
1255 2383 1290 2410 lbi
1304 2384 1386 2414 enim,
1399 2383 1464 2410 dum
1480 2384 1529 2410 has
1541 2391 1609 2418 quas
1624 2384 1784 2418 scripsimus

1003 2430 1145 2465 opiniones
1165 2430 1273 2460 refellit,
1295 2436 1371 2455 suam
1391 2428 1498 2462 probat,
1518 2432 1545 2455 et
1566 2433 1596 2455 ut
1619 2429 1677 2462 ipse
1690 2429 1783 2455 existi-

1004 2478 1059 2501 mat
1075 2474 1251 2501 validissimis
1271 2474 1421 2500 rationibus
1429 2473 1590 2500 conﬁrinare
1607 2473 1713 2505 nititur,
1730 2482 1782 2500 non

1004 2519 1074 2554 quod
1100 2520 1150 2547 sibi
1173 2522 1361 2554 proposuerat.
1380 2519 1428 2546 sed
1445 2519 1518 2546 aliud
1536 2524 1634 2553 prteter
1655 2527 1730 2553 spem
1757 2526 1784 2546 et

1002 2566 1234 2600 exspectationem
1250 2564 1433 2595 demonstrat;
1452 2565 1489 2591 ait
1505 2570 1636 2598 namque:
1657 2563 1783 2591 Eusebius

1003 2613 1071 2639 enim
1080 2613 1217 2647 distinguit
1231 2612 1311 2639 libros
1322 2611 1446 2638 Historia!
1454 2612 1647 2639 ecclesiastica:
1672 2620 1687 2637 ιι
1702 2611 1785 2639 Chro-

1002 2659 1075 2690 nico,
1099 2659 1168 2692 quod
1184 2659 1211 2685 in
1232 2659 1288 2686 illis
1309 2659 1421 2692 plenius,
1440 2658 1467 2684 in
1484 2658 1531 2684 hoc
1552 2658 1664 2688 brevius,
1681 2658 1707 2684 in
1730 2658 1784 2684 illis

1004 2705 1171 2739 singillatim,
1188 2705 1214 2730 in
1227 2705 1273 2730 hoc
1286 2705 1447 2733 summatim.
1463 2709 1486 2730 et
1502 2705 1592 2738 ulipse
1602 2704 1724 2738 loquitur.
1739 2711 1785 2736 per

1001 2751 1139 2784 epitomeu,
1155 2755 1178 2776 et
1194 2751 1232 2776 ita
1245 2749 1386 2777 Cln‘onicos
1401 2758 1514 2776 canones
1530 2754 1553 2775 et
1570 2750 1696 2782 epitomen
1716 2748 1783 2774 idem

1002 2803 1066 2828 opus
1079 2803 1135 2821 esse
1152 2794 1225 2821 docet
1243 2794 1472 2827 manifestissime;
1491 2801 1550 2828 quae
1564 2801 1625 2820 cum
1638 2801 1700 2819 vera
1715 2793 1782 2824 sint,

1002 2849 1056 2868 non
1075 2845 1165 2867 tamen
1183 2841 1351 2874 propositum
1369 2840 1442 2868 illius
1464 2840 1600 2874 probant:
1617 2839 1688 2866 aliud
1709 2840 1782 2866 cnim

1002 2893 1044 2917 est
1072 2896 1125 2916 una
1146 2896 1208 2916 cum
1236 2887 1373 2915 Ludovico
1395 2886 1477 2914 Vives
1500 2887 1612 2919 sentire,
1638 2890 1784 2921 utrumque
