2143 3163
158 175 211 203 809

667 169 700 198 IN
720 164 906 197 EUSTATHII
923 162 1158 194 EEXAEIERON
1176 161 1290 192 κοτιιι.

1710 159 1763 190 810

158 237 333 260 munmt
350 234 478 256 annorum
498 227 567 255 [tunc
582 227 709 255 mandant
720 232 783 254 tunc
797 226 855 261 [ore
867 225 934 252 miro
948 230 973 257 Α
984 228 1012 252 et
1022 223 1061 251 rei
1074 220 1295 250 demonstrandae
1307 220 1479 256 propositum
1492 217 1627 255 potiusid
1636 226 1767 254 exposce-

158 277 316 312 comptttart't
338 275 452 311 ingenio.
480 274 567 309 Hujus
603 273 763 302 excellentis
790 277 818 300 et
851 271 934 299 unius

159 325 250 360 operis
270 326 362 359 partes
379 322 448 349 duas
461 324 556 349 auctor
574 320 656 348 fecit:
676 319 794 363 priorem
816 318 937 350 Κανόνας

159 366 333 402 παντοδαπῆς
355 364 474 401 ίστορίας
486 373 493 381 ·
519 366 705 400 posteriorem,
720 363 826 390 Κανόνα
846 371 937 399 χρονι-

159 412 208 439 κόν
221 410 370 445 inscripsit.
378 408 407 436 In
421 410 539 445 priorem
553 410 675 437 omnium
690 409 821 444 gentium,
840 415 938 444 regno-

159 465 232 488 rum,
249 456 400 487 civitatum,
423 454 569 486 cunabula,
600 455 730 490 origines,
760 454 938 489 antiquitates

159 501 313 530 contulerat
325 509 334 530 ι
346 501 375 528 in
387 499 534 528 secundam
541 500 631 528 solum
643 501 740 527 seriem
747 506 937 533 numerorum,

160 554 209 575 seu
219 553 354 573 annorum
370 545 575 580 imperatorum,
588 548 615 572 et
628 543 758 571 nonnulla
771 543 834 570 alia.
846 542 938 571 Prima

161 600 227 629 pars
248 592 380 628 prolixior
408 598 442 619 ex
465 590 549 618 variis
580 589 739 617 aucturibus
765 589 937 622 concinnata,

160 638 241 674 quasi
264 636 372 668 dili’usa,
394 640 422 664 et
442 642 511 671 pene
539 634 693 662 communis
710 633 744 660 ad
763 641 940 668 quascunque

160 683 228 711 alias
243 683 363 710 rationes
377 685 530 716 temporum
543 680 623 708 nobis
639 679 813 715 proponitur.
834 679 939 707 Secun—

161 729 196 757 da
212 728 333 756 strictior
345 731 372 756 et
386 727 507 763 pressior
528 726 580 754 soli
594 725 819 753 demonstrationi
833 724 936 757 dedita,

161 782 249 802 annos
268 780 416 809 eorumque
442 772 542 800 seriem
566 779 615 806 per
638 771 737 806 strigas
762 774 791 798 et
819 770 940 806 virgulas

160 818 334 852 manifestat;
350 818 436 846 multa
456 825 516 853 quae
542 817 570 844 in
590 816 675 852 priori
701 820 778 852 parte
805 815 937 849 confusa,

160 865 192 893 in
230 864 350 892 secunda
380 863 510 900 distincta
548 865 699 890 cernuntur
727 871 734 889 :
768 860 798 889 in
833 860 942 889 Conone

985 269 1051 297 bant
1065 272 1096 296 ut
1107 268 1142 296 ab
1163 268 1261 300 Adam,
1274 267 1317 295 vel
1333 266 1357 294 si
1383 273 1398 294 a
1421 266 1531 301 regibus
1550 272 1566 292 a
1591 264 1667 298 Belo,
1684 265 1725 292 vel
1748 270 1768 292 ι

987 315 1116 346 Saturno,
1129 309 1173 343 uel
1183 313 1247 342 aliis
1257 311 1461 348 antiquioribus
1479 312 1586 339 initium
1601 310 1709 339 dicendi
1727 310 1769 338 is-

986 366 1070 390 ceret.
1093 361 1154 397 Ipse
1175 367 1241 388 vero
1271 366 1287 387 a
1303 358 1373 387 Nino
1388 366 1436 387 seu
1464 359 1599 386 Abraham
1615 357 1768 387 exorditur.

987 407 1121 435 Ceterum
1137 406 1266 438 Eusebio,
1282 405 1409 441 aliisque,
1430 404 1476 442 qui
1490 411 1540 439 pro
1555 404 1728 438 antiquitate.
1740 405 1768 430 et

987 453 1109 481 veritatis
1124 453 1258 488 religione
1273 459 1336 479 cum
1349 451 1476 492 gentibus
1489 449 1641 481 certabant.
1655 455 1768 477 necesse
1819 486 1823 490 _

987 503 1061 532 erat,
1077 502 1108 537 ut
1122 506 1156 526 ex
1182 499 1265 526 rebus
1279 497 1350 532 apud
1368 497 1433 525 illos
1447 496 1530 527 notis.
1561 494 1684 536 nullique
1699 501 1768 522 con-

987 534 1119 573 troversis
1129 544 1229 580 scripta
1237 542 1442 579 componerent.
1448 541 1574 569 Ethnicis-
1581 534 1670 568 autem
1680 540 1769 568 histo-

988 590 1154 626 riograpbis.
1179 593 1235 617 tam
1261 589 1362 617 Grecis
1388 595 1470 624 quam
1500 586 1605 614 Latinis
1626 592 1770 614 commune

989 636 1051 669 fuit,
1067 640 1097 664 ut
1110 640 1227 664 testatur
1240 635 1344 663 Paulus
1359 634 1484 665 Orosius.
1500 637 1531 661 ut
1550 633 1663 660 annales
1676 639 1740 660 suos
1752 638 1770 659 a

989 682 1060 710 Nino
1071 682 1233 716 inciperent,
1245 688 1307 708 cum
1318 680 1410 708 omnia
1426 683 1489 707 ante
1498 686 1560 706 eum
1576 677 1683 713 penitus
1694 678 1772 712 igno-

990 731 1093 758 rarent.
1106 734 1158 754 nec
1173 726 1300 762 gentilem
1320 725 1404 753 ullam
1422 725 1552 752 haberent
1568 722 1719 750 historiam.
1737 722 1771 749 Et

991 773 1051 807 ipse
1067 771 1200 800 Eusebius
1216 771 1245 799 in
1264 770 1422 806 praefatione
1438 779 1445 796 :
1462 769 1507 796 Ἐν
1519 765 1559 800 οἷς
1584 767 1658 794 οὐδὲν
1675 767 1770 801 ἐπίση-

993 827 1042 855 μον
1057 817 1167 853 γεγονὸς
1185 817 1330 853 ἱστορεῖται
1351 816 1415 852 παρ’
1426 815 1563 851 Ἕλλησιν.
1576 814 1644 841 Hinc
1663 812 1773 841 Tertulr-

991 863 1082 891 lianus
1106 862 1153 889 lib.
1180 861 1219 889 De
1239 861 1349 896 pallio:
1376 861 1453 895 Piget
1477 860 1566 887 tristia
1592 866 1643 885 non
1672 857 1771 888 minus.

160 911 236 939 enim
268 910 390 937 chronica
428 908 620 937 consideratur
651 912 679 936 et
711 907 798 935 series
829 911 857 934 et
893 914 935 934 το·
955 907 976 936 Β
989 917 1068 944 quam
1086 916 1224 943 regnorum
1245 908 1311 934 cicer
1330 915 1471 934 recensere.
1489 906 1597 939 Quoties
1609 910 1635 932 et
1650 905 1702 931 ista
1716 911 1772 930 ma-

161 960 224 984 ctus
253 956 321 984 ordo
356 962 531 983 numerorum
572 961 620 982 seu
652 961 807 985 annorum,
836 960 942 980 necnon

161 1001 320 1030 earumdem
337 1001 472 1036 oppositio
488 1000 658 1028 diversorum
681 998 816 1027 ordinum.
842 998 940 1026 Arual-

161 1047 215 1075 dus
231 1047 368 1074 Pontacus
391 1050 469 1081 putat
488 1045 615 1073 Canones
643 1044 788 1072 cbronicos
804 1044 843 1078 nil
866 1043 940 1071 aliud

162 1100 235 1123 esse,
249 1099 330 1127 quam
345 1091 451 1119 tabulas
463 1091 580 1126 aliquas.
599 1089 627 1117 id
641 1093 693 1121 est.
723 1089 832 1115 diversa
852 1088 940 1122 spatia

162 1137 287 1168 dimensa
304 1135 383 1164 lineis
397 1143 429 1163 ac
440 1135 589 1166 laterculis.
615 1142 675 1169 quae
686 1133 829 1161 continent
846 1139 941 1160 nume-

163 1189 211 1209 ros
224 1181 276 1208 sibi
295 1181 434 1216 oppositos
450 1187 484 1207 ex
506 1179 632 1212 adverso,
661 1179 762 1214 quibus
786 1177 942 1204 indicantur

162 1231 287 1261 tempora
302 1233 350 1253 seu
363 1225 427 1252 anni
445 1225 615 1251 diversorum
631 1230 725 1259 regum
743 1223 857 1250 invicem
875 1229 942 1249 con-

162 1275 317 1302 currentes.
331 1278 378 1297 seu
399 1269 607 1300 concordantes,
634 1272 660 1295 et
673 1275 705 1294 ex
729 1274 843 1302 quorum
858 1266 943 1293 colla—

162 1317 249 1348 tione,
262 1323 309 1343 seu
322 1314 532 1349 computatione,
544 1313 680 1348 colligitur
688 1313 830 1344 canonica,
839 1319 886 1339 seu
898 1318 943 1339 re-

163 1364 268 1398 gularis
281 1365 308 1389 et
322 1365 397 1389 certa
409 1366 562 1395 temporum
580 1359 746 1394 supputatio,
761 1361 788 1385 et
806 1357 942 1385 collectio.

163 1406 281 1442 Ideoque
296 1407 370 1440 unio.
393 1414 440 1434 seu
456 1404 602 1432 concordia
626 1408 742 1439 quatuor
765 1403 945 1438 evangelista—

164 1461 239 1484 rutn.
257 1459 318 1488 quae
335 1452 369 1479 ab
387 1450 503 1478 Eusebio
522 1449 697 1479 describitur.
721 1455 770 1483 per
788 1447 943 1482 bujusmodi

165 1498 255 1526 lineas
279 1502 369 1525 rectas
393 1501 420 1524 et
443 1500 626 1526 transversas,
651 1501 712 1530 qua:
727 1494 944 1528 complectuntur

166 1548 258 1571 certos
278 1548 306 1570 et
321 1543 443 1570 diversos
459 1548 588 1568 numeros
599 1541 715 1567 invicem
727 1539 779 1566 sibi
791 1540 942 1574 oppositos,

166 1589 267 1625 quibus
297 1587 452 1615 indicantur
478 1586 585 1614 diversa
611 1585 700 1620 capita
726 1585 754 1611 in
773 1585 871 1619 quibus
890 1584 942 1618 ipsi

165 1634 339 1668 evangelista
352 1632 528 1662 conveniunt.
552 1631 670 1658 Conone:
687 1630 827 1665 evangelici
846 1629 943 1656 dicun-

166 1685 223 1708 tur.
239 1680 291 1707 Sed
304 1679 369 1714 quid
384 1679 472 1705 verbis
485 1685 564 1712 opus,
572 1684 634 1704 curn
648 1675 692 1703 hic
704 1676 761 1710 ipse
775 1675 943 1706 Eustathius,

167 1725 294 1760 quisnam
317 1724 398 1751 fuerit
413 1722 558 1750 Chronius
572 1729 656 1748 conon
672 1720 780 1748 Eusebii
794 1720 945 1747 clarissime

167 1771 304 1806 explicet?
317 1769 449 1805 Χρονικοῦ
465 1769 519 1805 γὰρ
536 1767 646 1799 κανόνος
661 1766 785 1799 σύνταξιν
801 1767 945 1802 ἐπινοήσας

167 1818 202 1844 ὲκ
215 1816 384 1852 παραλλήλου
399 1814 598 1850 ἀντιπαρέθηκε
613 1813 658 1840 τὸν
673 1813 736 1848 παρ’
751 1812 857 1847 ἑκάστῳ
876 1811 946 1838 Εθνει

166 1861 370 1889 δυναστεύοντα.
387 1860 513 1889 Omnium
530 1859 631 1894 optime
643 1858 670 1885 id
680 1858 799 1886 declarat
813 1857 946 1884 Eusebius

168 1907 196 1933 in
211 1905 342 1941 protentio
354 1904 480 1933 seCundte
490 1904 586 1938 partis,
602 1904 628 1929 in
644 1909 698 1937 quo
708 1901 772 1937 quid
786 1902 870 1936 prima
884 1908 946 1936 pars

172 1959 188 1978 a
210 1951 330 1978 secunda
344 1950 450 1977 dill'erat
462 1949 537 1976 hisce
547 1949 658 1983 exponit
674 1947 758 1981 εῈγὼ
770 1946 798 1973 δὲ
808 1946 872 1982 περὶ
882 1946 947 1972 πολ-

167 1995 216 2024 λοῦ
226 1995 272 2022 τὸν
285 1995 369 2030 ἀληθῆ
385 1995 462 2029 λόγον
476 1994 638 2030 τιμώμενος,
660 1994 707 2021 καὶ
722 1993 752 2020 τὸ
768 1993 879 2028 ἀκριεὲς
891 1993 948 2019 ἁνι-

168 2042 280 2079 χνεῦσαι
296 2042 339 2068 διὰ
349 2042 466 2077 σπουδῆς
480 2042 646 2078 προύθέμην.
660 2041 755 2067 Ἔνθεν
766 2041 906 2077 ὁρμηθεὶς,
920 2041 948 2067 ὲν

170 2088 221 2122 μὲν
239 2088 271 2122 τῇ
286 2087 337 2122 πρὸ
353 2087 453 2123 ταύτης
465 2087 587 2120 συντάξει
602 2087 666 2118 ὕλας
681 2086 831 2122 ἐκπορίζων
840 2086 949 2121 ἐμαυτῷ

170 2132 273 2168 χρόνων
291 2132 448 2166 ἀναγραφὰς
466 2131 658 2166 συνελεξάμην,
671 2130 797 2162 παντοίας
815 2130 949 2165 βασιλείας

167 2178 224 2205 τῶν
231 2177 379 2210 Χαλδαίων,
389 2178 545 2214 Ἀσσυρίων,
553 2177 661 2212 Μήδων,
670 2176 791 2212 Περσῶν,
798 2176 900 2208 Λυδῶν,
908 2177 950 2203 'E-

992 954 1179 986 taurint,iom
1192 953 1253 980 inde
1277 961 1294 979 α
1316 951 1388 979 Nino
1405 951 1462 979 Beli
1484 950 1624 986 progenie!
1647 951 1672 976 si
1685 954 1774 979 tamen

993 999 1079 1026 Ninus
1091 999 1208 1034 regnarit
1222 998 1334 1034 prima.
1354 1001 1381 1023 ut
1397 1000 1518 1024 autumat
1533 996 1696 1030 superiorum
1709 1002 1774 1029 pro-

992 1046 1102 1079 fanitas,
1121 1033 1250 1079 fanisque
1270 1043 1340 1079 apud
1362 1050 1405 1069 vos
1430 1042 1504 1068 ultra
1529 1041 1613 1076 uylus
1643 1048 1694 1067 non
1710 1047 1774 1075 pro-

991 1090 1117 1125 greditur.
1130 1090 1163 1117 Et
1173 1090 1300 1117 Albertus
1315 1089 1400 1117 abbas
1413 1087 1555 1116 Stadcnsis
1572 1087 1599 1114 in
1616 1086 1746 1115 Chrom'co
1761 1093 1773 1112 .-

992 1134 1011 1161 Α
1026 1135 1111 1168 primo
1131 1139 1238 1169 parente
1263 1134 1397 1161 hominum
1419 1141 1499 1168 usque
1514 1132 1548 1159 ad
1570 1131 1671 1158 Ninum
1685 1131 1773 1158 nullos

992 1185 1066 1207 actus
1084 1188 1172 1207 rerum
1183 1179 1347 1207 manualium
1361 1178 1564 1214 historiograplti
1575 1177 1685 1213 posteris
1700 1181 1773 1204 amt-

994 1226 1090 1253 lerunt.
1106 1225 1218 1261 Ideoque
1233 1226 1266 1252 ab
1285 1226 1342 1260 ipso
1364 1230 1507 1259 ceperunt.
1521 1224 1583 1259 quia
1602 1224 1656 1259 ipse
1672 1224 1773 1257 primus

993 1272 1081 1299 alieno
1096 1271 1221 1298 inuadens
1237 1271 1343 1298 minime
1356 1271 1411 1298 suis
1426 1271 1543 1297 terminis
1560 1269 1772 1298 crdicontenttu.

993 1317 1050 1344 Ilac
1063 1317 1155 1352 itaque
1176 1316 1281 1344 ratione
1298 1315 1374 1343 ducti
1398 1323 1504 1348 omnes,
1520 1320 1546 1342 et
1563 1315 1621 1350 ipse
1639 1313 1774 1342 Eusebius

994 1368 1009 1388 a
1027 1361 1096 1388 Nino
1111 1361 1228 1389 orditur.
1244 1360 1312 1388 Vide
1339 1360 1489 1393 Iustinum,
1523 1359 1683 1392 Diodorum,
1705 1359 1775 1387 Oro-

995 1408 1076 1438 sium.
1086 1407 1281 1435 Cassiodorum
1294 1411 1320 1434 et
1333 1407 1411 1434 alios.

1030 1453 1089 1481 Col.
1106 1452 1167 1484 708,
1183 1453 1231 1479 lin.
1246 1451 1289 1480 II.
1312 1452 1466 1486 Συνήτυγσ
1479 1450 1513 1478 δὲ
1528 1451 1665 1486 χρόνους.
1687 1449 1775 1478 Verba

996 1502 1060 1527 sunt
1077 1498 1185 1526 Eusebii
1204 1497 1232 1524 in
1253 1498 1386 1532 prommio
1408 1497 1451 1524 sui
1466 1496 1590 1524 Chronici
1607 1497 1733 1528 canonis,
1748 1500 1774 1523 ct

997 1551 1011 1571 a
1026 1543 1106 1571 nobis
1132 1545 1257 1578 superius
1277 1543 1400 1570 recitata.
1429 1542 1469 1570 Ex
1493 1543 1592 1577 quibus
1615 1543 1706 1577 regnis
1722 1542 1774 1570 duo

994 1589 1153 1617 exciderunt
1168 1589 1195 1615 in
1211 1587 1333 1620 Canone,
1348 1587 1523 1616 Chaldaicum
1536 1592 1564 1615 et
1576 1587 1774 1616 Thessalicum.

995 1633 1048 1662 Sed
1061 1633 1250 1661 Cbaldaaorum
1262 1641 1375 1669 regnum
1391 1634 1496 1661 salvum
1508 1633 1596 1661 adhuc
1608 1638 1732 1668 superest
1747 1634 1776 1661 in

994 1679 1118 1714 reliquiis
1131 1678 1234 1706 Graecis
1245 1678 1344 1713 prioris
1356 1678 1430 1711 libri,
1439 1677 1633 1706 Thessalorum
1650 1678 1776 1706 neutrubi

994 1729 1094 1752 exstat.

1030 1769 1111 1801 Ibid.,
1128 1769 1178 1796 lin.
1199 1768 1243 1796 16.
1273 1769 1329 1796 Kal
1348 1769 1460 1796 τούτων
1481 1769 1552 1802 τοὺς
1578 1770 1715 1804 χρόνους.
1738 1769 1779 1797 Ita

996 1820 1061 1851 puto
1080 1815 1272 1850 supplendum,
1298 1816 1353 1842 Καὶ
1366 1815 1468 1842 τούτων
1483 1817 1546 1848 τοὺς
1563 1816 1674 1852 χρόνους
1689 1817 1735 1843 ιπὶ
1747 1816 1779 1844 τὺ

995 1862 1062 1888 αὐτὸ
1091 1861 1269 1897 συναθροίσας
1299 1861 1412 1888 ἑκάστου
1445 1861 1537 1894 ἔθνους
1564 1862 1618 1889 τῶν
1648 1862 1780 1897 βασιλέων

985 1905 1183 1940 ’συνεξελέξατο
1192 1907 1312 1942 χρόνους,
1327 1910 1374 1934 aut
1390 1907 1453 1942 quid
1471 1907 1569 1935 simile.

1032 1952 1112 1984 Ibid.,
1127 1953 1174 1981 lin.
1188 1953 1233 1980 20-.
1248 1952 1329 1980 Κατὰ
1349 1952 1405 1987 τὰρ
1424 1959 1481 1986 την
1494 1953 1664 1988 ΣεμΙραμιν.
1696 1952 1781 1980 Euse-

996 1999 1059 2027 bius
1075 2008 1082 2026 ;
1096 1998 1169 2034 Πλὴν
1190 1997 1258 2025 ἀλλὰ
1280 1998 1327 2025 καὶ
1345 1997 1430 2029 οὓτως
1455 1997 1526 2025 κατὰ
1554 1998 1603 2033 μὲν
1618 1999 1733 2033 Ἴναχον,
1749 1998 1779 2025 ὃν

998 2043 1106 2079 πρῶτον
1131 2042 1259 2078 ’Έλληνες
1286 2043 1404 2078 Ἄργους
1434 2041 1589 2077 βασιλεῦσαί
1616 2050 1697 2076 φασι,
1733 2043 1779 2070 τὸν

1004 2089 1135 2126 Ἐϐραίων
1150 2088 1307 2124 προπάτορα
1323 2088 1429 2124 Ἰσραὴλ
1444 2088 1587 2123 γενόμενον
1602 2087 1690 2124 εὗρον,
1707 2089 1736 2122 ἐξ
1747 2084 1779 2115 οὗ

998 2133 1029 2161 τὸ
1036 2132 1221 2168 δωδεκάφυλον
1238 2133 1284 2159 τοῦ
1298 2132 1432 2159 Ἰουδαίων
1446 2132 1538 2164 ἔθνους
1552 2132 1602 2167 τῆς
1613 2132 1660 2158 τοῦ
1673 2131 1781 2168 Ἰσραὴλ

1000 2179 1156 2213 ἐπωνυμίας
1170 2177 1270 2213 ἠξιώθη
1290 2178 1360 2205 κατὰ
1375 2178 1403 2204 δὲ
1415 2178 1564 2213 Σεμίραμιν
1583 2177 1628 2204 τὸν
1644 2178 1779 2213 Ἀϐραὰμ,

171 2225 456 2260 δραίιυν,Δίτυπτίων,
465 2223 622 2258 Ἀθηναίων,
631 2222 769 2258 Ἀργείων.
784 2221 947 2254 Σικυωνίων,
964 2231 986 2259 ι)
1001 2223 1133 2250 Χαλδαῖον
1150 2223 1199 2258 μὲν
1218 2223 1249 2249 τὸ
1265 2223 1351 2257 γένος,
1361 2222 1446 2254 ἄλλως
1461 2231 1492 2257 γε
1508 2223 1592 2258 ἄνδρα
1607 2222 1781 2258 θεοφιλῆ,καὶ

170 2269 399 2304 Δακεδαιμονίων.
427 2268 584 2306 Κορινθίων,
609 2266 760 2300 Θετταλῶν,
777 2267 947 2300 Μακξδόνων,

169 2314 303 2348 Λατίνων,
309 2312 350 2346 οἷς
357 2314 583 2351 ὕστερονιγιγονεν
590 2315 702 2351 ἐπίκλην
711 2315 796 2350 ὄνομα
806 2315 934 2349 Ῥωμαῖοι
940 2323 947 2330 “

170 2358 241 2393 ἁμοῦ
249 2359 368 2392 γίνονται
382 2364 412 2387 ιε’
421 2369 428 2376 δ
443 2361 473 2387 ὲν
486 2361 514 2388 δὲ
530 2360 568 2396 τῷ
579 2361 702 2396 παρόντι,
712 2361 758 2387 ini.
773 2361 803 2386 τὺ
813 2360 878 2386 αὐτὸ
888 2360 950 2392 τοὺς

172 2403 286 2439 χρόνους
299 2404 466 2439 συναγαγὼν,
475 2407 521 2432 καὶ
533 2405 725 2441 ἀντιπαραθεὶς
737 2406 769 2432 ἐκ
780 2405 950 2441 παραλλήλου

172 2449 219 2474 τὸν
234 2448 298 2483 παρ’
307 2448 413 2484 ἑκάστῳ
437 2449 507 2476 ἔθνει
523 2450 576 2477 τῶν
595 2449 664 2476 ἑτῶν
679 2450 804 2485 ἀριθμὸν,
827 2449 951 2485 χρονικοῦ

175 2494 287 2525 κανόνος
302 2493 426 2527 σύνταξιν
443 2495 625 2531 ἐποιησάμην.
640 2494 680 2522 En
696 2495 776 2522 unius
785 2496 876 2530 operis
891 2502 948 2529 per-

175 2539 239 2566 fecti
255 2546 288 2566 ex
302 2539 361 2574 ipso
376 2543 488 2567 auctore
501 2540 555 2568 duo
568 2541 689 2568 membra
703 2540 842 2571 distincta.
857 2545 884 2568 et
896 2548 953 2567 am-

175 2586 272 2613 borum
288 2592 412 2619 scopum.
437 2589 518 2620 atque
533 2588 715 2622 propositum,
739 2586 839 2621 quibus
853 2586 953 2621 optime

175 2630 256 2658 nobis
265 2632 328 2665 quis
342 2630 378 2658 sit
391 2631 522 2667 Κρονικὸς
534 2631 623 2659 κανών
638 2632 794 2660 ἰηηοιοειιὶι.

209 2676 269 2704 Col.
288 2675 350 2707 708.
370 2676 419 2703 lin.
437 2676 480 2704 to.
502 2676 550 2704 Ἐκ
567 2670 769 2712 ¹καραλλιιλου
797 2677 953 2711 ,νινε-αρέ-

175 2721 257 2755 anu.
285 2721 391 2756 Optimo
405 2725 498 2750 noster
520 2721 680 2751 Eustathius
706 2723 797 2751 verbis
825 2723 912 2754 hisce.
938 2730 954 2751 a

176 2773 295 2800 quonam
305 2767 347 2794 vel
359 2760 431 2795 unde
443 2767 486 2794 sui
501 2766 628 2794 Cbmnici
643 2769 756 2797 canonis
769 2769 875 2796 initium
896 2769 954 2796 fue—

176 2812 212 2838 rit
227 2813 386 2849 auspicatus
400 2812 522 2847 exponit,
538 2812 665 2840 videlicet
688 2814 720 2840 tx
740 2814 790 2849 τῆς
803 2815 953 2850 ἀντιπαρα-

179 2856 288 2890 θέσεως·
304 2857 390 2885 series
404 2857 476 2884 enim
499 2859 664 2891 temporum.
684 2857 789 2885 ratione
807 2865 952 2890 annorum,

337 2905 472 2937 Panos.
489 2902 547 2934 Gn.
567 2901 681 2934 XVIII.

999 2268 1105 2305 πρῶτον
1119 2269 1173 2296 τῶν
1195 2270 1259 2304 παρ’
1279 2269 1413 2304 Ἑϐραίοις
1433 2268 1578 2306 προφητῶν
1602 2267 1671 2296 εἶναι
1698 2278 1781 2296 πεπι-

1000 2313 1155 2349 στευμένον.
1172 2312 1205 2340 Et
1215 2312 1333 2340 Joannes
1345 2313 1530 2340 Antiochenus
1541 2313 1569 2340 in
1578 2312 1760 2348 Archwolagia
1769 2321 1781 2341 :

1000 2359 1062 2386 Ὀτι
1085 2358 1157 2384 κατὰ
1172 2359 1235 2390 τοὺς
1255 2358 1379 2394 Ἀϐραὰμ
1399 2359 1508 2394 χρόνους
1530 2359 1620 2392 Νίνος,
1641 2359 1688 2386 καὶ
1700 2359 1781 2395 Σεμι-

1001 2412 1084 2440 ραμις
1099 2403 1262 2430 ἐὸασίλευον.
1302 2421 1305 2422 ν

1035 2447 1115 2480 Ibid.,
1129 2449 1176 2476 lin.
1188 2449 1233 2476 23.
1259 2448 1389 2483 Μωυσῆς
1402 2448 1437 2475 δὲ
1453 2448 1528 2476 κατὰ
1543 2450 1687 2483 Κέκροπα.
1698 2450 1784 2479 Euse-

1000 2495 1081 2522 bius:
1099 2494 1205 2521 Τούτων
1220 2494 1276 2531 γὰρ
1296 2495 1422 2522 ἁπάντων
1440 2495 1490 2530 τὴν
1508 2495 1626 2532 ιστορίαν
1647 2496 1784 2532 νεωτέραν

1001 2541 1051 2575 τῆς
1068 2540 1210 2576 Κέκροπος
1236 2541 1345 2575 ἡλικίας
1368 2541 1460 2573 παῖδες
1484 2541 1615 2578 Ἐλλήνων
1630 2541 1784 2579 παραδεδώ-

1001 2593 1075 2612 κασι.
1091 2586 1208 2612 Μωῦσέα
1227 2585 1257 2612 δὲ
1273 2588 1290 2621 ἡ
1313 2586 1438 2622 παροῦσα
1459 2587 1581 2621 ἐξέτασις
1601 2587 1655 2615 τῶν
1680 2588 1784 2625 χρόνων

1002 2631 1127 2666 γενέσθαι
1146 2631 1216 2658 κατὰ
1231 2633 1362 2668 Κέκροπα
1383 2633 1428 2660 τὺν
1442 2633 1534 2670 διφυῆ,
1551 2634 1580 2661 δν
1597 2634 1703 2669 πρῶτόν
1718 2642 1784 2668 φασι

1001 2677 1051 2711 τῆς
1065 2677 1188 2712 Ἀττικῆς
1211 2677 1378 2712 βασιλεῦσαι,
1396 2679 1535 2715 συνίστησι
1562 2679 1615 2715 πρὸ
1631 2679 1683 2706 τῶν
1706 2678 1785 2706 Ἰλια-

1003 2722 1057 2749 κῶν
1073 2722 1144 2757 ἀμφὶ
1174 2724 1212 2748 τν¹
1239 2721 1295 2757 ἔτη.
1324 2722 1363 2750 Ex
1390 2724 1490 2758 quibus
1514 2723 1662 2758 supplenda
1687 2723 1785 2751 lacuna

1003 2769 1033 2796 in
1053 2772 1148 2795 nostro
1168 2766 1311 2794 Eustathio
1329 2777 1336 2795 :
1352 2769 1401 2795 ὀν
1427 2768 1480 2804 πρὸ
1494 2768 1548 2796 τῶν
1570 2769 1691 2796 Ἰλιακων
1712 2768 1786 2797 luat

1003 2813 1166 2850 τριακοσίοις
1193 2814 1362 2848 πεντήκοντα
1391 2812 1599 2849 παραδεᾰίηιασι
1631 2813 1788 2849 βασιλεῦσαι

1004 2858 1111 2895 πρῶτον
1126 2867 1176 2893 της
1190 2859 1314 2890 Ἀττικῆς
1333 2858 1467 2893 Ἐλλήνων
1487 2858 1590 2891 παῖδας.
1617 2859 1672 2887 lmo
1687 2864 1789 2887 utrum-

1607 2905 1648 2936 26
