2143 3163
1036 150 1160 180 ιεοΝιε
1174 150 1311 178 ΑιιΑτιι

1929 147 1988 179 ιη

370 220 424 250 que
443 212 632 248 corrigamus:
661 212 762 240 misers
781 213 855 240 enim
880 213 908 240 in
923 211 1052 243 Eusebio,
1067 219 1083 239 a
1094 220 1150 248 quo
1163 216 1185 244 Α
1200 212 1307 247 placent
1320 220 1327 244 ;
1343 211 1410 247 quid
1435 211 1556 239 mirum?
1569 211 1709 247 displicuit
1727 213 1806 237 antea
1827 212 1854 237 et
1877 208 1989 238 divino-

370 262 474 290 noster,
492 265 547 285 non
559 263 664 288 tantum
678 258 706 285 in
720 258 812 291 editis,
837 259 884 286 sed
905 259 932 285 in
946 258 1074 286 omnibus
1094 259 1152 287 fere

369 304 562 339 manuscriptis
577 304 694 339 positum
706 308 750 332 est
763 308 800 332 ev
810 311 884 336 cccc,
895 311 944 339 pro
954 311 1089 338 cccuxv;
1103 305 1151 332 sed

369 351 512 387 castigatio
524 351 580 377 haec
595 351 665 378 inita‘
682 352 875 386 supputatione
895 350 1028 377 firmatur.
1043 350 1109 378 Nam
1126 351 1151 378 si

370 403 443 423 anno
462 402 560 422 ccccu
586 395 622 423 ab
634 395 771 423 Abraham
790 396 817 423 in
840 403 920 430 quem
946 395 1041 422 incidit
1063 403 1151 424 annus

369 447 441 466 xxxv
469 438 578 475 Moysis,
604 443 631 467 ct
663 439 767 475 primus
793 440 934 475 Cecropis,
961 440 1150 475 aggregaveris

367 491 496 517 cccusv,
518 485 638 519 reperies
650 492 737 512 annos
759 491 907 514 ncscrxxv.
924 492 979 520 quo
1001 484 1149 519 Trojanuin

367 530 484 565 contigit
496 530 643 561 excidium,
657 533 684 557 et
700 530 744 557 hic
757 537 817 565 qua:
830 530 927 557 scribit
941 530 1075 558 Eusebius
1091 530 1149 566 ipse

366 574 441 602 circa
457 583 558 602 annum
578 575 612 602 ah
627 575 762 602 Abraham
781 582 929 602 ncccxuv.
945 575 1023 608 Quod
1039 581 1067 603 ιιι
1084 575 1149 602 faci-

366 619 420 647 lius
442 619 551 647 crcdam
573 620 635 648 facit
651 620 772 647 Africani
798 621 948 648 auctoritas
966 621 993 648 in
1008 620 1147 653 Chronico,

365 665 410 693 ubi
427 666 464 692 ait
479 676 486 693 :
511 667 576 693 ’Δπὺ
592 667 735 702 Κέκροπος
754 667 801 693 ἐπὶ
817 666 866 702 τὴν
882 667 960 693 Ὶὶίου
975 667 1074 693 ἅλωσιν
1088 675 1149 693 συν-

365 711 475 745 άγονται
494 712 583 747 μικρῷ
599 712 693 738 δέοντα
712 712 759 746 ἔτη
776 715 809 739 ν’.

399 757 457 785 Col.
473 757 535 788 708,
545 758 591 784 lin.
607 757 652 786 2L
661 757 709 790 Ὠς
718 755 793 784 εἶναι
806 756 866 783 τῶν
881 757 948 791 παρ’
959 757 1098 790 Ἕλλησι.
1110 755 1147 783 Ex

363 801 497 830 Eusebio:
511 802 629 829 Μωῡσὲα
644 803 682 834 δὲ,
700 801 852 838 φιλαλήοωξ
870 803 966 833 εἰπεῖν,
977 802 1079 828 τούτων
1097 801 1147 836 μὲν

363 847 503 883 νεώτερον,
520 847 575 874 τῶν
597 848 625 874 δὲ
646 848 710 884 παρ’
730 847 856 882 Ἕλλησιν
881 847 1146 882 ἀρχαιολογουμένων

363 893 557 929 πρεσϐύτατον,
572 893 690 929 Ὀμήρου
705 892 841 928 λέγω,καὶ
853 893 985 923 Ἡσιόδου,
999 892 1044 918 καὶ
1056 892 1145 918 αὐτῶν
1163 883 1183 910 Β

362 939 416 966 τῶν
437 940 585 975 Τρωῖκῶν,
610 939 657 966 καὶ
685 940 723 966 ἐτι
751 938 938 974 Διοσκούρων,
965 938 1143 973 Ἀσκληπιοῦ,

361 985 498 1017 Διονύσου,
508 985 605 1021 ἡρώων
618 993 648 1011 τε
661 985 778 1016 πάντων,
787 984 886 1020 Ἑρμοῦ
906 992 936 1010 τε
949 984 995 1010 καὶ
1013 983 1145 1010 Ἀπόλλω.

361 1039 415 1062 νος,
435 1030 489 1056 τῶν
509 1038 538 1056 τε
559 1030 658 1056 λοιπῶν
681 1031 746 1065 παρ’
758 1029 868 1065 Ἕλλησι
886 1029 964 1059 θεῶν,
988 1029 1145 1065 μυστηρίων

359 1083 400 1107 τε.
419 1076 466 1103 καὶ
487 1075 611 1107 τελετῶν,
624 1076 683 1107 Διός
705 1084 734 1102 τε
755 1075 837 1102 αὐτοῦ
862 1074 986 1110 πράξεων
1005 1075 1059 1102 τῶν
1080 1075 1144 1110 παρ’

360 1121 472 1157 Ἕλλησι
484 1121 744 1157 μνημονευομένων.
768 1120 801 1147 Et
820 1120 952 1148 inferius:
969 1121 1075 1147 Γίνεται
1090 1120 1144 1156 γὰρ

359 1167 432 1202 μιτὰ
445 1168 574 1203 Κέκροπα
586 1169 600 1194 ό
614 1167 684 1194 κατὰ
696 1167 866 1194 Δευκαλίωνα
881 1166 1082 1202 κατακλυσμὸς,
1096 1167 1145 1193 καὶ

356 1213 376 1249 ἡ
391 1212 438 1239 {ﬁt
451 1213 596 1244 Φαέθοντος
608 1213 771 1248 ἐκπύρωσις,
789 1212 954 1248 Ἐριχθονίου
975 1220 1005 1239 τι
1027 1212 1142 1246 γένεσις,

357 1259 405 1286 καὶ
420 1260 436 1294 ἡ
452 1258 504 1285 ὑπὸ
516 1259 653 1295 Δαρδάνου
669 1258 718 1294 τῆς
740 1258 886 1294 Δαρδανίας
907 1258 1004 1289 κτίσις,
1022 1258 1052 1284 ὃν
1075 1258 1144 1294 πρῶ-

357 1312 404 1331 τον
423 1305 505 1339 φησὶν
517 1304 652 1341 Ὄμηρος,

394 1368 403 1375 .
441 1369 449 1376 .
488 1368 495 1375 .
535 1369 542 1376 .
583 1349 684 1376 Temo
697 1348 913 1383 νεφεληγερέτα
923 1348 1012 1381 Ζεύς·

357 1394 449 1430 Κόρης
461 1403 489 1421 τε
503 1394 624 1430 ἁρπαγὴ,
638 1396 684 1421 καὶ
705 1396 847 1430 Δήμητρος
861 1395 1008 1429 μυστήρια,
1024 1399 1076 1421 etc.
1091 1393 1143 1427 Qui

356 1440 434 1468 locus
449 1439 558 1468 Eusebii
576 1449 610 1468 es
627 1442 680 1468 hoc
704 1445 799 1469 nostro
814 1441 958 1468 Eustathio
979 1440 1143 1476 Hieronymo

357 1486 427 1514 duce
448 1487 615 1522 supplendus
645 1490 707 1519 est,
733 1486 897 1522 Ἐριχθονίου
930 1494 959 1512 τε
979 1486 1083 1520 γένεσις
1113 1485 1143 1519 ἐξ

361 1530 507 1565 Ἡφαίστου
533 1532 580 1558 καὶ
602 1530 672 1567 Γῆς,
689 1539 750 1567 quae
771 1531 961 1560 desiderantur
984 1533 1012 1559 in
1035 1531 1140 1560 Graeco.

356 1575 428 1603 Idem
444 1575 576 1604 Eusebius
591 1576 618 1603 in
634 1577 685 1604 hoc
699 1577 794 1605 eodem
807 1576 938 1604 Chronico
949 1582 1025 1611 parte
1034 1578 1120 1612 prima
1130 1586 1138 1602 -.

354 1622 433 1650 nam
456 1623 520 1658 παρ’
541 1621 653 1657 Ἕλλησι.
678 1621 872 1657 θαυμαζομένη
897 1622 995 1657 πρᾶξις
1014 1623 1068 1649 ἀπὸ
1087 1623 1141 1649 τῶν

360 1666 462 1701 Ἰνάχου
488 1667 608 1702 χρόνων,
630 1667 677 1693 καὶ
697 1667 843 1702 Φορωνέως
864 1667 904 1698 εἰς
923 1667 968 1693 τὸν
994 1667 1140 1702 μετέπειτα

354 1712 475 1748 φέρεται.
497 1711 542 1738 Διδ
555 1712 601 1738 καὶ
618 1711 730 1739 Πλάτων
746 1713 775 1738 ὲν
789 1712 894 1746 Τιμαίῳ
912 1712 950 1748 τῷ
963 1711 1077 1747 διαλόγῳ
1093 1712 1140 1739 τοῦ

353 1756 497 1792 Φορωνέως
519 1757 701 1793 impium-rat
721 1756 834 1792 χρόνων,
854 1757 891 1788 ὡς
915 1757 985 1784 πάνυ
1007 1758 1139 1790 παλαιῶν,

354 1802 402 1828 καὶ
413 1801 524 1834 Νιόεης,
536 1803 582 1829 καὶ
595 1802 642 1828 τοῦ
659 1801 718 1828 κατ’
736 1801 848 1836 Ὠγύγου
866 1803 1043 1838 ἀρχαιοτάτου
1056 1812 1140 1830 κατα-

355 1847 486 1883 κλυσμοῦ.
496 1847 536 1879 ὡς
549 1848 668 1882 λέγεται.
1073 1858 1075 1860 ·

390 1892 471 1925 lbid.,
479 1894 526 1920 lin.
537 1893 578 1920 2.5.
587 1894 711 1929 Ὀμήρου
723 1894 821 1928 λέγων
829 1894 878 1921 καὶ
891 1894 1037 1922 Ἡσιόδου.
1049 1894 1139 1923 οεῖιὶς

354 1942 383 1966 et
401 1938 463 1968 aliis
482 1939 640 1968 auctoribus
659 1939 693 1966 ab
715 1937 857 1967 Eustathio
874 1941 1092 1968 commemoratis
1111 1941 1140 1968 in

356 1988 454 2013 nostra
475 1984 510 2012 de
534 1985 711 2019 scriptoribus
734 1985 857 2020 profanis
881 1985 1044 2012 Bibliotheca
1062 1987 1140 2021 plura

354 2027 487 2056 dicemus.
501 2028 560 2056 Non
576 2027 649 2058 enim
667 2028 776 2056 videtur
791 2030 931 2065 praesentis
947 2030 1047 2065 negotii
1062 2031 1140 2065 plura

355 2073 389 2102 de
401 2073 455 2102 illis
470 2073 583 2105 referre,
601 2073 828 2109 quemadmodum
843 2078 871 2102 et
886 2074 920 2102 de
934 2075 995 2102 aliis
1010 2075 1140 2103 fabulosis

353 2125 470 2154 quorum
494 2119 539 2146 hic
562 2118 590 2145 tit
611 2119 726 2147 mentio.
740 2118 812 2154 Lege
831 2120 855 2146 si
877 2120 965 2155 placet
994 2120 1141 2155 Apollodo-

353 2172 425 2198 rum,
441 2164 622 2196 Pbornutum,
643 2164 804 2197 Palefatum,
822 2165 956 2200 Hyginum
971 2169 1139 2201 caeterosque

1201 265 1261 285 rum
1282 257 1420 285 hominum
1444 263 1506 284 acre
1531 256 1753 292 inculpatumque
1778 253 1935 289 judicium;
1958 259 1989 284 et

1200 303 1282 339 quod,
1299 303 1402 330 utinam
1418 303 1490 330 bono
1504 310 1556 329 suo
1572 302 1669 330 falsum
1679 302 1730 330 sit!
1746 308 1818 329 verae
1831 300 1987 329 catholic-

1200 357 1253 384 qoe
1275 349 1415 381 veritatis;
1432 347 1480 376 sed
1506 348 1539 375 ad
1559 348 1619 382 ejus
1633 348 1705 376 sicut
1726 352 1755 376 et
1774 351 1935 375 ceterorum
1957 346 1986 374 in

1201 395 1345 422 Homerum
1358 399 1475 421 conatus
1492 397 1521 422 et
1539 394 1667 424 rationes.
1684 394 1711 421 in
1731 393 1849 422 Homero
1863 395 1957 420 nostro
1968 398 1986 419 a

1199 441 1343 468 calumniis
1357 440 1506 472 vindicato,
1521 443 1551 466 ut
1566 439 1667 467 veritas
1686 446 1777 467 causa
1801 438 1925 474 exposcit
1940 444 1985 465 re-

1199 486 1373 522 spondemus.
1389 484 1426 512 De
1445 484 1554 512 Homeri
1576 489 1603 511 et
1618 483 1727 512 Hesiodi
1742 484 1912 520 temporibus
1926 483 1985 511 bac

1199 531 1279 559 habet
1296 529 1416 558 Joannes
1438 529 1634 561 Antiochenus,
1650 529 1678 556 iu
1692 529 1873 565 Αγιιιωοιοσὶα
1891 537 1901 557 :
1915 528 1984 557 Φαβί

1198 584 1269 607 τινες
1283 576 1406 611 Ὅμηρον
1424 576 1471 602 καὶ
1487 574 1606 602 Ἡσίοδον
1615 574 1697 600 sum;
1707 576 1878 610 συνακμάσαι
1891 595 1898 607 ,
1915 575 1941 602 οι
1954 574 1983 602 ﬂ

1197 622 1280 658 ὀλίγῳ
1300 623 1441 658 πρότερον,
1459 621 1522 648 οίδὲ
1539 621 1608 656 μετὰ
1626 620 1710 648 ταῦτα
1728 621 1861 656 γενέσθαι..
1945 646 1948 649 .

1233 667 1312 699 lbid.,
1330 667 1378 695 lin.
1399 667 1445 694 27.
1460 667 1524 694 Ἔτι
1543 674 1574 693 ts
1588 666 1743 700 Χείρωνος.
1759 665 1894 702 Iosephus
1913 666 1983 695 Sca-

1197 714 1265 750 liger
1277 712 1464 741 Animadvers.
1483 712 1511 739 in
1526 711 1636 739 Eusebii
1651 711 1820 743 Cbronicunt,
1837 712 1938 740 acriter
1951 712 1981 740 il

1196 759 1390 795 Hieronymum
1412 758 1559 790 invehitur,
1586 758 1734 792 multisque
1758 765 1819 784 eum
1844 758 1979 794 exagitat.

1196 805 1267 840 quod
1283 806 1368 832 multa
1387 805 1414 832 in
1429 804 1475 832 illa
1492 803 1714 838 interpretatione
1738 803 1894 831 necessaria
1913 803 1982 830 omi-

1196 851 1272 882 serit,
1298 851 1376 887 plura
1395 850 1430 878 de
1453 857 1503 878 suo
1519 848 1664 882 addiderit,
1679 849 1707 876 in
1723 849 1816 876 multis
1828 848 1911 876 etiam
1924 856 1980 876 non

1196 897 1231 924 sit
1247 896 1357 924 Eusebii
1380 900 1498 924 mentem
1522 898 1665 923 assecutus
1683 903 1691 922 :
1711 894 1753 922 sic
1774 894 1857 922 etiam
1877 894 1929 921 hoc
1951 894 1980 921 in

1195 941 1256 967 loco
1278 939 1312 967 de
1335 939 1447 967 Chirone
1465 940 1502 967 ait
1519 947 1618 967 nomen
1647 939 1698 966 hoc
1723 939 1756 966 de
1778 947 1827 966 suo
1847 938 1981 966 addidisse

1194 986 1393 1020 Hieronymum,
1409 994 1489 1019 neque
1501 994 1547 1020 per
1566 985 1654 1012 omnia
1670 985 1788 1013 auctoris
1809 986 1852 1012 sui
1864 985 1980 1020 vestigiis

1194 1032 1332 1059 institisse.
1348 1032 1428 1059 Aliud
1445 1036 1485 1059 est
1501 1031 1637 1059 infensum
1657 1039 1718 1059 esse
1733 1031 1836 1059 nomini
1852 1031 1979 1064 alicujus,

1195 1075 1268 1102 aliud
1280 1075 1419 1102 veritatem
1431 1082 1492 1110 qua:
1506 1076 1534 1102 in
1550 1075 1660 1110 scriptis
1674 1079 1716 1103 est
1732 1075 1877 1111 indagare;
1895 1075 1980 1102 multa

1194 1128 1310 1156 namque
1338 1121 1407 1149 forte
1431 1122 1458 1149 in
1475 1121 1569 1149 codice
1585 1129 1666 1156 quem
1691 1121 1872 1157 Hieronymus
1895 1121 1984 1149 inter-

1195 1168 1353 1203 pretabatur
1376 1168 1456 1195 aliter
1478 1167 1529 1202 legi
1555 1171 1690 1202 poterant,
1711 1174 1772 1202 qua
1793 1167 1852 1202 ipse
1874 1166 1980 1195 Latinis

1193 1213 1277 1245 dedit,
1302 1213 1354 1240 etsi
1377 1212 1457 1239 modo
1472 1212 1500 1239 in
1525 1216 1600 1239 testu
1620 1219 1700 1248 quem
1718 1219 1774 1247 pre
1788 1211 1916 1239 manibus
1930 1211 1981 1239 ba-

1194 1258 1289 1286 bernus
1312 1257 1354 1285 vel
1375 1265 1515 1293 superare.
1530 1257 1571 1284 vel
1585 1257 1700 1285 deiicere
1714 1260 1882 1290 cernuntur;
1898 1257 1981 1292 idque

1193 1312 1226 1331 ex
1248 1304 1299 1332 hoc
1325 1304 1436 1332 nomine
1457 1303 1586 1331 Chironis
1604 1306 1688 1338 patet,
1708 1302 1782 1338 quod
1805 1303 1828 1330 si
1852 1303 1880 1329 in
1903 1307 1980 1330 textu

1194 1349 1346 1378 Eusebiano
1362 1357 1416 1377 non
1430 1349 1535 1380 fuisset.
1551 1356 1690 1384 nunquam
1707 1348 1864 1377 Eustathius
1878 1349 1908 1376 in
1921 1348 1980 1376 suis

1194 1396 1304 1430 scriptis
1322 1396 1470 1423 retulisset.
1491 1394 1537 1422 Sic
1559 1395 1677 1422 dicimus
1697 1398 1724 1422 et
1741 1395 1770 1422 in
1794 1394 1865 1422 aliis.
1892 1395 1929 1422 At
1949 1394 1977 1422 in

1193 1442 1286 1469 multis
1302 1442 1402 1468 erravit
1418 1441 1610 1477 Hieronymus,
1632 1448 1682 1468 nec
1707 1440 1795 1469 ﬁdelis
1819 1441 1979 1475 interpretis

1194 1493 1316 1518 munere,
1332 1487 1369 1513 uti
1385 1494 1434 1521 par
1448 1491 1517 1518 erat,
1533 1486 1644 1513 functus
1665 1489 1718 1513 est.
1742 1486 1833 1513 Dicam
1857 1485 1979 1520 Scaliger

1193 1530 1265 1564 quod
1295 1531 1392 1558 sentio.
1417 1530 1513 1558 Errata
1540 1530 1810 1566 praeclarissimorum
1836 1530 1977 1557 hominum

1193 1579 1344 1611 stuporem,
1361 1583 1415 1603 non
1430 1580 1615 1611 contemptum
1625 1579 1797 1603 commovent
1809 1583 1817 1607 ι
1831 1576 1871 1603 sic
1886 1576 1914 1602 in
1933 1584 1979 1603 ro-

1190 1620 1272 1648 busto
1285 1621 1394 1648 homine
1410 1621 1519 1656 gravior
1532 1621 1656 1653 morbus,
1670 1624 1697 1648 ct
1710 1626 1784 1648 mors
1795 1621 1906 1656 inopina
1920 1628 1978 1648 me-

1191 1668 1248 1692 tum
1262 1666 1370 1699 incutit,
1387 1666 1512 1694 humana:
1530 1666 1686 1701 fragilitatis
1708 1673 1762 1694 non
1780 1667 1871 1694 minus
1886 1667 1978 1694 valen—

1190 1715 1241 1743 tes,
1256 1712 1303 1739 sed
1318 1717 1345 1739 et
1357 1712 1564 1740 robustissimos
1577 1712 1706 1739 admonet
1719 1716 1746 1739 et
1762 1712 1900 1740 cautiores
1914 1713 1977 1740 red-

1190 1759 1238 1786 tit.
1250 1757 1302 1791 Qui
1320 1758 1449 1785 Catonem
1469 1758 1576 1785 ebrium
1599 1757 1740 1789 viderunt,
1766 1765 1820 1785 non
1845 1758 1976 1791 riserunt,

1190 1804 1238 1831 sed
1256 1803 1433 1831 erubuerunt.
1460 1802 1577 1838 Ideoque
1599 1804 1700 1838 optime
1722 1803 1837 1835 dictum,
1861 1810 1917 1831 non
1941 1804 1977 1832 ab

1189 1849 1244 1876 illis
1255 1848 1395 1881 Catonem,
1411 1848 1459 1876 sed
1476 1849 1537 1876 illos
1551 1856 1566 1875 a
1584 1848 1686 1876 Catone
1705 1848 1900 1883 deprehensos.
1918 1848 1973 1877 Nec

1190 1895 1280 1922 minus
1299 1901 1375 1928 mque
1398 1893 1501 1921 Seneca
1522 1894 1570 1921 lib.
1596 1893 1635 1920 De
1662 1894 1853 1928 tranquillitate
1877 1895 1971 1925 animi,

1189 1947 1249 1974 cap.
1267 1940 1302 1967 i5
1312 1950 1317 1967 ι
1328 1939 1424 1966 Catoni
1435 1939 1547 1966 ebrietas
1562 1939 1663 1971 obiecta
1676 1944 1723 1967 est.
1739 1939 1773 1965 At
1789 1940 1896 1973 [acilius
1911 1939 1972 1975 εηι-

1189 1986 1238 2012 ciet
1254 1986 1371 2020 quisquis
1390 1984 1512 2019 objecerit
1540 1984 1589 2011 hoc
1612 1986 1710 2012 crimen
1734 1985 1880 2017 honestum,
1895 1993 1975 2019 qua.

1190 2036 1290 2065 turpem
1309 2030 1444 2057 Catonem.
1459 2029 1643 2057 Humanitatis
1664 2034 1706 2058 est
1722 2029 1860 2056 hominem
1878 2028 1914 2056 de
1930 2037 1975 2057 re-

1190 2076 1308 2111 publica,
1323 2076 1356 2103 de
1374 2076 1480 2105 litteris.
1501 2075 1535 2102 de
1555 2076 1669 2102 historia
1681 2094 1689 2107 ,
1704 2075 1738 2102 de
1761 2074 1888 2102 omnibus
1905 2074 1974 2102 bene

1189 2121 1326 2152 meritum,
1342 2124 1370 2148 et
1391 2121 1527 2156 praecipue
1546 2120 1750 2156 Hieronymum,
1765 2120 1789 2147 si
1803 2119 1913 2155 quando
1925 2120 1975 2148 de-

1191 2166 1256 2198 ttcit,
1272 2167 1406 2194 venerari.
1428 2165 1483 2194 Sed
1506 2166 1660 2194 machinam
1685 2166 1815 2200 aperiam.
1829 2165 1973 2193 Existimat

354 2210 507 2239 fabularum
534 2212 691 2246 scriptores.
713 2210 773 2238 Non
795 2212 897 2247 patitur
920 2215 1009 2239 tamen
1029 2211 1138 2239 Homeri
1154 2217 1176 2245 ι)
1191 2210 1321 2247 Scaliger,
1340 2215 1371 2239 ut
1389 2215 1416 2239 et
1437 2211 1485 2238 alii
1500 2211 1590 2243 multi,
1608 2212 1631 2239 si
1650 2211 1888 2246 interpretationes
1909 2210 1974 2240 Ilie-

353 2255 471 2292 dignitas
491 2257 528 2283 ita
541 2257 614 2284 sicce
631 2256 780 2291 prreteriri;
797 2264 882 2291 quare
896 2265 956 2292 qua:
969 2256 1004 2284 de
1016 2265 1049 2284 eo
1067 2258 1138 2285 scri-

354 2303 407 2337 ptis
425 2302 537 2329 tradidit
553 2299 674 2329 Velleius
689 2302 733 2328 hic
746 2302 926 2329 transcribam
937 2301 1138 2329 :Clarissimum

353 2347 445 2375 deinde
465 2347 574 2374 Homeri
591 2347 680 2373 illuxit
706 2347 839 2382 ingenium
851 2347 907 2374 sine
918 2347 1035 2382 exemplo
1051 2348 1138 2374 maxi-

354 2401 425 2420 mum
440 2401 449 2419 :
464 2393 509 2427 qui
535 2392 712 2427 magnitudine
728 2400 850 2426 operum,
873 2397 899 2419 et
923 2392 1024 2427 fulgore
1040 2393 1138 2419 carmi-

353 2447 415 2466 num
430 2438 502 2466 solus
515 2439 643 2472 appellari
654 2443 732 2473 poeta
754 2440 859 2466 meruit.
878 2437 912 2464 In
926 2446 976 2473 quo
991 2439 1040 2466 hoc
1054 2439 1138 2465 maxi-

356 2493 424 2511 mum
439 2490 488 2516 est,
503 2484 571 2520 quod
585 2492 665 2519 neque
687 2489 746 2511 ante
759 2484 842 2511 illum.
864 2492 938 2519 quem
961 2485 1004 2511 ille
1018 2485 1134 2511 imitare-

354 2534 407 2562 tur,
422 2537 502 2564 neque
522 2535 580 2563 post
597 2529 685 2561 illum,
701 2530 747 2563 qui
760 2538 819 2556 eum
831 2529 931 2557 imitari
945 2530 1026 2563 possit
1047 2530 1137 2556 inuen-

354 2579 395 2602 tus
410 2579 466 2603 est;
481 2582 561 2609 neque
570 2582 725 2610 quemquam
740 2574 834 2607 alium,
850 2576 925 2609 cusz
939 2575 1023 2609 operis
1036 2575 1135 2609 primus

353 2625 446 2646 auctor
469 2619 557 2656 fuerit,
579 2620 607 2645 in
624 2623 654 2646 eo
672 2619 901 2653 perfectissimum,
924 2625 1019 2653 pra-ter
1039 2618 1137 2645 Home-

353 2673 411 2692 rum
427 2670 452 2692 et
467 2664 650 2692 Archilochum
669 2665 833 2699 reperiemus.
852 2664 902 2691 Hic
919 2666 1020 2701 longius
1039 2673 1056 2692 a
1072 2671 1138 2692 tem-

351 2711 456 2744 poribus
472 2709 534 2738 belli
554 2710 623 2746 quod
643 2710 798 2744 composuit,
824 2709 921 2741 Troici,
934 2719 1013 2744 quant
1028 2710 1135 2742 quidam

350 2761 451 2789 matur,
467 2756 573 2791 obfuit;
592 2765 654 2784 nam
676 2756 766 2791 ferme,
786 2761 838 2784 etc.
857 2755 894 2784 De
919 2756 978 2790 ejus
998 2759 1086 2788 aetate,
1109 2759 1136 2784 et

351 2801 493 2829 escelleutl
511 2806 608 2831 natura
621 2801 768 2836 divinaque
781 2821 788 2832 ,
806 2801 868 2829 vide
888 2800 959 2828 Justi
977 2800 1062 2836 Lipsii
1076 2801 1135 2828 ani-

352 2845 554 2875 madversiones
578 2845 688 2875 ibidem.
716 2845 777 2874 Haec
804 2844 876 2874 Iulio
905 2845 1046 2882 Scaligero
1077 2852 1133 2874 non

1189 2257 1295 2293 ronymi
1320 2257 1481 2292 exagitando
1501 2257 1638 2289 refellant,
1660 2257 1734 2284 illius
1755 2257 1805 2283 viri
1825 2258 1974 2284 auctoritas

1188 2307 1242 2330 tem
1258 2302 1391 2333 minuere.
1405 2306 1434 2330 et
1450 2303 1478 2330 in
1495 2302 1555 2336 ejus
1569 2302 1741 2329 vcrsionibus
1763 2301 1842 2329 (idem
1864 2301 1974 2329 deside-

1188 2354 1269 2374 rare:
1285 2351 1474 2381 quarepostea
1495 2345 1661 2376 concludant
1678 2350 1706 2374 et
1727 2346 1863 2381 vulgatam
1887 2353 1974 2374 sacra

1188 2392 1336 2428 Scriptura
1361 2392 1505 2421 editionem
1528 2399 1584 2421 non
1603 2399 1664 2420 esse
1699 2392 1773 2420 illius
1793 2391 1920 2427 ponderis
1944 2395 1973 2420 et

1187 2436 1344 2472 dignitatis.
1370 2441 1452 2472 prout
1476 2437 1549 2465 illam
1564 2437 1645 2465 habet
1668 2437 1801 2465 catholica
1829 2435 1971 2469 Ecclesia;

1186 2490 1271 2516 quare
1291 2489 1375 2510 novas
1394 2482 1446 2517 ipsi
1466 2482 1614 2510 moliantur
1631 2482 1876 2518 interpretationes,
1893 2490 1973 2510 vera-

1186 2535 1239 2564 que
1252 2528 1378 2563 dogmata
1394 2527 1451 2562 jam
1464 2527 1513 2555 diu
1529 2527 1687 2560 conﬁrmata
1699 2535 1734 2556 ea
1752 2527 1925 2560 conturbent,
1940 2531 1973 2556 ut

1175 2571 1254 2600 'nova
1270 2580 1319 2600 sua
1333 2572 1546 2607 simplicioribus
1560 2573 1761 2601 communicent
1774 2582 1781 2600 :
1798 2572 1845 2602 sed
1858 2573 1972 2602 stabunt

1186 2618 1280 2651 quales
1307 2617 1401 2652 quales
1430 2622 1494 2646 sunt
1523 2617 1677 2654 Hieronymi
1710 2619 1970 2654 interpretationes;

1187 2661 1314 2698 Scaligeri
1327 2663 1353 2697 si
1367 2671 1428 2698 qua».
1440 2667 1504 2691 sunt
1523 2664 1648 2699 perbelle
1659 2670 1687 2692 et
1700 2664 1849 2700 elegantes.
1859 2668 1887 2693 et
1901 2665 1971 2691 allo-

1186 2715 1246 2735 rum
1263 2709 1393 2736 similium
1408 2708 1517 2736 cadent.

1220 2753 1278 2781 Col.
1303 2754 1362 2787 709,
1383 2755 1432 2782 lin.
1452 2755 1478 2782 ὅ.
1505 2753 1597 2788 οὗτος
1612 2755 1726 2782 τοίνυν.
1751 2755 1876 2783 Justinus
1897 2753 1970 2780 Mar-

1185 2806 1226 2836 tyr
1255 2799 1440 2830 Cultortatione
1461 2801 1497 2827 ad
1514 2799 1620 2828 Graecos
1635 2820 1643 2833 ,
1672 2800 1706 2827 dc
1728 2800 1824 2829 eodem
1848 2799 1967 2834 onse:

1185 2845 1277 2880 Τούτῳ
1298 2845 1404 2881 πρῶτον
1428 2846 1443 2873 6
1468 2845 1543 2878 Θεὸς.
1568 2845 1616 2872 καὶ
1638 2845 1689 2880 τὴν
1712 2840 1813 2873 ἄνωθεν
1835 2844 1884 2872 ἐπὶ
1903 2841 1970 2876 ηδε
