2143 3163
328 169 380 197 815

987 165 1110 195 LEOle
1129 164 1267 193 ALLATII

1884 165 1939 196 εκ

328 229 448 255 enamt.
469 227 498 250 ut
521 224 741 251 contrarietatem
769 231 828 259 qua
852 224 879 252 in
895 231 988 252 eorum
1010 224 1114 259 opinio-
1127 225 1150 253 Δ
1162 223 1284 255 Pererio,
1298 224 1321 252 si
1346 224 1487 252 sententia
1501 223 1614 253 Joannis
1626 223 1683 251 Pici
1699 224 1735 252 ita
1752 223 1898 252 elaborata
1911 220 1940 252 ει

329 271 409 300 nibus
423 273 465 298 est
480 269 634 305 patefaciat.
653 274 679 297 et
697 270 900 304 inquisitionem
922 277 1012 297 rerum
1030 277 1111 304 quam

329 314 481 348 suscipiunt
505 313 533 339 in
555 313 690 340 intlnitum
710 314 820 348 vagari,
841 317 868 342 et
892 313 967 340 nullo
996 313 1112 341 termino

328 359 471 390 contineri.
480 366 628 394 eorumque
640 358 719 386 linem
731 366 792 387 esse
804 359 1017 394 inexplicabilem
1031 362 1112 393 atque

327 404 461 435 inutilem.
479 404 578 439 quippe
593 405 664 439 quod
688 404 761 431 nulla
778 412 807 432 re
821 405 948 436 evidenti.
965 407 992 431 et
1007 404 1112 431 ratione

328 450 470 485 perspicua
486 449 672 477 conﬁrmetur.
688 449 740 482 Qui
762 457 816 477 non
830 453 933 478 tantum
948 457 1037 477 rerum
1057 454 1113 477 sta-

329 501 385 523 tum
401 496 564 530 modumque
585 503 637 522 non
653 500 848 530 cognoverunt,
865 495 911 523 sed
933 496 1051 522 maxima
1071 496 1113 522 in-

328 542 407 568 scitia
428 541 563 575 stultaque
586 541 667 567 animi
683 541 855 568 contentione
871 541 1009 569 veritatem
1026 541 1112 576 ipsam

328 593 485 622 oppugnare
509 594 613 613 summa
636 593 688 621 ope
711 587 801 614 conati
826 591 907 619 sunt.
936 587 1112 622 Porphyrius,

328 631 460 663 Proetus,
483 631 638 667 Eunapius.
654 631 790 665 Zosimus,
813 633 987 668 sexcentique
1009 632 1055 659 alii
1078 631 1113 659 de

328 677 428 712 quibus
443 678 469 704 iu
486 677 599 704 historia
614 685 755 705 sermones
767 678 876 713 prolixi.

364 723 422 750 Col.
433 723 494 754 709.
507 723 556 750 lin.
570 722 613 749 12.
630 722 668 750 Τὰ
680 723 734 758 γὰρ
751 722 786 755 ἐξ
799 723 997 758 ἀνθρωπίνης.
1010 722 1112 750 Tamen

328 769 547 804 quandocunque
564 768 787 804 philosophorum
803 769 902 804 placita
919 773 1000 803 atque
1009 768 1114 795 doctri-

328 821 369 841 nae
383 821 398 840 a
413 815 527 841 veritate
542 821 597 841 non
612 815 748 846 vacillant,
760 815 805 842 ubi
822 815 891 841 ratio
906 822 1000 842 eorum
1017 814 1113 841 mani-

327 860 397 888 festa
418 864 469 892 est,
493 864 652 895 certumque
678 861 903 895 experimentum.
932 868 995 887 cum
1025 861 1112 888 sacris

328 906 427 933 litteris
444 905 554 932 minime
567 906 711 933 contrariae
726 906 791 938 sint,
815 913 868 933 non
891 909 934 933 est
955 913 1006 933 cur
1021 906 1055 934 ab
1071 907 1111 934 eis

328 950 523 977 abhorreamus
546 958 552 975 :
578 950 678 978 veritas
695 951 767 978 enim
792 958 932 978 sacrarum
958 952 1110 979 litterarum

328 1003 462 1031 nusquam
478 996 603 1024 humanis
617 996 768 1023 rationibus
783 1000 810 1024 et
835 997 1028 1031 experimentis
1047 1005 1112 1024 con-

327 1043 412 1069 traria
427 1045 478 1069 est.
503 1040 573 1068 Tuta
588 1045 630 1069 est
643 1049 725 1078 super
739 1042 790 1069 hoc
802 1042 946 1077 Augustini
967 1044 1110 1074 sententia.

329 1089 376 1117 lib.
389 1097 397 1115 I
411 1089 438 1115 in
452 1087 542 1117 Gener.
561 1089 594 1116 ad
606 1089 697 1121 litter..
716 1096 776 1123 cap.
789 1089 821 1115 2|
841 1100 848 1116 ς
868 1089 923 1116 Hoc
936 1089 1112 1128 indubitanter

330 1134 468 1161 tenendum
482 1139 531 1167 est,
547 1139 575 1161 ut
590 1134 715 1170 quidquid
729 1136 857 1168 sapientes
874 1136 955 1170 hujus
978 1137 1068 1163 mundi
1080 1137 1112 1164 de

329 1184 426 1206 natura
439 1187 526 1206 rerum
539 1181 666 1207 ueraciter
676 1179 855 1207 demonstrare
865 1183 1007 1215 potuerint,
1023 1187 1096 1209 osten
1104 1197 1112 1203 -

328 1225 423 1251 damus
440 1225 537 1251 nostris
550 1225 642 1252 litteris
655 1233 707 1253 non
719 1233 775 1252 esse
788 1227 949 1254 contrarium
962 1235 972 1259 ;
986 1228 1111 1263 quidquid

330 1275 416 1296 autem
428 1270 469 1297 illi
484 1271 510 1297 in
527 1271 582 1298 suis
601 1270 774 1298 voluminibus
791 1273 954 1299 contrarium
973 1274 1057 1301 sacris
1069 1274 1113 1300 lit-

329 1316 392 1343 teris
405 1316 572 1349 docenl,sine
586 1316 642 1343 ulla
655 1316 816 1344 dubitatione
824 1318 961 1345 credamus
973 1319 1000 1345 id
1015 1319 1113 1353 falsum

329 1369 396 1393 esse.
416 1366 440 1388 et
459 1370 561 1396 quoquo
584 1361 659 1390 modo
675 1370 812 1397 possumus
829 1364 908 1390 etiam
920 1364 1086 1391 ostendamus
1102 1374 1112 1392 :

330 1411 407 1441 atque
429 1407 468 1433 ita
480 1411 611 1433 teneamus
625 1407 702 1442 ﬁdem
713 1407 820 1434 Domini
831 1409 925 1439 nostri.
941 1409 970 1435 in
988 1417 1039 1444 quo
1050 1406 1113 1436 suu‘

331 1452 478 1479 absconditi
492 1461 580 1479 omnes
596 1453 711 1480 thesauri
728 1454 873 1488 sapientius,
893 1460 922 1483 ut
940 1464 1020 1490 neque
1036 1456 1113 1491 false

329 1497 500 1531 philosophia
523 1498 682 1532 loquacitate
709 1500 865 1526 seducamur
880 1509 960 1535 neque
981 1502 1113 1530 simulati:

1162 270 1302 304 explicata:
1315 268 1459 296 dissonant
1481 277 1497 296 a
1513 270 1656 298 sententiis
1672 269 1782 305 loysis,
1795 273 1942 305 textosque

1162 315 1235 342 illius
1250 314 1424 342 discordant?
1440 314 1464 342 si
1481 314 1649 349 discordant,
1665 323 1726 351 qua
1745 318 1788 343 est
1810 314 1868 342 hac
1882 314 1942 342 dis-

1162 360 1321 388 cordantia?
1337 360 1464 392 fateatur,
1492 359 1590 388 deinde
1606 360 1813 388 animadvertat.
1845 358 1875 387 Si
1896 359 1942 388 ln-

1161 407 1266 434 harent
1282 406 1423 435 sententia
1435 405 1546 442 loysis,
1559 410 1587 433 et
1604 406 1695 434 verbis
1708 410 1771 434 sunt
1786 412 1941 433 accommo-

1162 452 1244 485 data,
1262 456 1289 480 et
1311 454 1478 488 congruunt,
1499 458 1550 479 nec
1564 458 1580 478 a
1595 451 1737 480 Catholica
1751 451 1874 483 veritate,
1889 457 1942 477 nec

1162 502 1318 525 sanctorum
1335 497 1444 524 Palmm
1460 497 1542 524 dictis
1555 497 1713 535 abhorrent.
1736 496 1834 532 utquid
1849 495 1943 532 culpat

1163 542 1349 578 inculpatum?
1373 541 1546 570 Tentandum
1561 546 1604 570 est
1629 542 1733 577 aliquid
1754 542 1882 570 maximis
1895 541 1942 569 in-

1161 588 1260 624 geniis,
1274 596 1334 624 quae
1350 587 1426 615 frena
1442 588 1498 624 pati
1515 588 1641 616 nesciunt
1656 608 1664 621 ,
1678 587 1801 616 laxanda
1816 590 1883 615 sunt
1894 585 1942 615 ill-

1161 635 1234 670 genii
1245 634 1326 666 vires,
1338 642 1389 662 nec
1409 635 1605 670 angustissimo
1617 634 1793 669 antiquorum
1813 641 1881 670 gyro
1894 640 1943 661 eo-

1162 687 1222 706 rum
1243 679 1359 715 impetus
1374 679 1550 716 rel'ringendi.
1577 679 1640 707 [lac
1656 679 1738 707 sicuti
1750 677 1846 713 laudo,
1862 678 1944 706 sicet

1161 723 1285 759 Cajetani
1315 725 1478 752 sententiam
1502 725 1580 752 initio
1597 723 1859 752 Commentariorum
1876 729 1943 750 auo-

1162 776 1222 796 rum
1247 770 1274 796 in
1304 767 1424 796 Genesim
1461 769 1610 801 accusavi;
1632 776 1665 796 ea
1690 772 1780 795 autem
1808 771 1851 795 est
1879 775 1888 794 :
1911 764 1943 794 Si

1161 813 1266 849 quando
1284 814 1427 841 occurrerit
1456 814 1552 849 aliquis
1578 821 1669 841 sensus
1694 812 1776 840 textui
1799 819 1942 842 consonus,

1161 859 1280 894 quamvis
1294 868 1311 886 α
1327 864 1440 887 torrente
1462 859 1599 886 doctorum
1613 859 1726 892 alienus,
1741 857 1822 885 lector
1837 864 1944 892 aqua

1162 913 1189 932 se
1205 903 1321 939 prtebeat
1336 913 1479 938 censorem,
1492 904 1630 940 nullusque
1640 904 1791 935 detestetur,
1802 902 1871 938 quod
1885 901 1942 928 dis-

1161 955 1234 978 sonet
1251 951 1371 984 apriscis
1386 950 1548 978 doctoribus.
1568 949 1630 977 Non
1650 950 1719 977 enim
1731 948 1852 984 alligavit
1870 946 1942 975 Deus

1161 998 1348 1031 expositionem
1359 997 1502 1031 Scriptura
1511 998 1659 1031 priscorum
1667 996 1802 1022 doctorum
1812 993 1942 1025 sensibus,

1162 1044 1278 1079 alioquin
1294 1051 1351 1078 spes
1368 1044 1442 1070 nobis
1460 1043 1595 1071 tolleretur
1605 1042 1750 1076 exponendi
1764 1040 1942 1074 Scripturaal,

1162 1090 1214 1115 nisi
1237 1088 1429 1123 transferendo,
1453 1093 1482 1115 ut
1497 1089 1583 1119 aiunt.
1598 1088 1629 1115 de
1645 1086 1712 1114 libro
1726 1087 1754 1113 in
1764 1085 1942 1121 quinternurn.

1163 1133 1278 1161 Textum
1295 1138 1387 1161 autem
1403 1133 1537 1162 Eustathii
1559 1132 1682 1160 Graecum
1695 1132 1733 1158 ita
1748 1130 1865 1171 restituo
1881 1139 1888 1157 :
1903 1129 1944 1155 Τὰ

1162 1180 1217 1216 γὰρ
1229 1180 1259 1213 ἐξ
1276 1179 1447 1216 ἀνθρωπίνης
1463 1179 1581 1211 διανοίας
1602 1178 1801 1214 περιφερόμενα
1821 1176 1945 1211 δόγματα

1163 1226 1254 1261 ἀσαφῆ
1268 1227 1396 1262 τυγχάνει
1410 1226 1457 1252 καὶ
1471 1226 1667 1261 ὰνερμάτιστα.
1692 1224 1818 1252 Consona
1832 1222 1944 1249 tandem

1163 1276 1228 1300 sunt
1244 1273 1325 1300 verba
1342 1271 1435 1300 Basilii
1463 1271 1491 1298 in
1506 1270 1693 1306 philosophos,
1710 1269 1783 1297 hom.
1801 1270 1813 1296 Ι
1830 1278 1837 1296 :
1854 1267 1944 1295 Πολλὰ

1163 1318 1228 1354 περὶ
1241 1317 1347 1352 φύσεως
1363 1316 1626 1354 ἐπραγματεύσαντο
1644 1317 1669 1342 οἱ
1681 1315 1735 1343 τῶν
1750 1314 1883 1350 Ἑλλήνων
1897 1321 1944 1341 σο-

1163 1363 1218 1398 φοὶ,
1231 1364 1278 1390 καὶ
1294 1363 1353 1389 οὐδὲ
1370 1361 1409 1394 εἷς
1424 1363 1488 1398 παρ’
1501 1362 1591 1393 αὐτοῖς
1603 1361 1681 1395 λόγος
1691 1360 1804 1395 ιστηκεν
1818 1359 1946 1394 ἀκίνητος

1163 1410 1210 1436 καὶ
1222 1410 1380 1443 ἀσάλευτος,
1388 1410 1431 1437 ἀεὶ
1443 1408 1490 1436 τοῦ
1502 1409 1629 1445 δευτέρου
1643 1409 1689 1436 τὸν
1698 1408 1751 1444 πρὸ
1765 1406 1847 1434 αὐτοῦ
1861 1414 1945 1434 κατο-

1163 1455 1305 1487 δάλλοντος
1317 1464 1324 1471 ·
1337 1454 1407 1482 dia—ts
1421 1455 1486 1491 ἡμῖν
1507 1453 1589 1490 μηδὲν
1603 1453 1683 1489 ἔργον
1698 1451 1766 1479 εἶναι
1779 1451 1814 1478 τὰ
1833 1450 1946 1478 ἐκείνων

1164 1501 1299 1538 ιλέγχειν·
1319 1500 1433 1537 ἀρκοῦσι
1453 1501 1506 1536 γὰρ
1529 1500 1653 1535 ἀλλήλοις
1679 1499 1747 1535 πρὸς
1770 1498 1819 1534 τὴν
1842 1496 1946 1524 οἰκείαν

330 1543 465 1578 religionis
481 1544 666 1578 superstitione
678 1549 832 1573 terreamur.
847 1545 879 1572 Et
896 1551 926 1574 ut
944 1548 971 1574 in
988 1554 1018 1574 re
1032 1549 1113 1576 nimis
1127 1557 1148 1586 ο
1164 1548 1176 1575 d

1100 1557 1113 1576 s
1127 1557 1148 1586 ο
1164 1548 1329 1583 ἀνατροπὴν.
1346 1547 1378 1573 Et
1395 1548 1468 1575 hom.
1489 1547 1506 1574 ‘5
1521 1554 1528 1573 :
1542 1547 1598 1573 Καὶ
1612 1546 1639 1572 τί
1652 1546 1693 1572 δεῖ
1712 1546 1858 1581 πράγματα
1873 1544 1944 1580 Ιχειν

330 1589 429 1625 agitata
443 1593 469 1617 et
482 1594 666 1622 controversa.
681 1589 768 1618 dicam
782 1591 853 1626 quod
867 1592 983 1619 sentiam
1000 1593 1083 1621 libere
1104 1602 1112 1620 :

331 1635 445 1671 Semper
461 1636 522 1663 illos
536 1635 715 1663 stultissimos
732 1636 896 1668 existimavi,
923 1637 970 1671 qui
999 1637 1035 1664 ita
1052 1641 1116 1665 sunt

330 1682 509 1716 philosophia:
532 1686 559 1709 et
571 1681 732 1709 cultioribus
749 1682 846 1709 litteris
857 1681 967 1715 infensi,
980 1686 1008 1710 ut
1021 1690 1055 1710 ne
1067 1691 1116 1710 au-

330 1728 415 1756 ditum
432 1728 540 1763 quidem
553 1735 647 1756 earum
663 1728 830 1763 permittant.
844 1729 902 1756 Alia
913 1730 1003 1756 omnia
1017 1729 1051 1757 ab
1062 1730 1116 1758 illis

330 1774 441 1802 habent.
459 1773 660 1808 Scripturaque
679 1774 761 1800 verba
776 1774 813 1801 ita
833 1774 995 1809 detorquent
1017 1780 1047 1802 ut
1060 1784 1115 1804 non

332 1819 406 1846 illius
422 1819 597 1851 sententiam,
610 1819 657 1847 sed
671 1819 736 1854 quid
751 1819 838 1847 exteri
856 1822 992 1848 senserint
1006 1822 1115 1850 curiose

331 1865 500 1899 perquirunt,
517 1868 543 1891 et
555 1864 591 1891 ita
607 1865 715 1892 illorum
729 1866 870 1893 sententia
882 1865 1050 1901 Scripturam
1065 1875 1114 1895 ac-

332 1909 518 1937 commodant.
536 1909 582 1937 Nae
596 1918 703 1945 semper
714 1912 752 1938 uti
767 1912 995 1946 prudentissimos
1006 1913 1113 1941 laudavi

332 1963 380 1984 eos
395 1956 440 1990 qui
454 1956 575 1983 rationes
589 1956 723 1984 humanas
747 1965 865 1992 veraque
880 1959 1065 1993 experimenta
1078 1961 1114 1987 ita

332 2001 480 2036 explicant,
493 2006 523 2028 ut
541 2001 611 2028 idem
628 2009 689 2029 cum
703 2002 803 2030 divinis
827 2003 926 2031 litteris
943 2006 1048 2033 sentire
1057 2007 1115 2033 cla-

1166 1594 1238 1630 ἡμᾶς
1258 1593 1289 1619 τὸ
1309 1592 1404 1627 ψευδὲς
1428 1592 1517 1619 αὐτῶν
1540 1591 1736 1626 διελέγχοντας,
1761 1588 1801 1622 οἷς
1825 1590 1944 1625 tinguit,

1164 1638 1216 1670 τὰς
1222 1637 1312 1665 αὐτῶν
1323 1638 1434 1664 ἐκείνων
1445 1636 1550 1672 βίϐλους
1561 1635 1691 1670 ἀλλήλαις,
1702 1634 1944 1670 ἀντιπαραθέντας,

1165 1683 1300 1720 ὲνὴσυχιᾳ
1312 1683 1395 1718 πολλῇ
1406 1682 1503 1714 θεατὰς
1513 1682 1601 1709 αὐτῶν
1609 1681 1655 1708 τοῦ
1669 1681 1784 1716 πολέμου
1795 1680 1945 1716 καθῆσθαι;

1164 1729 1233 1757 οὔτε
1258 1729 1313 1765 γὰρ
1334 1728 1442 1764 ἀριθμῷ
1464 1728 1600 1760 ἐλάττους,
1625 1727 1686 1754 οὗτε
1713 1726 1846 1762 ἀξιώματι
1868 1727 1945 1761 ὑφει-

1166 1777 1251 1811 μένοι,
1263 1775 1418 1811 πολυφωνίᾳ
1428 1775 1456 1801 δὲ
1468 1774 1514 1801 καὶ
1524 1774 1598 1809 παρὰ
1611 1773 1678 1801 πολὺ
1692 1773 1863 1809 διαφέροντες
1877 1773 1946 1809 πρὸς

1163 1821 1194 1846 τὸ
1208 1819 1327 1846 ἐναντίον
1344 1819 1435 1850 αὐτοῖς
1452 1817 1688 1844 ἀντικαθίστανται
1702 1816 1790 1850 λόγον.

1200 1867 1280 1899 Ibid.,
1295 1866 1342 1893 lin.
1367 1864 1409 1892 19.
1439 1864 1597 1897 Ἐποίησεν
1611 1865 1628 1890 d
1644 1863 1715 1896 Θεὸς
1734 1862 1788 1889 τὸν
1805 1862 1943 1896 οὐραγόν.

1164 1913 1243 1942 Circa
1267 1912 1348 1947 hujus
1376 1911 1429 1938 loci
1456 1910 1653 1946 expositionem
1671 1917 1687 1936 a
1707 1907 1867 1944 quibusdam
1889 1907 1946 1934 Au-

1165 1959 1291 1994 gustinus
1318 1956 1476 1992 Eugubinus
1503 1956 1600 1983 acerbe
1627 1954 1772 1982 admodum
1796 1954 1944 1989 reprelien-

1165 2004 1249 2037 ditur,
1264 2007 1291 2030 ct
1312 2003 1372 2037 eius
1389 2002 1523 2037 expositio
1539 2001 1621 2029 veluti
1642 2000 1709 2029 falsa
1724 2005 1752 2029 et
1767 2000 1943 2036 perabsurda,

332 2047 442 2074 rissime
456 2048 654 2078 demonstrent.
672 2052 698 2075 et
714 2052 830 2076 mentem
852 2049 958 2077 illorum
973 2058 1034 2078 cum
1050 2060 1115 2079 vero
1164 2056 1189 2079 et
1211 2059 1226 2077 a
1248 2050 1402 2078 Christiana
1426 2049 1571 2084 disciplina
1595 2048 1745 2075 abhorrens
1766 2055 1821 2075 non
1843 2049 1943 2079 solum,

333 2093 483 2128 Scriptura!
507 2100 590 2120 sensu
614 2100 764 2128 congruere
785 2094 972 2124 elllcacissime
987 2097 1112 2131 probant.
1164 2096 1212 2124 sed
1226 2100 1355 2129 tanquam
1374 2102 1531 2130 perversum
1551 2098 1578 2121 et
1599 2094 1711 2128 impium
1738 2093 1834 2128 dogma
1850 2093 1945 2128 explo-

332 2137 462 2170 Quamvis
486 2137 557 2164 enim
577 2138 676 2166 divina:
702 2139 798 2167 littera:
814 2141 889 2168 nullo
909 2141 1046 2177 indigeant
1066 2150 1113 2170 ειη
1164 2143 1248 2170 ditur.
1265 2141 1315 2168 Hic
1333 2147 1451 2175 namque
1466 2140 1493 2167 in
1513 2147 1562 2167 sua
1577 2139 1750 2173 Cosmopteia,
1763 2143 1790 2175 et
1805 2142 1886 2166 tract.
1906 2137 1946 2166 De

332 2186 412 2210 terno
426 2183 557 2216 subsidio,
577 2184 623 2211 sed
637 2189 742 2212 suomet
758 2185 850 2212 divino
864 2187 961 2221 spiritu
980 2187 1056 2215 fultae
1069 2196 1112 2216 ve-
1164 2188 1266 2215 naturis
1290 2186 1460 2220 incorporeis,
1476 2185 1570 2213 scribit
1592 2185 1691 2212 cazlum
1713 2191 1870 2220 empyreum
1884 2191 1945 2212 esse

331 2229 440 2255 ritatem
458 2228 525 2255 nulli
554 2228 663 2256 dubiam
685 2230 812 2258 omnibus
838 2231 1014 2259 manifestam
1034 2242 1041 2260 :
1058 2241 1113 2261 non
1129 2225 1305 2266 “quidpiam
1329 2236 1460 2257 aeternum
1483 2234 1510 2256 et
1542 2229 1703 2260 increatum.
1726 2228 1778 2255 hoc
1804 2232 1857 2262 est.
1883 2236 1946 2257 esse

332 2278 375 2301 est
389 2277 478 2301 tamen
494 2274 529 2301 ab
541 2281 634 2301 earum
650 2275 791 2309 majestate
800 2279 827 2303 et
839 2276 971 2312 dignitate
995 2278 1114 2306 alienum
1166 2277 1264 2308 lucem,
1288 2280 1314 2303 et
1337 2275 1487 2302 claritatem
1508 2274 1652 2310 quamdam
1675 2278 1829 2301 manantem
1848 2282 1883 2301 ex
1898 2275 1946 2302 Dei

331 2324 359 2347 et
379 2319 548 2350 indecorum,
569 2320 592 2347 si
618 2320 690 2348 illius
707 2321 829 2348 veritatis
854 2325 958 2349 tantam
978 2331 1038 2351 esse
1059 2325 1114 2351 vim
1165 2322 1293 2353 essentia,
1317 2321 1344 2347 in
1365 2327 1418 2355 qua
1439 2319 1511 2347 Deus
1531 2324 1583 2351 est,
1603 2323 1631 2347 et
1648 2319 1682 2346 ad
1701 2319 1780 2354 cujus
1801 2320 1946 2354 participa-

331 2373 530 2401 cognoscamus
544 2367 580 2392 ita
603 2370 631 2393 ut
645 2371 672 2394 et
688 2366 748 2394 aliis
763 2367 830 2394 satis
845 2372 941 2402 patens
956 2368 1038 2396 fuerit
1054 2377 1113 2397 ma-
1165 2368 1266 2395 tionem
1292 2370 1374 2402 atque
1400 2365 1557 2393 lruitionem
1578 2369 1635 2392 tam
1661 2364 1725 2392 boni
1747 2365 1836 2400 angeli
1862 2372 1945 2400 quam

333 2411 471 2439 nilestata.
483 2411 621 2438 Immerito
636 2412 726 2447 itaque
736 2412 763 2439 in
778 2412 938 2446 Genes.,lib.
953 2422 972 2446 r.
988 2414 1114 2443 Parerius
1164 2414 1214 2442 viri
1235 2413 1301 2448 justi
1321 2412 1512 2440 admittuntur.
1527 2410 1601 2438 Ἴως
1622 2410 1696 2438 enim
1711 2414 1762 2442 est,
1783 2411 1883 2446 inquit,
1899 2411 1947 2438 illa

332 2456 507 2490 reprehendit
535 2455 666 2484 Joannem
693 2457 785 2484 Picum
813 2458 1043 2493 Mirandulanum,
1067 2462 1114 2496 qui
1165 2463 1265 2488 aeterna
1279 2459 1324 2486 lux
1339 2462 1366 2486 et
1381 2458 1493 2485 claritas
1510 2456 1567 2488 Dei,
1584 2456 1693 2492 quain
1709 2456 1848 2492 Scriptura
1864 2458 1947 2485 toties

333 2509 416 2536 super
430 2506 512 2536 caput
539 2503 654 2537 primum
676 2503 812 2532 Geneseos
830 2504 989 2539 Heploplum
1004 2514 1115 2542 compo-

334 2551 437 2580 suerat,
453 2551 480 2575 et
494 2552 596 2582 septem
614 2555 698 2576 novas
721 2550 916 2584 expositiones.
932 2551 1114 2588 doctrinaeque

334 2592 434 2628 Moysis
450 2592 483 2620 de
510 2593 638 2627 operibus
655 2601 701 2622 sex
729 2594 835 2622 dierum
852 2603 867 2623 a
891 2596 967 2623 nullo
992 2598 1114 2632 priorum

333 2639 498 2673 scriptorum
516 2643 643 2671 tentatas,
662 2647 678 2666 a
693 2647 723 2667 se
743 2645 834 2668 autem
862 2642 951 2676 primo
969 2643 1113 2678 cogitatas,

333 2683 468 2714 inventas.
481 2684 645 2717 elaboratas.
663 2686 851 2722 perfectasque
868 2689 1055 2723 pertractavit,
1081 2689 1115 2716 li-

333 2728 466 2764 brumque
482 2729 556 2756 illum
574 2737 669 2765 parum
688 2731 722 2758 ad
731 2731 883 2759 doctrinam
899 2731 1000 2769 Moysis
1012 2733 1114 2760 intelli-

334 2774 447 2810 gendum
472 2775 634 2804 conducere.
660 2776 825 2810 Quaesissetis
849 2778 943 2813 utique
965 2779 1081 2806 libenter
1096 2786 1112 2806 a

372 2863 384 2882 ⁸
399 2863 474 2893 Psal.
492 2873 549 2900 cui.
565 2866 593 2895 2.
631 2868 641 2884 ³
655 2867 669 2895 l
688 2867 755 2896 Tini.
765 2876 801 2903 vi,
814 2868 857 2897 l6.
893 2867 994 2897 ’Joan.
1011 2868 1114 2903 xvtt,5.

1163 2505 1245 2541 justis
1268 2504 1424 2532 hominibus
1441 2510 1490 2538 pro
1514 2502 1639 2529 mercede
1664 2502 1787 2528 laborum
1811 2501 1948 2536 promitti-

1165 2555 1226 2579 tur:
1241 2551 1277 2579 de
1286 2558 1340 2586 qua
1354 2549 1557 2585 intelligendum
1573 2552 1650 2584 putat
1668 2547 1733 2575 illud
1747 2548 1819 2582 quod
1835 2548 1869 2576 de
1890 2547 1948 2576 Deo

1165 2599 1193 2626 in
1203 2597 1327 2633 psal.cnt
1349 2596 1424 2624 canit
1436 2595 1529 2627 David,
1547 2594 1666 2622 Amiclus
1677 2595 1774 2622 lumine
1784 2595 1853 2622 sicut
1869 2596 1947 2622 uesti-

1165 2649 1251 2672 mento
1268 2645 1276 2659 '
1289 2653 1297 2676 ;
1311 2647 1339 2671 et
1354 2642 1419 2670 illud
1433 2641 1511 2669 Pauli
1522 2651 1528 2668 ς
1539 2641 1591 2674 Qui
1603 2641 1686 2668 lucent
1709 2640 1812 2668 habitat
1828 2641 1948 2669 inaccu-

1165 2690 1265 2718 sibitern
1277 2690 1306 2723 ‘;
1320 2693 1347 2716 et
1360 2688 1425 2715 illud
1441 2687 1548 2715 Domini
1564 2687 1636 2722 apud
1652 2686 1802 2715 Joannem:
1819 2686 1950 2721 Clariﬁas

1166 2743 1221 2767 rne,
1253 2739 1281 2761 tu
1310 2733 1408 2766 Pater,
1435 2732 1557 2759 claritate
1581 2739 1660 2766 quam
1685 2730 1766 2758 habui
1793 2731 1948 2766 priusqan

1166 2781 1278 2809 mundus
1300 2780 1385 2815 ﬁeret,
1409 2779 1479 2814 apud
1500 2783 1524 2806 te
1540 2777 1700 2814 '.Ejusdem
1718 2777 1790 2805 lucis
1808 2778 1948 2813 specimen
