2143 3163
215 186 267 214 817

702 183 737 212 IN
756 182 942 211 EUSTATHII
963 181 1197 210 HEXAEMERON
1213 181 1328 210 κοτε.

215 242 351 280 quoddam
375 242 468 269 datum
494 244 537 268 est
561 240 590 268 in
616 240 857 276 transﬁguratione
884 238 993 266 Domini
1006 243 1029 270 Α
1043 238 1164 266 Platonis
1188 237 1406 273 varieesplicat,
1424 243 1452 265 et
1473 238 1592 266 rationes
1613 237 1698 273 aperit
1714 237 1826 266 Proetus

215 289 312 320 nostri,
319 293 345 316 et
353 287 379 314 in
388 287 456 314 rubo
467 285 576 322 Moysis,
583 290 609 314 et
621 287 647 313 in
659 286 718 321 ejus
726 285 801 313 vultu
808 292 841 312 es
849 284 993 319 colloquio,

216 339 243 361 et
259 332 455 361 consuetudine
473 339 535 359 cum
556 331 609 360 Deo
627 332 719 359 habita
741 338 825 366 supra
846 330 994 358 humanum

216 379 340 406 obtutum
367 376 571 411 resplendente;
596 381 623 404 et
647 377 717 404 hanc
741 383 818 404 suam
840 376 994 411 opinionem

216 423 358 450 conﬁrmat
378 421 534 449 testimonio
559 421 652 449 Basilii
681 421 780 456 Magni,
803 421 849 456 qui
879 421 952 448 hom.
978 421 996 447 2

218 475 294 501 super
318 465 437 493 Genesim
460 466 543 494 tradit
558 467 652 494 eadem
673 466 765 494 omnia
789 466 884 494 iisdem
905 467 995 494 verbis

219 520 278 547 qua
296 516 323 539 et
346 515 439 540 noster
457 511 616 540 Eustathius
634 519 695 547 pag.
713 511 757 539 50.
774 510 849 538 Hanc
863 511 995 547 Eugubini

217 557 377 586 sententiam
392 557 416 585 si
427 558 488 593 quis
501 558 564 585 velit
577 557 733 589 defendere,
743 558 818 584 omni
833 558 890 592 ipse
906 557 996 585 defen-

217 603 294 630 sione
313 602 440 638 indignus
463 603 526 630 erit.
543 603 648 630 Caelum
672 610 828 638 empyreum
850 601 921 629 Deus
941 610 996 630 non

217 651 269 680 est,
283 647 419 683 quomodo
437 656 501 684 ergo
515 652 658 679 aeternum,
676 648 812 682 quomodo
828 648 996 676 increatum‘.’

217 691 274 718 Lux
300 692 358 719 hac
381 697 472 719 manat
497 700 531 720 ex
554 692 601 719 Dei
624 691 753 722 essentia,
771 691 908 725 quomodo
932 697 997 725 ergo

217 737 316 765 coelum
337 738 514 773 empyreum?
536 742 563 765 et
588 738 611 764 si
629 737 728 764 cmlum
751 743 907 771 empyreum
926 735 997 763 Deus

217 787 270 815 est,
287 784 423 818 quomodo
438 783 578 818 Scriptura
593 789 648 810 non
663 782 764 810 insanit
783 781 816 809 de
832 783 878 809 illo
891 782 996 813 dicens,

218 830 251 858 In
267 830 394 865 principio
413 830 509 857 ereavit
528 828 598 856 Deus
612 829 704 856 calum
719 829 730 845 ⁸
740 829 752 856 ?
764 837 903 864 nunquam
924 829 998 856 dice-

220 883 276 903 rem
292 883 349 903 rem
363 875 484 910 ejusdem
498 882 559 901 cum
571 873 625 901 Deo
637 874 762 902 essentia
773 882 825 901 non
834 882 894 901 esse
903 873 996 900 Deum.

1044 284 1220 312 Commentar.
1229 285 1257 311 in
1266 284 1405 317 Tincam,
1410 287 1436 311 et
1444 283 1539 311 Cicero
1543 286 1623 311 etiam
1631 291 1649 310 ιι
1660 283 1696 310 De
1702 287 1757 311 nat.
1766 284 1828 310 deo-

1044 338 1113 361 rum,
1121 330 1201 364 Quid,
1210 330 1309 365 inquit,
1317 329 1452 363 pulchrius
1458 337 1489 356 ea
1497 329 1593 364 ﬁgura,
1605 336 1663 364 qua
1672 328 1730 356 sola
1739 336 1827 355 omnes

1047 379 1115 406 alias
1124 378 1224 413 ﬁguras
1235 376 1369 408 compleat:
1378 376 1615 410 eontinet,quteque
1625 374 1690 401 nihil
1699 375 1829 409 asperita-

1047 425 1081 452 tis
1088 423 1192 454 habere,
1204 422 1268 449 nihil
1280 421 1431 456 oﬁ'ensionis
1446 420 1735 455 potestmihilineisum
1749 428 1830 455 angu-

1047 471 1090 502 lis,
1104 469 1170 501 nihil
1178 467 1352 502 anfractibus,
1363 466 1428 493 nihil
1440 466 1566 497 eminens.
1577 465 1643 492 nihil
1656 465 1829 492 lacunosum?

1046 515 1191 543 Alcinoriaa
1215 513 1417 541 lntroductione
1435 512 1462 538 in
1479 511 1601 538 Platonis
1618 511 1828 546 philosophiam,

1047 561 1142 596 Σχῆμα
1152 560 1174 586 δ’
1182 559 1255 593 αὺτῷ
1262 558 1407 593 περιέθηκε
1413 557 1443 584 τὸ
1449 556 1624 591 σφαιροειδὲς,
1632 556 1831 591 εὐμορφότατον

1048 614 1099 641 σχη
1103 605 1204 640 μάτων,
1214 605 1260 630 καὶ
1267 602 1487 638 πολυχωρότατον
1493 601 1540 629 καὶ
1544 601 1757 636 εὑκινητόπατον.
1766 600 1832 634 Qua

1047 659 1102 678 non
1119 657 1271 685 repugnare
1291 648 1393 677 divinis
1415 647 1524 679 litteris.
1540 647 1606 681 quin
1631 646 1695 674 inde
1714 654 1768 673 non
1782 647 1832 673 ob-

1048 704 1128 724 scure
1142 696 1245 730 colligi,
1269 694 1426 722 conﬁrmari
1448 697 1538 728 potest
1553 701 1586 720 es
1604 692 1658 719 illis
1674 692 1764 719 verbis
1779 692 1831 718 ini-

1048 743 1087 769 tio
1103 741 1301 769 Ecclesiastes:
1318 739 1366 767 Sol
1382 739 1487 770 occidit,
1502 744 1527 766 et
1548 739 1574 766 in
1596 738 1681 765 locum
1701 746 1776 764 suum
1791 746 1832 771 re-

1049 787 1168 818 vertitur,
1179 786 1264 821 ibique
1275 793 1413 812 renascens
1426 790 1503 820 gyrat
1517 792 1561 818 per
1585 783 1722 811 meridiem
1735 788 1759 810 et
1783 783 1831 817 ﬂe-

1049 834 1129 860 ctitur
1152 832 1186 859 ad
1202 832 1370 867 aquilonem:
1387 832 1503 857 lustrans
1527 830 1647 857 uniuersa
1671 830 1698 856 in
1721 829 1833 856 circuitu

1050 878 1133 913 pergit
1144 879 1264 912 spiritus,
1280 882 1304 905 et
1316 878 1342 904 in
1355 876 1468 904 circulos
1483 884 1544 903 suos
1557 875 1695 903 revertitur
1708 876 1729 902 '.
1746 873 1834 907 Quare

217 919 277 948 Lux
299 928 363 956 ergo
383 920 439 947 haec
459 924 516 952 tua,
530 923 557 947 et
577 920 675 947 coelum
689 927 844 956 empyreum
863 920 934 947 Deus
949 924 1001 953 est,
1018 914 1037 942 Ε
1051 925 1063 952 ι

985 925 1001 953 ιν
1018 914 1037 942 δ
1051 924 1230 960 Hieronymus
1253 925 1281 952 in
1301 923 1401 951 Comm.
1418 930 1478 958 cap.
1493 930 1508 949 ν
1531 921 1616 956 Epist.
1642 920 1676 948 ad
1707 920 1831 955 Ephesios

217 970 245 993 et
265 970 382 998 creator,
393 970 422 999 et
435 973 545 993 rursum
560 965 699 993 diversum
721 973 736 992 a
755 965 809 992 Deo
824 971 850 993 et
865 969 999 992 creatura.

217 1011 308 1046 Neque
333 1012 465 1039 sententia
491 1010 626 1038 Eustathii
649 1015 676 1038 et
703 1011 806 1044 Basilii,
829 1019 897 1046 quos
919 1012 1002 1038 etiam

217 1057 324 1084 videtur
337 1060 448 1084 secutus
463 1055 652 1083 Theodoretus
668 1056 695 1082 in
713 1056 844 1087 Genesim.
862 1061 889 1084 et
904 1056 1004 1084 Metho-

217 1102 280 1130 dius
292 1122 299 1133 ,
318 1102 376 1130 sive
398 1101 560 1129 Timotheus
582 1102 725 1138 presbyter
743 1101 1003 1137 Ilierosolymitanus

218 1148 339 1175 oratione
354 1148 380 1174 in
397 1148 592 1182 Hypapantem,
611 1148 683 1175 illius
691 1149 855 1175 sententiam
875 1149 1002 1183 probant,

218 1199 269 1220 nec
293 1192 400 1227 pondus
426 1192 541 1226 addunt,
570 1200 620 1220 nec
648 1193 814 1221 ﬁrmitatem.
845 1191 950 1220 Etenim
975 1192 1003 1220 hi

219 1236 313 1265 Patres
334 1237 422 1265 lucem
441 1238 514 1265 illam
545 1242 572 1265 et
590 1238 741 1266 claritatem
756 1247 837 1274 quam
855 1239 1003 1266 iucreatam

219 1285 352 1313 statuunt,
377 1281 513 1309 diversam
536 1283 570 1309 ab
595 1290 626 1310 ea
648 1291 709 1318 quae
731 1291 783 1310 una
800 1291 861 1310 eum
880 1283 960 1315 cmlo,
976 1287 1004 1310 et

217 1332 303 1357 terra.
320 1331 347 1354 et
365 1327 459 1355 eadem
478 1328 584 1355 ratiOne
605 1336 658 1362 qua
681 1328 780 1356 ctelum
795 1332 823 1356 et
846 1333 918 1356 terra
938 1335 1003 1363 pro-

219 1373 300 1400 ducta
323 1377 377 1406 est,
409 1375 533 1408 quamvis
564 1374 647 1402 nullis
676 1374 815 1407 tenebris,
841 1375 909 1402 nulli
940 1381 1003 1401 cor-

219 1419 349 1453 ruptioni,
368 1419 435 1446 nulli
458 1420 573 1454 tempori
593 1419 710 1446 obnoxia
728 1419 773 1451 sit,
797 1426 851 1446 non
871 1419 1005 1446 afﬁrmant

218 1469 281 1490 esse
301 1463 399 1490 coelum
422 1471 589 1499 empyreum,
614 1471 663 1491 nec
685 1464 783 1491 ctelum
806 1463 873 1490 illud
895 1464 928 1491 de
951 1472 1004 1499 quo

221 1508 338 1540 dicitur,
354 1508 386 1535 In
406 1509 532 1543 principio
549 1509 646 1535 creauit
662 1508 732 1535 Deus
750 1508 841 1535 calum
855 1513 880 1535 et
896 1514 1002 1536 terram.

221 1553 276 1581 Sed
301 1554 335 1581 de
359 1554 409 1581 hac
435 1553 547 1581 Patrum
577 1554 712 1581 sententia
742 1554 807 1589 quid
832 1555 1004 1582 sentiendum

221 1599 268 1632 sit,
285 1603 312 1627 et
324 1607 360 1627 an
379 1599 414 1627 sit
436 1600 507 1627 inter
528 1599 725 1632 memorabilia,
744 1603 771 1626 et
790 1600 926 1634 paradoxa
941 1600 1005 1634 reji-

223 1645 331 1678 cienda,
349 1646 376 1672 in
397 1647 523 1681 presenti
535 1653 590 1673 non
603 1646 697 1680 judico
713 1656 719 1671 ι
737 1645 850 1674 inferius
864 1647 935 1674 enim
951 1654 1005 1674 una

221 1698 285 1718 cum
299 1690 440 1718 Eustatbio
454 1699 514 1726 pag.
529 1691 577 1722 60,
590 1691 712 1718 dicemus
733 1691 834 1726 aliqua,
851 1697 1006 1721 reverenter

221 1741 323 1763 tamen.
333 1735 456 1777 Veneror
467 1744 584 1772 namque
597 1737 667 1764 dicta
676 1737 786 1764 Patrum
797 1737 1004 1769 catholicorum,

222 1783 250 1808 et
263 1788 357 1808 verum
373 1781 472 1812 dicam,
491 1781 584 1808 adoro.

260 1826 319 1854 Col.
328 1826 389 1858 τοῦ,
399 1827 448 1854 lin.
456 1826 500 1853 20.
516 1827 547 1853 '0
555 1827 672 1861 στήσας
679 1828 733 1854 τὸν
742 1829 881 1862 οὐραγόν.
890 1827 1006 1855 Basilius

224 1873 297 1900 hom.
324 1872 335 1899 ι
362 1872 390 1899 in
416 1871 596 1900 Hexaemeron
612 1874 685 1899 :Kal.
714 1874 778 1908 περὶ
799 1873 845 1900 τοῦ
870 1874 1006 1908 σχήματος

223 1919 252 1946 δὲ
268 1918 348 1946 ἱκανὰ
367 1919 431 1954 ἡμῖν
448 1918 481 1945 τὰ
500 1919 564 1955 παρ’
587 1919 669 1946 αὑτοῦ
685 1912 807 1951 Emme;
828 1921 857 1946 ἐν
871 1919 1008 1955 δοξο),ογίᾳ

224 1963 303 1997 Θεοῦ,
323 1964 353 1990 'U
377 1963 496 1996 στήσας
512 1963 564 1990 τὸν
582 1964 711 1998 οὐραγὸν
726 1964 797 1991 ὡσεὶ
809 1964 953 1999 καμάραν.
968 1965 1008 1990 Τὰ

225 2010 296 2037 αὐτὰ
309 2010 338 2036 δὲ
353 2010 438 2037 ταῦτα
454 2011 500 2037 καὶ
515 2011 636 2046 περὶτῆς
649 2011 700 2046 γῆς
719 2010 937 2046 συμϐουλεύομεν
947 2011 1008 2038 ἑαυ-

225 2058 290 2088 τοῖς,
308 2056 345 2091 μὴ
362 2056 597 2092 πολυπραγμονεῖν
613 2058 697 2092 αὐτῆς
711 2057 759 2094 τὴν
773 2058 865 2085 οὐσίαν
874 2058 935 2093 ἥτις
945 2058 1008 2084 ποτέ

226 2103 310 2128 ἐστιν.
328 2100 366 2128 De
391 2101 476 2136 ﬁgura
495 2102 558 2129 coeli
577 2101 648 2136 apud
669 2106 776 2130 veteres
795 2103 942 2129 maximum
959 2102 1010 2130 fuit

226 2145 387 2178 dissidium;
403 2154 498 2173 eorum
520 2147 617 2181 placita
639 2151 737 2182 praeter
759 2148 827 2175 alios
843 2147 926 2175 refert
946 2147 1010 2174 Plu-

226 2192 349 2223 tarchus,
362 2192 409 2218 lib.
421 2200 439 2219 ιι
451 2191 486 2218 De
494 2192 584 2226 placit.
593 2193 951 2228 philosoph.;Theodoretus,
961 2194 1008 2221 lib.

227 2237 266 2264 De
280 2243 376 2265 natura
391 2243 415 2265 et
438 2238 553 2271 mundo;
575 2239 745 2272 Aristoteles,
760 2240 807 2267 lib.
832 2248 851 2266 ιι
870 2239 908 2267 De
934 2240 1008 2272 caelo,
1026 2258 1048 2285 Β

228 2291 286 2318 cap.
302 2284 336 2316 ις
353 2284 524 2316 Ptolemteus,
542 2285 589 2313 lib.
613 2293 631 2317 ι,
651 2293 676 2312 c.
694 2286 711 2312 3
726 2285 854 2312 editionis
875 2293 957 2320 mag.,
983 2289 1010 2312 et

228 2329 288 2363 ejus
300 2335 496 2358 commentator
509 2330 601 2358 Theon
620 2331 836 2363 Alexandrinus;
853 2330 1009 2358 Cleomedes

229 2374 258 2401 in
273 2373 382 2401 Heteor.
397 2375 444 2403 lib.
457 2384 476 2408 ι,
489 2381 516 2404 et
530 2377 574 2404 alii
590 2377 683 2404 multis
696 2377 847 2404 rationibus
863 2380 889 2404 et
902 2378 1008 2412 experi-

229 2420 329 2447 mentis
345 2421 508 2455 sphaaricum
524 2430 585 2449 esse
597 2423 724 2457 probant.
740 2421 815 2449 Plato
831 2430 862 2449 ea
882 2423 915 2449 de
930 2430 959 2450 re
972 2422 1008 2449 ita

229 2465 339 2500 scripsit
357 2466 385 2492 in
400 2466 498 2493 Timazo
511 2474 520 2492 :
534 2467 578 2502 Τῷ
592 2466 645 2502 γὰρ
665 2466 699 2493 τὰ
712 2466 800 2493 πάντα.
819 2467 849 2492 ὲν
868 2466 941 2501 αὐτῷ
954 2467 1010 2499 ζῶα

228 2510 364 2547 περιέχειν
376 2511 497 2546 μέλλοντι
514 2512 575 2548 ζώῳ
597 2512 700 2547 πρέπον
716 2512 748 2538 ἃν
762 2512 804 2548 εἴη
817 2513 908 2547 σχῆμα
920 2512 951 2539 τὸ
964 2521 1011 2539 πε-

231 2555 367 2590 ριειληφὸς
384 2557 412 2582 ὲν
438 2557 511 2592 αὐτῷ
528 2558 615 2584 πάντα
638 2559 722 2584 (inﬁda
741 2559 879 2592 σχήματα·
901 2558 940 2583 διὸ
965 2559 1010 2584 καὶ

231 2600 397 2635 σφαιροειδὲς
415 2601 448 2627 ἐκ
464 2603 545 2636 μέσον)
566 2603 653 2638 πάντη
669 2603 736 2638 πρὸς
753 2603 801 2634 τὰς,
816 2603 942 2635 τελευτὰς
958 2604 1013 2629 ἴσον

232 2647 333 2681 ἀπέχον
345 2647 504 2683 κυκλοτερὲς
520 2648 584 2675 αὐτὸ
601 2649 775 2684 ὲτορνεύσατο
790 2649 898 2676 πάντων
918 2650 1015 2675 τελειό-

231 2699 321 2724 τατον,
338 2692 493 2726 ὁμοιότατόν
507 2701 536 2719 τε
550 2694 614 2719 αὐτὸ
627 2693 714 2728 ἐαυτῷ
732 2694 888 2729 σχημάτων,
902 2695 1013 2729 νομίσας

233 2739 322 2774 μυρίῳ
336 2737 442 2764 κάλλιον
455 2738 546 2773 ὅμοιον
569 2739 694 2774 ἀνομοίου
703 2748 709 2754 ·
724 2739 793 2766 λεῖον
806 2739 834 2766 δὲ
854 2739 945 2774 κύκλῳ
960 2740 1013 2766 πᾶν

231 2783 330 2817 ἔξωθεν
345 2783 409 2810 αὐτὸ
425 2784 609 2820 ἀπηκριὼῦτο
622 2785 725 2812 πολλῶν
737 2786 826 2821 χάριν.
849 2785 909 2813 llaec
933 2786 1013 2814 verba

268 2860 280 2878 ⁸
300 2861 363 2888 Gen.
383 2870 409 2896 ι,
434 2863 458 2890 l.
496 2863 506 2878 '
529 2862 614 2889 Eccle.
636 2871 661 2894 ι,
682 2863 709 2895 5,
728 2864 754 2890 li.

1052 970 1170 1004 graviter
1189 977 1236 996 eos
1253 969 1384 1004 increpat,
1400 968 1448 1003 qui
1470 968 1568 995 ccelum
1582 975 1636 994 non
1651 966 1770 1000 undique
1788 973 1832 992 ro-

1052 1015 1177 1046 tundum,
1190 1013 1238 1041 sed
1249 1013 1361 1040 fornicis
1378 1013 1457 1041 modo
1471 1016 1613 1040 curvatum
1626 1011 1738 1038 faciunt.
1755 1010 1833 1044 Quod

1053 1062 1164 1088 omnino
1178 1063 1281 1087 certum
1294 1063 1336 1086 est
1344 1066 1406 1086 cum
1417 1066 1472 1086 non
1482 1058 1635 1085 rationibus
1648 1061 1754 1084 tantum
1768 1064 1834 1083 con-

1053 1107 1190 1136 vincatur,
1211 1104 1259 1132 sed
1281 1105 1467 1138 experimento
1488 1104 1569 1130 etiam
1598 1107 1765 1137 compertum
1787 1103 1834 1133 sit,

1053 1150 1152 1185 duplex
1177 1150 1229 1177 hoc
1250 1148 1468 1183 hemisphaerium
1486 1156 1557 1179 esse,
1578 1152 1604 1175 et
1626 1147 1769 1183 antipodas
1787 1146 1836 1174 ad-

1054 1204 1131 1223 versa
1147 1196 1225 1223 nobis
1250 1195 1364 1231 vestigia
1381 1201 1513 1230 premere,
1539 1194 1573 1221 de
1590 1193 1691 1228 quibus
1708 1192 1836 1220 Manilius

1054 1249 1081 1276 in
1090 1246 1265 1275 ‘Astronomd

1091 1293 1145 1320 Nec
1156 1294 1242 1320 minor
1256 1297 1294 1319 est
1309 1293 1362 1319 illis
1379 1292 1501 1323 mundus,
1515 1300 1560 1318 nec
1573 1291 1671 1318 lumine
1685 1290 1758 1325 pejor
1771 1298 1782 1321 .-

1090 1328 1145 1355 Nec
1157 1336 1295 1355 numerosa
1310 1328 1396 1354 minus
1409 1331 1553 1354 nascuntur
1567 1326 1654 1353 sidera
1669 1326 1695 1351 in
1714 1324 1775 1352 orbe
1791 1331 1802 1351 :

1054 1382 1081 1405 et
1101 1378 1145 1404 alii
1161 1385 1278 1412 quorum
1292 1377 1412 1404 rationes
1430 1376 1502 1411 leges
1522 1375 1549 1402 in
1569 1375 1637 1402 locis
1650 1381 1665 1400 a
1677 1373 1756 1401 nobis
1776 1373 1837 1399 lau-

1055 1423 1135 1450 datis.
1149 1422 1211 1449 Ha'c
1229 1430 1339 1457 uanique
1353 1423 1450 1457 ﬁgura,
1462 1425 1492 1448 ut
1502 1419 1652 1447 aitPlinius
1665 1419 1711 1446 lib.
1723 1426 1753 1449 ιι,
1771 1426 1797 1446 c.
1808 1419 1837 1451 2,

1056 1470 1175 1496 omnibus
1191 1469 1245 1495 suis
1261 1469 1379 1502 partibus
1393 1468 1472 1501 uergit
1491 1467 1518 1493 in
1533 1474 1598 1497 sese,
1617 1473 1648 1492 ac
1659 1464 1708 1491 sibi
1719 1465 1777 1498 ipsa
1797 1468 1838 1490 to-

1055 1514 1165 1542 leranda
1190 1519 1239 1546 est,
1259 1522 1335 1549 seque
1362 1513 1483 1546 includit,
1504 1517 1529 1539 et
1557 1513 1682 1543 continet,
1701 1509 1839 1537 nullarum

1055 1569 1130 1596 egens
1146 1561 1338 1595 compaginum.
1365 1559 1420 1586 Nec
1442 1559 1520 1593 ﬁnem
1540 1563 1586 1584 aut
1604 1556 1763 1591 principium
1775 1555 1838 1583 ullis

1056 1607 1110 1634 suis
1119 1606 1239 1640 partibus
1259 1606 1382 1636 sentiens,
1398 1612 1443 1631 nec
1457 1604 1519 1638 quia
1531 1603 1565 1630 ad
1580 1608 1690 1633 motum,
1706 1610 1760 1637 quo
1775 1601 1838 1629 sub-

1055 1652 1115 1679 inde
1128 1653 1192 1679 uerti
1217 1651 1358 1681 debeat,ut
1374 1658 1435 1678 mox
1454 1649 1598 1684 apparebit.
1618 1648 1680 1675 talis
1700 1647 1839 1681 aptissima

1055 1702 1104 1728 est,
1121 1697 1165 1724 sed
1180 1697 1316 1724 oculorum
1335 1703 1436 1731 quoque
1449 1694 1601 1728 probatione
1612 1693 1681 1728 quod
1699 1699 1838 1724 connexus,

1056 1743 1207 1778 mediusque
1231 1749 1383 1777 quacunque
1407 1745 1539 1772 cernatur,
1557 1747 1617 1766 cum
1639 1739 1666 1766 id
1685 1739 1800 1765 accidere
1812 1739 1840 1765 in

1057 1789 1112 1816 alia
1137 1797 1189 1816 non
1214 1789 1297 1820 possit
1313 1788 1410 1822 ﬁgura.
1432 1785 1465 1813 Et
1489 1785 1648 1813 Theodorus
1673 1784 1841 1812 Prodromus

1057 1833 1159 1868 Dialog.
1178 1833 1212 1860 tle
1228 1833 1308 1860 amie.
1326 1832 1418 1859 exsule
1435 1841 1441 1859 :
1459 1831 1494 1858 Ἣ
1510 1831 1550 1862 τίς
1569 1830 1613 1856 τὸν
1625 1831 1707 1865 εὐρὺν
1728 1829 1841 1864 οὐρανὸν

1057 1878 1104 1904 καὶ
1124 1878 1170 1905 τδν
1187 1878 1272 1912 μέγαν
1296 1877 1437 1911 ἄκαμπτον
1460 1875 1524 1901 bwa
1547 1875 1577 1901 τὸ
1596 1876 1660 1909 πρὶν
1679 1873 1840 1908 εὐθυωρίαν,

1058 1924 1129 1959 ἀρχῇ
1147 1922 1279 1949 πυθέσθαι
1294 1922 1340 1948 τοῦ
1363 1922 1451 1955 λόγυις
1462 1920 1508 1947 τοῦ
1523 1920 1642 1956 φαμένου
1663 1919 1785 1954 ἔκαμψεν
1803 1921 1842 1951 εἰς

1058 1968 1106 2003 τὴν
1123 1969 1239 2002 σφαῖραν
1259 1967 1283 1993 εἰ
1297 1967 1333 2002 μὴ
1348 1966 1437 2001 φιλῐα;
1456 1963 1511 1992 οἷον
1525 1965 1579 2000 γὰρ
1593 1967 1679 1992 εἰπεῖν
1699 1965 1737 1996 ὡς
1758 1964 1841 1991 καλοῦ

1059 2013 1106 2039 καὶ
1121 2013 1234 2047 κοσμίου
1254 2012 1323 2047 ὲρῶν
1344 2012 1440 2038 ἑαυτοῦ
1457 2012 1524 2047 πρὸς
1546 2011 1644 2037 κύκλον
1659 2011 1841 2045 συνεστράφη,

1060 2057 1153 2083 ἑαυτὸν
1179 2055 1253 2091 αὐτῷ
1279 2055 1373 2091 cpt).th
1413 2055 1578 2090 πανταχόθεν
1613 2056 1659 2081 καὶ
1686 2055 1842 2081 παντάπασι

1060 2101 1302 2136 συμπερισφίγγων
1319 2101 1399 2136 μέρη.
1415 2100 1442 2127 lu
1454 2101 1525 2127 hanc
1539 2100 1702 2127 sententiam
1718 2100 1768 2134 legi
1782 2107 1843 2133 pos-

1061 2151 1124 2174 sunt
1141 2151 1168 2174 et
1183 2154 1244 2181 quae
1257 2146 1338 2174 habet
1352 2146 1476 2173 Clemens
1498 2145 1647 2176 Romanus.
1662 2145 1708 2172 lib.
1721 2152 1768 2171 νιιι
1793 2144 1844 2170 Ra-

1061 2193 1158 2228 cognit.
1174 2192 1274 2220 Verum
1299 2192 1419 2226 antiquis
1439 2190 1568 2218 Patribus
1589 2191 1674 2218 mirus
1689 2191 1716 2217 in
1729 2190 1780 2217 hoc
1794 2189 1844 2216 fuit

1062 2247 1224 2270 consensus,
1247 2239 1344 2266 coelum
1367 2238 1472 2265 scilicet
1487 2245 1540 2264 non
1559 2245 1621 2265 esse
1636 2236 1780 2264 rotundum
1796 2236 1844 2263 sed

1063 2285 1150 2312 instar
1159 2283 1282 2314 fornicis,
1294 2287 1322 2310 ut
1336 2283 1467 2310 habemus
1480 2282 1523 2309 hic
1534 2289 1566 2309 ex
1581 2285 1674 2309 nostro
1689 2280 1845 2312 Eustathio.

1063 2329 1180 2361 Basilio,
1209 2329 1403 2364 Chrysostomo
1435 2328 1508 2355 hom.
1541 2328 1574 2354 it
1606 2330 1632 2354 et
1663 2327 1696 2353 17
1723 2326 1758 2353 ad
1788 2326 1843 2353 lle—

1062 2375 1157 2406 brteos,
1178 2373 1341 2408 Augustino,
1356 2374 1373 2399 Ι.
1391 2380 1410 2399 ιι
1436 2372 1474 2400 De
1492 2371 1585 2399 Cenes.
1604 2371 1638 2399 ad
1654 2373 1780 2403 litteram,
1796 2372 1844 2406 qui

1063 2424 1089 2448 et
1106 2421 1170 2447 alibi
1189 2420 1226 2446 ait
1241 2427 1270 2447 se
1287 2419 1420 2451 dubitare,
1438 2419 1479 2446 An
1492 2425 1562 2446 terra
1583 2419 1646 2446 cwlo
1665 2418 1777 2453 undique
1796 2419 1846 2444 cir-

1063 2466 1183 2500 cumfuso
1196 2466 1370 2493 contineatur.
1385 2464 1513 2499 Ejusdem
1526 2465 1668 2492 sententiae
1684 2464 1735 2491 fuit
1749 2468 1845 2490 auctor

1062 2512 1125 2539 libri
1149 2512 1368 2539 Christianorum
1391 2510 1549 2544 nuncupati,
1578 2515 1607 2536 ut
1629 2509 1712 2536 refert
1733 2509 1845 2536 Pbottus

1061 2557 1088 2583 in
1105 2556 1231 2583 Biblioth.
1248 2556 1325 2582 :"0tt
1341 2556 1355 2581 ὸ
1368 2555 1535 2591 οὐρανδςοὺκ
1543 2554 1600 2581 ἐστι
1617 2553 1770 2590 σφαιρικὸς,
1785 2553 1845 2579 οὐδὲ

1062 2604 1078 2637 ὴ
1092 2603 1138 2638 γῆ,
1156 2602 1213 2628 ἀλλ’
1225 2603 1240 2629 ὸ
1257 2602 1307 2637 μὲν
1321 2601 1388 2628 ὡσεὶ
1403 2601 1527 2636 καμάρα,
1543 2601 1589 2635 ἡδὲ
1602 2600 1782 2635 ἑτερομήκης,
1799 2599 1846 2625 καὶ

1062 2648 1221 2683 κεκόλληται
1242 2648 1277 2675 τὰ
1291 2648 1397 2683 πέρατα
1407 2647 1456 2673 τοῦ
1475 2646 1587 2682 οὐρανοῦ
1605 2646 1672 2682 πρὸς
1686 2646 1720 2672 τὰ
1740 2645 1848 2680 πέρατα

1061 2695 1110 2729 τῆς
1120 2695 1181 2728 γῆς.
1198 2693 1358 2722 Theodorus
1371 2694 1434 2721 item
1447 2693 1595 2728 episcopus
1621 2691 1764 2719 Tarsensis
1780 2691 1797 2716 l.
1813 2698 1848 2717 ιιι

1061 2739 1162 2766 Coiitra
1187 2739 1270 2766 fatum
1289 2739 1381 2767 multis
1402 2739 1453 2766 hoc
1473 2739 1544 2765 idem
1567 2737 1702 2772 capitibus
1720 2744 1847 2770 essequi-

1063 2790 1116 2819 tur,
1130 2790 1158 2812 ut
1175 2786 1290 2814 habetur
1305 2785 1375 2820 apud
1391 2785 1514 2813 l’botium
1525 2794 1531 2811 :
1542 2784 1584 2812 'Ev
1597 2784 1626 2810 δὲ
1636 2783 1674 2819 τῷ
1688 2782 1771 2818 τρίτῳ
1786 2791 1846 2809 «est»
