2143 3163
1009 199 1133 229 LEONIS
1150 199 1288 228 ALLA’I‘II

1901 196 1956 227 830

347 263 427 299 ρᾶται
443 257 492 297 μὶν
503 261 548 288 διά
558 269 588 288 τι
602 260 649 287 τοῦ
669 264 711 287 κα’
727 261 803 288 κάτω
817 262 863 288 καὶ
879 261 926 288 τοῦ
945 260 996 295 ιβ’,
1009 260 1057 287 καὶ
1071 261 1124 296 μὴν
1137 263 1161 291 Δ
1174 259 1193 287 Ε

1109 270 1124 288 ν
1137 263 1161 291 Δ
1174 259 1281 288 Elendn'
1289 263 1380 287 contra
1388 260 1480 287 lima.
1491 267 1501 286 .°
1510 259 1654 294 Γεγονόναι
1666 258 1705 290 δὲ,
1715 257 1750 284 τὰ
1763 258 1850 293 ἄστρα
1860 259 1893 285 lx
1902 258 1955 294 γῆς

345 308 394 335 καὶ
409 307 455 334 τοῦ
477 308 568 343 τρίτου
583 307 630 334 καὶ
647 306 780 339 εἰκοστοῦ,
801 308 847 333 καὶ
866 310 889 334 id
908 307 955 333 καὶ
968 307 989 334 δ’
1004 307 1126 341 ἐλέγχειν

345 354 407 386 τοὺς
420 354 465 380 τὸν
484 353 596 388 οὐρανὸν
613 352 755 388 σφαιρικὸν
776 353 992 388 ὑποτιθεμένους.
1009 352 1045 379 οὒ
1063 352 1125 388 μέν·

343 406 416 432 τοιγε
429 398 472 424 διὰ
491 398 544 424 τῶν
563 399 638 433 ἰσχὺν
657 398 771 433 ἐχόντων
792 399 816 424 οἰ
835 398 938 433 ἔλεγχοι
955 398 1069 433 πρόεισι.
1088 398 1125 424 Τὸ

343 443 519 478 σφαιρικὸνδὲ
534 444 564 470 οὐ
580 444 699 478 βούλεται
713 446 862 479 συγχωρεῖν
874 444 911 479 τῷ
928 444 1041 479 οὐρανῷ·
1057 443 1122 470 διότι

341 488 445 523 νομίζει
460 488 508 524 τὴν
532 490 700 525 εἱμαρμένην
714 490 746 515 ἐκ
763 490 811 524 τῆς
829 490 954 525 τοιαύτης
967 489 1122 523 εἰσάγεσθαι

341 533 450 565 θέσεως.
469 533 600 566 Quamvis
626 534 706 568 hujus
723 534 857 561 rationem
879 535 916 562 uti
937 535 1041 562 minimi
1064 543 1122 562 Inn-

339 578 422 605 menti
436 578 542 606 refellat
557 579 628 606 idem
641 579 755 606 Photius
766 580 865 607 ibidem
881 589 888 607 :
905 581 1000 607 Καίτοι
1011 580 1121 616 οὐδεμία

337 623 416 650 τοῦτο
431 624 565 656 ἀπόδειξις
579 625 748 657 ὲκϐιάζεται’
764 627 794 652 οὺ
816 626 880 662 γὰρ,
896 626 923 653 εἷ
936 635 967 660 γε
981 626 1121 661 aquilath

337 668 352 694 ὁ
365 669 488 704 οὐρανὸς,
508 671 555 696 καὶ
569 670 599 696 τὸ
612 671 661 706 τῆς
682 671 852 706 εἷμαρμένης
878 671 906 704 ἐξ
921 672 1041 707 ἀνάγκης
1058 680 1120 697 συν-

339 712 455 740 ίσταται.
473 713 631 741 Lactantius
644 715 661 741 l.
678 722 694 740 ν
712 714 800 742 Diuin.
820 716 895 746 inst.,
916 723 940 742 c.
953 716 999 746 24.
1015 715 1119 743 deridet

335 765 384 786 eos
395 760 442 793 qui
457 760 555 787 cmlutn
584 760 743 794 rotundum,
760 767 786 788 et
802 761 829 788 in
852 769 947 789 omnes
962 766 1053 796 partes
1070 762 1117 789 dc-

333 810 433 831 vexum
458 804 643 833 crediderunt.
661 806 810 841 Procopius
834 815 894 834 eam
918 808 1058 835 mordicus
1081 807 1117 834 ita

333 849 456 878 defendit
471 849 573 879 Comm.
590 852 616 878 in
630 851 707 885 Gem,
724 856 754 879 ut
769 860 863 880 eorum
878 853 1053 883 sententiam.
1069 853 1117 887 qui

333 894 432 921 cmlum
450 897 599 930 pratdicant
613 898 771 929 rotundum,
788 905 803 923 a
825 898 959 924 catholica
974 897 1116 932 disciplina

1174 306 1218 333 διὰ
1231 305 1261 332 τὸ
1271 305 1320 341 τὴν
1333 305 1432 341 ἰκμάδα
1446 305 1479 332 ἔκ
1496 305 1596 341 ταύτης
1610 304 1774 335 ὲνιστασθαι,
1792 302 1828 340 ἧς
1844 304 1957 338 ἁραιου-

1176 352 1258 387 μένης
1271 351 1302 378 τὸ
1314 351 1370 387 πῦρ
1384 351 1521 386 γίνεσθαι·
1536 352 1569 378 ὲκ
1586 351 1614 378 δὲ
1629 351 1677 378 τοῦ
1693 349 1778 386 πυρὸς
1793 348 1955 385 μετεωριζο-

1175 397 1256 432 μένου
1274 398 1336 429 τοὺς
1352 397 1468 432 ἀστέρας
1485 396 1667 423 συνίστασθαι.
1682 394 1757 423 Εἶναι
1773 394 1802 421 δὲ
1819 394 1866 421 καὶ
1886 393 1956 428 γεώ-

1172 443 1228 474 δεις
1243 442 1337 477 φύσεις
1351 443 1380 469 ὲν
1401 442 1440 477 τῷ
1454 442 1527 476 τόπῳ
1537 442 1592 469 τῶν
1605 442 1726 478 ἀστέρων
1745 439 1954 476 συμσξερομινας

1172 489 1295 520 ἐκεινοις.
1310 488 1385 515 Hanc
1396 487 1530 515 Eustatbii
1544 488 1707 516 sententiam
1721 492 1812 515 tuetur
1823 490 1851 514 et
1862 486 1955 522 Olym-

1172 533 1302 568 piodorus
1315 533 1341 561 in
1349 532 1400 560 Job
1407 540 1489 567 super
1501 532 1555 561 illis
1568 534 1659 561 verbis
1669 540 1730 568 cap.
1740 540 1856 565 xumt,
1864 531 1954 565 οισι-

1171 587 1229 605 ιιιιη
1244 584 1331 606 autem
1345 583 1384 606 est
1405 579 1472 605 sicut
1490 582 1566 606 terra!
1584 579 1651 606 cinis
1666 579 1687 606 ⁸.
1702 578 1824 605 Notanda
1838 576 1952 605 Joannis

1169 622 1360 658 Chrysostomi
1380 624 1525 657 sententia,
1549 624 1609 651 ὀτι
1637 624 1685 660 μὲν
1708 624 1836 660 καμάρας
1859 621 1952 650 εἰκόνα

1169 667 1305 700 διασώζει,
1321 669 1413 704 ἴσμεν·
1423 668 1465 700 τις
1484 668 1513 695 δέ
1534 670 1591 696 ἐστι
1606 670 1655 706 τὴν
1664 670 1767 704 οὐσίαν,
1789 670 1950 706 ἀγνοοῦμεν.

1170 711 1369 742 Stolidissimus
1383 714 1551 742 Moliamctus
1568 713 1683 741 aliirmat
1696 722 1786 743 aerem
1799 714 1902 742 factum
1916 722 1952 741 ex

1169 758 1254 790 fumo,
1272 759 1375 786 funium
1395 768 1428 788 ex
1450 767 1550 794 vapore
1574 763 1623 786 aut
1646 760 1817 788 exhalatione
1833 761 1951 788 marina.

1167 801 1288 830 Primum
1303 805 1401 832 malum
1417 812 1452 831 ex
1467 811 1537 838 aqua
1548 804 1629 831 viridi
1643 809 1782 837 constare.
1798 805 1951 833 secundum

1167 855 1199 875 ex
1215 855 1285 883 aqua
1307 849 1391 881 clara,
1407 849 1519 877 tertium
1537 856 1570 876 cx
1594 850 1750 884 smaragdo,
1767 854 1896 885 quartum
1916 856 1951 876 ex

1167 900 1243 925 auro,
1266 895 1391 928 quintum
1411 902 1445 922 ex
1460 894 1616 930 hiacyntho,
1632 900 1737 921 sextum
1751 903 1784 923 ex
1801 895 1894 922 tabula
1907 894 1952 921 lu-

330 945 411 968 vocet
426 941 559 974 alienam;
575 943 613 969 ait
632 943 702 970 enim
717 952 724 970 :
742 943 866 970 Assertio
887 943 1033 970 dicentium
1060 950 1115 970 ccc-
1130 936 1152 963 Β
1165 939 1237 971 cida.
1251 940 1394 974 septimum
1411 948 1444 968 ex
1468 940 1593 968 claritate
1607 941 1689 975 ignis,
1704 944 1732 968 et
1752 941 1786 968 de
1802 949 1857 968 uno
1878 941 1951 968 celo

330 986 387 1014 lum
408 994 469 1015 esse
485 987 576 1023 figura:
598 989 746 1022 splixricm.
766 993 792 1016 et
814 989 940 1015 circulari
955 992 1029 1015 motu
1047 996 1113 1015 con-

329 1033 409 1064 vcrti,
427 1040 481 1059 non
497 1034 643 1060 concordat
666 1034 821 1061 orthodoxa:
840 1034 959 1066 veritati,
980 1034 1026 1061 sed
1047 1042 1113 1061 con-

329 1076 439 1104 tradicit
461 1078 556 1112 Moysi,
580 1079 728 1113 prophetis,
752 1078 845 1110 Paulo,
869 1084 896 1106 et
919 1079 1041 1112 Christo,
1065 1079 1112 1114 qui

327 1120 400 1150 hanc
414 1124 569 1157 opinionem
585 1124 686 1159 ubique
709 1125 736 1151 in
750 1125 850 1152 divinis
868 1124 1016 1160 Scripturis
1032 1126 1112 1153 rcl'el-

328 1162 396 1195 lunt.
424 1165 553 1193 docentes
572 1167 683 1197 malum.
704 1174 791 1201 neque
806 1167 910 1194 circulo
933 1167 1008 1201 ferri,
1024 1175 1111 1202 neque

327 1208 488 1242 spltaaricaur
511 1209 626 1237 fortnam
645 1210 755 1241 habere.
769 1210 816 1238 sed
835 1212 975 1239 immobile
996 1220 1110 1246 prorsus

326 1260 398 1281 esse.
414 1255 502 1289 Atque
514 1254 583 1282 idem
600 1256 651 1283 hoc
666 1257 763 1291 repetit
781 1256 862 1288 intra,
874 1264 935 1291 cap.
951 1257 976 1289 7,
994 1261 1020 1284 et
1035 1257 1110 1284 vide-

326 1303 371 1326 tur
384 1304 524 1327 mutuatus
539 1309 553 1328 a
568 1300 773 1337 Chrysostomo.
790 1309 805 1329 a
821 1310 874 1337 quo
891 1303 954 1330 itetn
978 1311 1027 1330 sua
1042 1303 1110 1331 hau-

324 1350 421 1373 serunt
445 1345 663 1381 Tlteophylactus
687 1351 713 1374 ct
735 1347 930 1376 Theodorctus.
960 1348 1028 1376 Vide
1054 1349 1108 1376 Da-

323 1396 483 1417 mascenum
501 1392 549 1418 lib.
568 1399 585 1418 ιι
609 1392 684 1420 Fidei
710 1393 826 1424 artbad..
847 1401 907 1428 cap.
923 1394 951 1421 6.
971 1394 1010 1421 ita
1029 1395 1108 1422 indu-

323 1436 457 1463 cebantur
474 1441 503 1464 ut
520 1438 675 1470 crederent,
697 1439 852 1466 testimonio
867 1440 940 1467 ducti
958 1440 1108 1475 Scriptum

323 1482 394 1516 psal.
409 1490 467 1514 cui.
486 1482 634 1511 Extende»;
659 1485 750 1511 citium
760 1485 827 1511 sicut
839 1485 930 1519 prltem
943 1486 963 1517 ε,
979 1490 1006 1513 et
1020 1485 1106 1519 lsaim,

323 1525 459 1561 Expandit
470 1529 547 1555 εωιοε
560 1530 629 1556 sicut
645 1530 823 1556 habitaculum
846 1530 880 1557 ad
897 1531 1068 1557 habitandum
1084 1532 1105 1559 ⁷.

357 1572 415 1600 Col.
425 1574 838 1608 71)9,1ἰιι.13.Αὺτοῦλεπτήν.
851 1576 1044 1604 Basiliusbom.
1056 1577 1106 1604 lin

1166 985 1200 1012 ad
1218 985 1290 1012 aliud
1310 993 1371 1015 esse
1385 985 1541 1013 distantiam
1557 985 1880 1021 itinerisquingentorum
1901 992 1951 1013 an-

1165 1038 1273 1057 norum.
1285 1030 1352 1063 Quis
1360 1039 1413 1058 non
1420 1032 1533 1058 oriretur
1545 1030 1664 1058 hominis
1676 1031 1825 1066 ingenium,
1842 1031 1870 1058 in
1878 1031 1951 1058 .his-

1165 1081 1249 1109 ceque
1272 1074 1460 1103 describendis
1474 1074 1653 1111 patientiam?
1671 1079 1701 1102 ut
1715 1075 1840 1103 oculatus
1850 1079 1894 1103 est
1905 1076 1951 1103 vir

1165 1120 1236 1147 iste!
1254 1125 1283 1147 ut
1305 1121 1390 1148 multa
1404 1121 1494 1149 videt!
1518 1122 1623 1149 Abeant
1637 1129 1702 1157 ergo
1717 1122 1902 1149 mathematici
1921 1126 1950 1150 et

1164 1170 1309 1200 geometra:
1331 1174 1392 1193 cum
1415 1167 1474 1194 suis
1494 1167 1632 1194 mensuris
1658 1171 1686 1194 et
1710 1168 1842 1195 numeris.
1865 1167 1949 1196 Solus

1163 1211 1231 1239 vidit
1243 1211 1400 1239 distantiam
1424 1219 1505 1247 quam
1520 1220 1575 1240 non
1594 1213 1691 1248 reliqui
1706 1220 1801 1242 omnes
1822 1213 1948 1242 homines

1163 1265 1214 1285 nec
1232 1262 1327 1285 auctor
1341 1258 1399 1293 ipse
1414 1262 1530 1286 naturae.

1198 1303 1278 1336 lbid.,
1303 1304 1350 1331 lin.
1373 1304 1417 1331 25.
1441 1304 1499 1338 Τὴν
1515 1303 1550 1330 δὲ
1564 1303 1622 1339 γῆν
1635 1304 1754 1339 φάσκει.
1768 1304 1886 1332 Basilius
1900 1308 1946 1331 ta-

1162 1358 1224 1378 men
1246 1351 1284 1377 ait
1304 1351 1377 1377 hom.
1398 1350 1425 1382 l,
1445 1354 1524 1377 terra;
1539 1349 1716 1377 fundamenta
1736 1355 1840 1377 natura
1856 1349 1947 1377 homiv

1162 1403 1226 1422 num
1242 1403 1303 1423 esse
1318 1396 1465 1430 incognita,
1479 1399 1505 1422 et
1520 1395 1609 1422 locum
1625 1394 1723 1426 Patmi,
1740 1401 1820 1429 quem
1838 1395 1882 1421 hic
1896 1393 1946 1421 ad-

1161 1441 1236 1468 ducit
1251 1441 1420 1472 Eustathius,
1436 1441 1562 1476 explicat.
1575 1439 1611 1466 Τό
1628 1440 1764 1475 γὰρ,“Επὶ
1780 1439 1946 1466 θαλασσῶν

1161 1487 1356 1521 ἐθεμελίωσεν
1375 1486 1482 1520 αὐτὴν,
1505 1487 1531 1513 τί
1552 1486 1628 1520 δηλοῖ
1644 1485 1660 1520 ἢ
1676 1485 1706 1512 τὸ
1721 1485 1850 1511 πάντοθεν
1865 1493 1945 1520 περι-

1161 1530 1290 1565 κεχύσθαι
1301 1532 1333 1565 τῇ
1350 1532 1385 1565 γῇ
1401 1530 1450 1565 τὴν
1464 1530 1511 1556 τοῦ
1526 1530 1621 1562 ὓδατος
1634 1530 1733 1565 φύσινς
1751 1529 1813 1560 Πῶς
1823 1526 1880 1561 οὖν,
1897 1531 1944 1565 ῥυ-

1159 1577 1204 1603 τὸν
1221 1577 1341 1611 ὐπάρῖον
1362 1576 1392 1602 τὸ
1411 1575 1494 1611 ὕδωρ,
1516 1575 1564 1602 καὶ
1586 1575 1633 1601 ἐπὶ
1651 1574 1681 1601 τὸ
1702 1577 1803 1609 πρανὲς
1823 1574 1945 1608 πεφυκὸς

321 1618 448 1646 Ilerdam.
458 1628 467 1645 :
476 1620 553 1645 Ἀλλὰ
562 1621 624 1655 περὶ
633 1621 680 1655 μὲν
688 1622 736 1654 τῆς
742 1622 832 1653 οὐσίας
839 1621 883 1647 τοῦ
892 1622 1004 1657 ούρανοῦ
1011 1623 1108 1658 ἀρκού-
1122 1616 1145 1646 C
1160 1622 1349 1654 καταπίπτειν,
1364 1621 1437 1656 μένει
1446 1620 1665 1655 ἁπεωρούμενον,
1676 1620 1722 1647 καὶ
1732 1619 1850 1654 οὐδαμοῦ
1860 1619 1945 1655 ἀπορ-

322 1664 390 1699 μεθα
398 1667 454 1696 τοῖς
462 1666 535 1700 παρὰ
542 1665 588 1691 τοῦ
603 1666 710 1692 Ἡσαΐου
724 1667 884 1701 εἰρημένοις,
893 1667 921 1698 ὃς
929 1668 956 1693 ἐν
966 1667 1107 1700 ἰδιωτικοῖς

321 1710 438 1745 ῥήμασιν
455 1711 548 1746 ἱκανὴν
564 1712 630 1746 ἡμῖν
642 1711 691 1745 τῆς
707 1711 814 1745 φύσεως
827 1712 906 1738 αὑτοῦ
922 1713 971 1749 τὴν
986 1713 1105 1740 διάνοιαν

319 1756 490 1791 ἐνεποίησεν.
517 1757 617 1783 εἰπών’
645 1757 676 1783 '0
705 1757 871 1790 στερεώσας
895 1758 948 1784 τὸν
976 1759 1106 1792 οἰῳανὸν

318 1800 388 1827 ὡσεὶ
407 1802 534 1833 καπνὸν,
554 1803 675 1829 τουτέστι
694 1802 795 1837 λεπτὴν
818 1803 909 1837 φύσιν
939 1804 985 1830 καὶ
996 1805 1026 1830 οὑ
1044 1813 1103 1831 στε-

321 1846 394 1881 ρεὰν,
417 1847 476 1873 οὐδὲ
509 1849 621 1882 παχεῖαν
640 1849 667 1879 ἐς
684 1849 733 1883 τὴν
760 1848 807 1874 τοῦ
831 1849 944 1884 οὐρανοῦ
975 1851 1102 1876 σύστασιν

318 1892 460 1923 οὐσιώσας.
477 1893 512 1920 Ex
529 1895 607 1925 cuius
623 1895 714 1921 verbis
730 1896 819 1921 locum
833 1895 904 1922 hunc
917 1896 953 1922 ita
968 1896 1082 1923 restituo
1095 1905 1100 1922 :

318 1937 372 1971 Τὴν
382 1938 409 1963 δὲ
423 1939 515 1965 οὐσίαν
531 1940 622 1971 αὑτοῦ,
636 1941 676 1966 vel
697 1940 745 1975 τὴν
761 1940 857 1974 φ·5σιν;
877 1941 903 1967 in
925 1941 1026 1975 quibus
1040 1941 1101 1967 illu-

317 1987 400 2010 strem
417 1984 488 2010 illam
512 1987 725 2012 controversiam
750 1987 923 2017 determinat,
945 1987 1006 2013 ςαξιὶ
1028 1987 1102 2014 vide-

317 2028 379 2054 licet
400 2029 580 2056 substantizm
596 2038 648 2057 non
664 2038 724 2057 esse
741 2032 859 2062 mistatn,
876 2033 922 2058 scd
938 2032 1098 2066 simplicem.

317 2072 350 2099 de
364 2081 416 2107 qua
430 2075 512 2102 multa
539 2075 618 2102 nobis
639 2080 666 2102 et
682 2075 806 2103 Plotinus
830 2076 867 2102 De
882 2078 988 2108 mundo,
1005 2082 1032 2104 et
1055 2078 1099 2104 alii

317 2119 498 2146 tradiderunt.
512 2120 626 2152 Quidam
638 2121 710 2147 enim
731 2122 829 2148 cmluni
846 2123 966 2155 ejusdem
979 2131 1040 2150 esse
1056 2131 1100 2149 na-

316 2167 384 2191 tura:
408 2173 470 2192 cum
497 2166 636 2193 clementis
664 2167 787 2193 arbitrati
812 2172 885 2199 sunt,
913 2168 986 2201 quod
1016 2168 1099 2195 refert

315 2207 501 2236 Theodoretus
519 2210 554 2237 De
570 2212 681 2237 materia
696 2217 719 2237 et
736 2213 842 2242 mundo.
858 2217 884 2239 et
899 2212 974 2239 Philo
990 2213 1098 2240 Jtldl‘lls

313 2252 352 2280 De
368 2262 468 2284 somno,
488 2259 514 2281 et
535 2254 707 2282 Plutarchus.
727 2256 777 2282 Alii
799 2256 884 2290 ignea:
898 2263 959 2284 esse
981 2264 1094 2289 naturae,

312 2299 391 2332 cuius
409 2300 546 2333 opinionis
562 2306 688 2328 auctores
711 2302 793 2327 tradit
810 2302 953 2337 [Egyptios
968 2304 1095 2331 Albertus

313 2344 425 2380 Magnus
448 2351 525 2373 tra:t.
550 2347 561 2373 l
580 2347 617 2373 De
644 2348 717 2379 ario,
740 2356 800 2382 cap.
820 2348 846 2374 ι.
878 2348 999 2376 Platonis
1022 2351 1095 2376 circa

311 2390 363 2417 hoc
379 2392 533 2425 opinionem
554 2393 638 2420 habes
651 2393 676 2419 in
700 2394 827 2425 Alcinoo;
846 2394 982 2421 Macrobio
1006 2395 1050 2422 lib.
1069 2396 1095 2421 in

311 2435 401 2463 Somn.
429 2437 562 2470 Scipion.;
581 2439 742 2472 Augustino.
764 2447 812 2465 vui
840 2439 879 2465 De
906 2441 1010 2466 rivitate
1036 2440 1094 2472 Dei,

310 2489 370 2516 (ap.
384 2483 432 2515 ll";
450 2483 598 2518 Philopono
621 2484 652 2510 ad
666 2492 690 2510 vi
710 2488 735 2511 et
749 2492 796 2510 χιιι
809 2484 908 2511 Procli.
923 2485 974 2512 Sed
993 2485 1026 2511 de
1046 2487 1096 2513 hoc

309 2528 388 2561 plura
403 2528 517 2555 inferius
538 2534 632 2556 noster
647 2529 806 2557 Eustathius
828 2538 861 2557 ex
878 2531 978 2565 quibus
993 2532 1092 2559 cteluin

309 2578 466 2601 concretum
479 2575 514 2602 sit
526 2575 586 2602 aliis
604 2575 796 2602 declarandum
820 2577 987 2611 relinquens,
1002 2578 1093 2604 verbis

307 2618 385 2647 Isaiae
403 2619 463 2653 ejus
488 2624 614 2647 naturain
637 2626 756 2651 tenuem,
780 2630 834 2648 non
858 2622 982 2652 solidam,
1004 2630 1092 2656 neque

307 2672 429 2691 crassam
442 2673 503 2693 esse
514 2667 606 2697 tradit.
621 2675 716 2694 eorum
729 2668 886 2702 opinionem
903 2668 1028 2696 refellens
1044 2669 1089 2703 qui

307 2710 406 2736 coelum
441 2711 557 2738 solidum
580 2712 662 2739 veluti
695 2713 854 2748 crystallum
882 2715 1037 2748 ponebant.
1062 2718 1090 2741 et

302 2761 401 2795 eorum
419 2756 464 2783 oui
479 2760 609 2789 terreum,
621 2766 795 2793 gravemque,
810 2763 837 2785 et
851 2759 1027 2786 Anaximenis
1042 2760 1089 2793 qui

308 2798 375 2827 illud
391 2810 407 2829 e
429 2808 501 2831 terra
523 2802 716 2836 fabricaverat,
734 2805 768 2832 de
789 2812 845 2840 quo
866 2805 996 2840 Origenes
1018 2805 1088 2833 lib.t

343 2880 354 2896 '
373 2879 448 2910 Pml.
466 2889 528 2915 cui,
545 2883 573 2912 2.
608 2881 621 2902 ³
641 2882 696 2911 Im.
714 2891 764 2917 XL,
784 2883 828 2912 22.

867 2884 878 2901 ³
895 2883 947 2913 Job
961 2893 1075 2919 xxxvnt,
1093 2885 1126 2914 38

1158 1668 1234 1702 ῥέονς
1248 1667 1283 1693 Σὺ
1298 1667 1326 1692 δὲ
1340 1667 1370 1692 οὐ
1383 1666 1494 1700 λογίζει,
1507 1666 1548 1692 ὅτι
1557 1666 1606 1700 τὴν
1617 1665 1712 1700 αὐτὴν,
1722 1665 1769 1691 καὶ
1780 1664 1820 1691 ἔτι
1831 1664 1943 1692 πλείονα.

1156 1711 1271 1746 ἀπορίαν
1290 1711 1329 1746 τῷ
1344 1710 1415 1745 λόγῳ
1435 1710 1548 1745 παρέχει
1563 1711 1580 1744 ἡ
1595 1710 1631 1744 γῆ
1648 1709 1708 1736 καθ’
1724 1709 1822 1745 ἑαυτὴν
1836 1718 1943 1745 κρεμα-

1157 1756 1223 1791 μένη
1243 1755 1379 1791 βαρυτέρα
1392 1756 1441 1790 τὴν
1459 1755 1539 1789 φύσιν
1553 1753 1631 1781 οὖσα.
1651 1754 1831 1782 Externorum
1848 1758 1941 1783 tamen

1154 1803 1376 1838 philosophorum
1396 1803 1487 1837 opinio
1502 1806 1544 1829 est
1558 1801 1643 1836 magis
1657 1805 1766 1836 recepta
1781 1800 1941 1829 :Fundasse

1154 1847 1237 1875 Deum
1259 1852 1359 1875 terrain
1383 1848 1409 1874 in
1433 1847 1554 1882 sphaerae.
1578 1854 1638 1881 quae
1664 1846 1793 1873 mundum
1818 1845 1940 1881 undique

1153 1894 1351 1928 complectitur,
1376 1898 1481 1925 centro,
1511 1893 1611 1927 quippe
1636 1900 1697 1927 qua:
1725 1897 1836 1926 propter
1857 1899 1938 1919 suum

1152 1939 1333 1973 :equilibrium
1355 1947 1387 1966 ex
1411 1938 1483 1965 omni
1510 1942 1587 1972 parte
1617 1937 1783 1964 tantumdem
1811 1936 1897 1964 distat
1920 1944 1938 1964 a

1152 1986 1232 2016 celo,
1251 1988 1279 2011 ut
1299 1985 1334 2011 ob
1354 1984 1380 2011 id
1397 1985 1485 2020 ipsum
1501 1988 1528 2011 et
1543 1983 1648 2010 ﬁrmam
1664 1983 1755 2010 sedem
1774 1982 1935 2015 obtinuerit,

1151 2034 1178 2057 et
1195 2031 1306 2057 immota
1321 2031 1435 2061 nitatur,
1452 2034 1479 2056 ct.
1492 2030 1571 2055 lixam
1585 2029 1621 2055 sit
1635 2034 1714 2055 nacta
1729 2028 1813 2055 basim
1825 2037 1833 2061 ;
1844 2031 1870 2055 et
1883 2028 1937 2057 hoc

1152 2084 1170 2102 ιι
1195 2076 1230 2103 De
1244 2078 1306 2103 caelo
1323 2084 1386 2111 cap.
1411 2077 1444 2103 14
1470 2075 1646 2103 validissimis
1671 2074 1820 2101 rationibus
1838 2074 1937 2109 probat

1149 2122 1321 2154 Aristoteles,
1339 2126 1366 2149 et
1391 2130 1457 2149 sane
1480 2120 1671 2156 despicaciori,
1689 2126 1716 2147 et
1731 2120 1860 2147 deteriori
1877 2120 1933 2148 ele-

1150 2174 1250 2197 nn-nto,
1267 2170 1375 2194 intimus
1392 2169 1467 2194 locus
1479 2169 1636 2198 (iubebatur,
1650 2172 1727 2193 terra:
1738 2167 1932 2194 elementorum

1149 2214 1309 2244 tit'lt‘l'l‘itllJ‘,
1327 2214 1402 2240 lorus
1415 2215 1460 2247 qui
1475 2214 1590 2239 maxime
1607 2221 1620 2238 tt
1637 2213 1706 2238 00310
1719 2212 1799 2239 distat
1810 2211 1932 2240 inﬁmus.

1148 2259 1275 2285 (ἴε-ιιιιιιιιιι
1296 2260 1387 2285 mundi
1408 2261 1524 2286 maxime
1542 2268 1555 2285 a
1573 2260 1643 2285 uelo
1662 2259 1755 2289 distat,
1774 2258 1887 2293 ideoque
1903 2258 1932 2285 in

1148 2313 1180 2331 co
1197 2311 1253 2330 ιιι-λιι
1271 2306 1429 2331 collocanda
1450 2313 1497 2331 sna
1521 2309 1629 2335 natura,
1652 2304 1724 2331 unde
1743 2309 1814 2330 terra
1834 2312 1930 2339 aquas,

1147 2358 1200 2376 imit
1222 2358 1235 2375 υ
1257 2351 1397 2376 contrario
1418 2355 1517 2376 terram
1537 2358 1611 2384 aqua:
1637 2353 1799 2376 sustentant.
1820 2349 1858 2375 Ειι
1879 2357 1931 2376 no-

1148 2406 1206 2422 vam
1229 2397 1374 2423 Nebulonis
1397 2397 1601 2431 physiologiam.
1621 2396 1717 2426 Terra.
1738 2397 1775 2422 ait
1794 2395 1931 2424 Mohame—

1148 2448 1200 2472 tus,
1223 2444 1372 2469 sustinetur
1386 2452 1399 2468 ιι
1419 2451 1514 2476 magno
1531 2442 1596 2468 bore
1613 2442 1692 2475 cujus
1710 2447 1790 2476 caput
1806 2442 1931 2469 extendi-

1148 2492 1190 2513 tur
1204 2490 1228 2513 in
1241 2489 1385 2518 orientem,
1401 2489 1485 2514 cauda
1504 2489 1529 2513 in
1542 2489 1723 2519 occidentem,
1734 2492 1851 2522 quatuor
1865 2495 1931 2514 vero

1146 2534 1227 2568 pt‘til‘S
1256 2535 1408 2560 innituntur
1433 2534 1514 2567 lapidi
1539 2533 1665 2560 candido.
1687 2532 1714 2559 ln
1733 2534 1823 2567 Capite
1846 2532 1928 2558 habet

1146 2581 1321 2613 quadraginta
1337 2588 1450 2609 cornua,
1467 2587 1582 2613 quorum
1598 2586 1681 2605 unum
1697 2579 1731 2605 ab
1747 2579 1830 2605 altero
1844 2578 1929 2604 distat

1144 2626 1240 2652 itinere
1264 2627 1336 2652 inille
1360 2633 1504 2651 annorum.
1531 2625 1632 2652 Subtus
1660 2625 1774 2659 lapidem
1799 2631 1864 2650 vero
1885 2628 1928 2651 est

1144 2680 1222 2698 muns
1246 2672 1387 2698 infernalis
1414 2672 1504 2697 dictus
1532 2671 1610 2701 Zoili,
1636 2679 1715 2705 quem
1742 2669 1928 2697 conscendam

1143 2723 1277 2749 cogiintur
1295 2722 1460 2751 peccatores.
1476 2722 1502 2743 ct
1518 2718 1561 2744 ubi
1581 2718 1649 2743 bene
1666 2721 1795 2743 oneratus
1812 2719 1854 2742 "st
1872 2715 1928 2742 col-

1144 2762 1267 2791 labascit,
1279 2770 1380 2796 eosque
1396 2763 1553 2788 submersus
1567 2763 1593 2788 in
1606 2762 1742 2789 infernum
1755 2759 1924 2796 praecipitat:

1144 2807 1193 2833 sub
1210 2806 1259 2833 hoc
1278 2813 1367 2834 monte
1382 2813 1452 2834 terra
1469 2811 1509 2835 est
1526 2813 1552 2834 et
1571 2812 1664 2842 postea
1683 2813 1769 2840 mare,
1785 2808 1813 2833 et
1827 2808 1927 2832 rursus
