2143 3163
223 165 276 195 335

714 165 747 193 ΙΝ
762 164 950 194 EUSTATHII
968 166 1208 194 BEXAEMERON
1228 166 1344 195 PiO’l‘E.

222 223 295 252 enim
310 222 420 251 luminis
439 221 589 250 carentium
610 221 714 248 ereavit
734 222 816 250 Deus.
835 221 899 250 Hac
915 227 1005 251 tamen
1019 232 1042 260 Α

1076 223 1116 250 ίου
1138 225 1318 259 γενησόμενον
1342 223 1500 259 ὑπερόριον,
1527 223 1628 260 μηδένα
1648 223 1676 250 δὲ
1700 223 1746 251 τὸν
1767 223 1838 259 μιτά

222 268 314 304 opinio
336 268 448 296 minime
469 266 610 302 probanda
635 266 755 300 videtur,
779 267 822 295 vel
843 275 878 296 ex
899 275 932 296 eo
948 269 1006 296 solo

223 313 295 349 quod
312 312 426 348 angelis,
446 311 493 346 qui
508 315 572 338 sunt
591 311 654 345 puri
668 312 783 347 spiritus
800 308 1008 347 nullo’eorpore

223 357 365 388 obsuictt.
393 354 536 383 materiale
559 355 723 390 principium
750 356 862 389 tribuat,
891 357 1007 392 indeque

221 409 270 431 eos
276 409 422 437 oorporeos
436 401 641 436 materialesque
653 402 762 429 emciat.
774 401 860 434 Λάδη
876 401 942 429 bino
953 410 1007 430 non

224 446 305 474 simul
320 452 382 472 cum
400 445 470 472 calo
494 448 522 472 et
538 448 612 472 terra
627 446 715 480 angeli
739 445 867 481 producti
883 445 1008 474 referun-

224 496 278 523 tur.
295 491 342 519 sed
356 495 416 526 post
431 490 492 520 cali
506 495 532 519 et
543 494 623 519 terra:
636 491 814 519 creationem.

258 537 317 565 Col.
333 537 395 571 τοι),
411 536 458 564 lin.
473 536 517 564 38.
539 536 668 569 Ἔξωθεγ
681 536 715 563 δὲ
732 536 785 563 τοῦ
796 536 937 570 ούρανοῦ.
952 537 1010 564 Me-

225 583 336 611 tuodius
353 582 493 618 presbyter
509 581 785 618 Hierosolymitanus,
810 587 879 609 orat.
904 583 931 609 iu
953 581 1010 617 Hy-

224 632 376 663 papantem,
391 628 450 656 sive
471 627 633 655 Timotheus
655 626 708 654 sub
725 626 804 660 cujus
821 626 930 653 nomine
953 627 1009 653 haec

224 675 313 702 oratio
332 675 477 710 praeteritis
502 674 583 701 annis
603 673 683 701 initio
706 672 802 700 mutila
825 680 925 700 excusa
956 677 1009 706 est,

223 727 304 756 quam
316 719 447 755 integram
454 719 566 754 suisque
576 718 699 753 partibus
713 718 866 746 absolutam
877 718 937 750 tibi,
952 718 1010 746 lecv

224 769 277 796 tor,
295 772 350 792 una
366 772 428 792 cum
446 764 508 792 aliis
522 763 724 791 Methodiorum
737 762 888 797 opusculis,
898 766 926 790 et
939 762 1011 798 trag-

224 810 333 842 mentis,
342 809 397 838 Deo
404 810 495 842 dante,
506 816 587 845 quam
596 809 714 844 primum
722 808 848 836 dabimus
869 817 876 835 :
888 808 912 836 is
921 808 1012 844 itaque

224 856 259 884 de
267 856 319 884 liae
328 854 423 883 eodem
433 855 537 882 lumine
545 861 698 881 sermonem
707 861 792 889 agens
801 853 838 882 ita
846 853 988 881 exorditur
1004 863 1010 880 :

224 902 312 934 Πόνος
317 902 346 928 ὲν
351 899 609 943 ἀνθρώποιςτέλειος
617 899 758 934 ἄνθρωπος
766 899 781 926 ό
789 898 836 935 τῆς
843 898 1013 934 δικαιοσύνης
1028 899 1050 927 Β

225 947 288 984 περὶ
311 946 409 974 πολλοῦ
425 946 564 982 τιθέμενος
589 945 693 980 κτῆμα.
718 944 863 980 ’Δείφωτον
880 945 936 982 γὰρ
957 947 1013 977 τοῖς

223 989 448 1027 δικαιόπραγοῦσι
472 992 502 1018 τὸ
517 991 568 1027 τῆς
585 990 760 1026 δικαιοσύνης
777 991 870 1027 κτῆμα
892 991 963 1018 κατὰ
984 992 1015 1018 τὸ

223 1036 328 1071 φάσκον
352 1037 423 1063 θετον
450 1036 546 1073 ῥητόν·
572 1035 638 1070 Φῶς
657 1035 785 1069 δικαίοις
814 1036 863 1063 διὰ
891 1038 1014 1070 παντός.

223 1082 303 1109 Ποῖον
318 1082 392 1117 φῶςς
410 1083 447 1109 υῡ
463 1083 493 1109 τὸ
511 1082 589 1109 νυκτὶ
604 1081 814 1117 διαμαχόμενον,
831 1082 877 1109 καὶ
888 1082 1016 1118 ἡλιακαῖς

223 1129 314 1156 ἀκτῖσι
341 1128 481 1156 διπλάσιον
514 1128 726 1164 εὑρισκόμενον,
755 1127 803 1154 καὶ
831 1127 870 1163 τῷ
903 1129 1016 1163 παρόντι

224 1174 302 1201 αἰῶνι
324 1174 362 1206 ὼς
382 1174 541 1210 προσκαίρῳ
558 1173 776 1209 συντριϐόμενον.
800 1172 866 1206 Φῶς
891 1173 1017 1207 δικαίοις

225 1220 274 1247 διὰ
289 1221 409 1253 παντός.
429 1221 507 1247 Ποῖον
526 1220 601 1254 φῶς
626 1220 663 1246 To
683 1219 811 1247 ἐπέκεινα
826 1221 880 1247 τῶν
894 1220 1015 1256 οὐρανῶν

225 1266 409 1301 αὗλιζόμενον,
424 1267 471 1293 καὶ
490 1266 520 1292 τὸ
531 1265 684 1300 δεσποτικῷ
699 1265 786 1300 θρόνῳ
802 1266 1015 1301 παριστάμενον.

226 1312 315 1347 ὀπερ
337 1313 351 1339 δ
372 1312 474 1343 δίκαιος
492 1312 615 1347 ’Δεραάμ
631 1312 761 1345 ἐννοήσας
780 1312 842 1342 τοὺς
858 1311 932 1347 αὐτῷ
952 1320 1016 1346 προ-

226 1357 385 1392 διχομένους
408 1357 601 1393 προσδέχεται,
623 1357 688 1389 τοὺς
707 1357 735 1384 δὲ
757 1358 795 1394 μὴ
819 1356 956 1388 τοιούτους
978 1357 1018 1392 τῷ

226 1403 342 1436 ἀφεγγεϊ
353 1403 402 1438 τῆς
416 1402 522 1434 δικαίας
543 1402 692 1438 καταδίκης
711 1404 804 1439 χωρίῳ
824 1402 1017 1439 παραπέμπει.

227 1447 277 1474 Διά
289 1447 368 1474 τοῦτο
392 1448 526 1484 κέκραγεν
540 1449 555 1474 ό
580 1448 690 1483 κράζων
703 1457 711 1464 ·
741 1449 806 1482 Φῶς
819 1448 944 1481 δικαίοις
970 1447 1019 1474 διὰ

228 1494 351 1526 κοντός.
377 1492 441 1526 Φῶς
457 1493 491 1520 δὲ
506 1492 625 1520 ἀσεϐῶν
642 1494 815 1522 σϐέννυται.

263 1539 344 1572 lbid.,
357 1539 403 1566 lin.
420 1539 465 1566 41.
474 1541 527 1572 Εἰς
538 1539 554 1566 ὁ
569 1539 616 1566 καί
627 1538 1020 1575 οικαλῶςβιώσαντσᾳῐεέτεο

229 1585 323 1614 statim
338 1591 401 1620 post
414 1585 496 1620 hujus
511 1586 572 1614 vita
586 1586 734 1613 terminum
748 1590 907 1614 sanctorum
921 1586 1018 1613 animae

229 1631 259 1659 In
285 1631 455 1666 sempiterna!
476 1631 546 1659 lucis
565 1631 718 1659 claritatem
734 1631 839 1663 delatae,
862 1631 949 1666 gloria
966 1632 1019 1659 sibi

230 1675 322 1704 debita
344 1675 523 1711 perfruuntur
541 1675 725 1711 felicitateque
749 1676 882 1704 immensa
906 1676 1018 1711 potiun-

232 1726 287 1749 tur.
305 1721 362 1749 Hoc
377 1722 452 1750 enim
474 1726 596 1758 tempore
610 1722 658 1757 qui
682 1722 751 1750 bene
772 1726 921 1757 sancteque
935 1723 1018 1750 vitam

232 1767 370 1795 duxerunt
386 1767 420 1794 ab
434 1774 466 1795 ea
481 1767 610 1795 illustrati
634 1767 792 1802 quiescunt,
818 1774 867 1794 nec
885 1766 959 1793 aliud
972 1774 1020 1794 ex-

233 1817 370 1848 spectant.
387 1813 465 1845 Quod
477 1811 702 1840 manifestissime
718 1812 857 1846 colligitur
871 1819 905 1839 ex
929 1812 1020 1840 verbis

233 1857 268 1884 ad
284 1865 345 1893 qua:
356 1856 543 1884 confirmanda
561 1864 616 1883 non
638 1859 680 1884 est
696 1863 766 1891 opus
784 1855 828 1882 hic
850 1855 1020 1890 reliquorum

232 1902 345 1929 Patrum
371 1902 522 1930 sententias
553 1902 686 1929 intexere.
713 1901 903 1930 Theodoretus
924 1902 971 1930 lib.
994 1909 1022 1929 Ix

233 1948 274 1976 De
291 1948 378 1982 απιει.
395 1947 494 1979 Grata,
511 1947 539 1975 in
555 1947 619 1980 fine,
641 1948 691 1974 ‘Er
706 1947 746 1980 τῷ
757 1948 861 1982 κόσμῳ
876 1948 942 1983 γὰρ,
956 1948 1020 1984 ἔφη,

235 1994 340 2028 θλίψιν
353 1993 447 2028 ἔχετε,
462 1993 511 2020 καὶ
530 1993 670 2029 μακάριοι
683 1993 766 2026 ἐστε,
778 1993 852 2021 ὅταν
871 1993 1022 2021 ὀνειδίσω-

235 2050 289 2069 σιν
299 2041 388 2077 ὑμᾶς,
405 2042 454 2070 καὶ
469 2041 607 2074 διώξωσι,
625 2042 676 2069 καὶ
695 2043 802 2069 elatum
814 2043 876 2070 πᾶν
888 2043 1023 2076 πονηρὸν

231 2087 316 2122 ῥῆμα
337 2089 400 2114 καθ’
411 2087 495 2122 ὑμῶν
506 2087 611 2114 ἕνεκεν
622 2087 705 2122 ἐμοῦ.
720 2088 851 2122 Χαίρετε,
867 2088 916 2116 καὶ
931 2089 1024 2123 ἀγα-ι-

235 2131 352 2163 λιᾶσθε,
361 2132 405 2159 ὅτι
417 2133 434 2159 ό
439 2131 547 2167 μισθὸς
554 2132 636 2167 ὑμῶν
646 2132 743 2165 πολὺς
752 2133 787 2160 ἐν
799 2133 861 2167 τοῖς
872 2133 1021 2168 οὐρανοῖς,

235 2178 292 2205 Καὶ
311 2178 374 2210 τοὺς
389 2178 437 2213 μὲν
453 2178 549 2209 πόνους
566 2178 613 2204 καὶ
635 2178 773 2209 κινδύνους
787 2177 925 2210 ὑπέδειξεν
942 2178 977 2205 τὰ
994 2178 1022 2204 δὲ

1055 268 1142 296 ταῦτα
1167 269 1318 304 ἀνθρώπων
1337 268 1467 304 μέλλοντα
1490 269 1570 296 πάλιν
1593 269 1712 305 οἰκήσειν
1738 269 1838 302 αὐτόν;

1057 314 1089 341 Et
1104 313 1158 349 γὰρ
1173 314 1287 347 ἕκαστος
1309 314 1425 341 καὶτῶν
1446 314 1565 346 εὐσεϐῶς
1587 314 1765 350 βεϐιωκότων,
1791 315 1840 341 καὶ

1057 358 1111 385 τῶν
1124 358 1260 390 δυσσεϐῶς
1276 358 1521 393 πολιτευσαμένων,
1541 358 1609 393 μετά
1620 359 1651 385 τὸ
1668 358 1774 386 στάδιον
1790 358 1840 386 τοῦ

1058 404 1190 439 παρόντος
1204 403 1261 439 βίου
1278 405 1346 440 πρὸς
1364 405 1395 431 τὺ
1410 403 1447 439 μὴ
1469 403 1499 431 δν
1515 403 1669 438 ἀναλύεται,
1689 404 1736 431 καὶ
1751 396 1839 437 esset;

1057 450 1108 476 οὐκ
1120 449 1160 476 ἔτι
1175 450 1306 485 διαμένει,
1321 450 1392 477 ὥστε
1407 450 1454 477 καὶ
1470 450 1633 485 παράδεισον
1651 450 1839 485 κληρονομεῖν,

1058 496 1168 531 καὶτῆς
1187 496 1215 522 ιν
1235 495 1308 530 αὐτῷ
1323 496 1427 531 τρυφῆς
1449 494 1595 521 ἀπολαύειν
1617 495 1711 530 ἱερᾶςυ
1729 493 1787 526 πῶς
1807 494 1841 521 οὐ

1061 540 1149 576 μάτην
1174 539 1255 567 αὑτὸν
1277 539 1437 574 γεγενῆσθαι
1465 540 1482 574 ἡ
1507 538 1617 574 τοιαύτη
1640 538 1773 573 ἀγνώμων
1793 538 1842 565 καὶ

1058 585 1191 620 δυσσεϐὴς
1200 580 1333 620 ὑπόληψις
1348 585 1492 619 ἀποφανεῖ,
1507 585 1554 611 καὶ
1568 584 1612 611 διὰ
1622 583 1673 618 τ’ής
1688 584 1729 616 εἰς
1741 584 1844 611 ἐκεῖνον

1061 631 1165 668 ὕϐρεως
1171 631 1216 658 τὸν
1228 631 1316 657 κοινὸν
1323 629 1457 666 ὲξυὸρίσει
1464 629 1641 666 δημιουργὸν,
1651 630 1745 656 extim
1753 628 1842 664 πράτ-

1059 686 1117 704 τειν
1136 677 1307 713 κατηγορῶν,
1325 677 1343 704 ἃ
1361 678 1428 713 μηδδ
1448 677 1557 713 μέτριος
1579 677 1611 704 ἀν
1621 685 1663 708 τις
1672 675 1846 711 διαπράεοιτο

1060 723 1130 758 ἀνήρ
1144 730 1151 755 ἶ
1171 721 1223 750 Sed
1233 722 1392 750 Eustathius
1400 730 1503 758 magna:
1512 722 1641 749 Ecclesia:
1649 721 1791 756 presbyter
1800 727 1846 748 eo-

1061 767 1123 795 dem
1134 766 1230 794 Pbotio
1240 766 1373 794 referente
1380 774 1429 802 pro
1437 767 1548 796 veritate
1556 770 1664 801 sumpta
1673 765 1847 803 conluuione

1062 813 1196 848 probavit,
1212 812 1273 839 Ὅτι
1285 814 1354 848 μετά
1367 812 1417 847 τὴν
1431 811 1591 846 ἀπαλλαγὴν
1605 811 1652 838 τοῦ
1665 810 1790 845 σώμαιος
1799 810 1848 836 n.6—

1062 858 1126 886 τίκα
1147 858 1306 894 εὐεργοῦσιν
1327 857 1425 884 αἰτῶν
1447 857 1533 891 ἁγίων
1546 856 1640 891 ψυχαί.
1665 856 1703 883 οὐ
1729 854 1848 891 μόνονᾶ

1063 903 1116 930 τῶν
1129 904 1224 938 ἁγίων,
1241 903 1309 931 ἀλλά
1324 903 1371 930 καὶ
1381 901 1474 934 ἁπλῶς
1485 903 1555 929 κατὰ
1571 902 1620 937 τὴν
1631 901 1732 928 οίκείαν
1745 900 1850 936 ἑκάστῃ

1063 949 1174 983 ἀξίωσιν
1196 950 1270 977 πᾶσα
1285 949 1441 985 ἀνθρωπίνη
1456 948 1539 984 ψυχή.
1557 947 1643 983 Cujus
1659 948 1704 975 hic
1719 947 1800 975 verba
1815 946 1849 974 li-

1065 994 1226 1022 bentissime
1245 994 1468 1026 transcriberem.
1493 994 1516 1022 si
1532 994 1616 1021 libelli
1638 993 1715 1029 copia
1738 992 1806 1020 foret
1818 995 1851 1021 ut

1065 1047 1159 1068 eorum
1179 1041 1362 1075 pervicaciam
1391 1040 1610 1074 oomprirnerem.
1637 1040 1684 1075 qui
1704 1039 1731 1066 in
1758 1043 1851 1074 aperta

1065 1089 1093 1113 et
1107 1093 1136 1113 re
1158 1085 1302 1113 manifesta
1327 1086 1362 1112 ita
1377 1085 1536 1116 excutiunt,
1554 1090 1584 1112 ut
1596 1089 1623 1112 et
1646 1084 1707 1112 aliis
1721 1083 1850 1111 tenebras

1067 1130 1208 1159 oﬂundere
1225 1131 1398 1166 impudenter
1414 1130 1549 1157 nitantur.
1565 1129 1632 1163 Quis
1641 1129 1713 1157 enim
1724 1124 1850 1164 portenta

1066 1178 1140 1205 circa
1157 1177 1209 1204 hoc
1225 1176 1408 1211 pessimorum
1422 1175 1561 1203 hominum
1578 1174 1650 1203 ferre
1664 1174 1777 1210 posset?
1792 1174 1852 1202 Ma-

1067 1222 1156 1250 lorum
1168 1221 1273 1249 scilicet
1290 1221 1396 1248 animas
1410 1221 1438 1248 in
1453 1220 1592 1248 damonas
1604 1221 1736 1251 converti.
1752 1220 1780 1246 in
1795 1219 1853 1247 leo-

1067 1275 1128 1301 nes,
1143 1267 1233 1302 lupos,
1252 1267 1374 1301 aliasque
1389 1266 1504 1298 bestias,
1522 1266 1593 1294 sicut
1609 1270 1636 1293 et
1647 1265 1784 1299 justorum
1801 1265 1853 1292 mi-

1069 1321 1158 1349 grare.
1189 1312 1368 1344 Paradisum,
1397 1319 1599 1346 supernamque
1627 1311 1795 1339 Hierusalem
1824 1311 1854 1338 in

1068 1359 1149 1387 tertio
1163 1358 1234 1385 cmlo
1251 1358 1332 1386 sitam
1349 1365 1419 1391 esse,
1437 1358 1503 1392 quin
1524 1365 1613 1392 neque
1628 1357 1654 1384 in
1672 1357 1751 1388 coelo,
1765 1364 1854 1392 neque

1069 1404 1098 1432 in
1111 1404 1203 1432 terris.
1222 1402 1276 1431 Sed
1298 1403 1396 1430 horum
1414 1403 1501 1438 magis
1516 1393 1670 1430 accuratam
1691 1402 1854 1437 explicatio-

1069 1456 1132 1476 nem
1145 1449 1172 1476 in
1188 1451 1305 1476 tractatu
1329 1454 1410 1483 quem
1429 1447 1462 1474 de
1481 1447 1643 1475 differentiis
1659 1445 1815 1474 Graecorum
1827 1452 1856 1473 et

1070 1493 1230 1522 Latinorum
1253 1494 1414 1527 scribimus,
1440 1493 1592 1521 trademus.
1619 1492 1697 1520 Nunc
1725 1493 1778 1520 ista
1799 1492 1856 1520 sint

1072 1541 1149 1569 satis.

1107 1587 1188 1618 lbid.,
1203 1586 1252 1614 lin.
1274 1586 1319 1613 42.
1339 1585 1468 1618 Νοήσεις
1489 1584 1522 1612 δὲ
1539 1585 1646 1612 τούτου
1668 1583 1725 1617 τὴν
1740 1585 1857 1610 οικονο-

1066 1634 1150 1668 μίαν.
1166 1632 1284 1660 Basilius
1301 1632 1374 1659 hom.
1391 1631 1408 1658 2
1434 1632 1461 1658 in
1481 1630 1607 1658 Hexaem.
1619 1638 1628 1656 :
1642 1630 1746 1665 Νόησον
1769 1629 1796 1655 δέ
1812 1637 1858 1664 μοι

1069 1679 1124 1706 ἀπὸ
1142 1677 1363 1714 παραδείγματος
1377 1677 1509 1713 ἐναργοῦς
1525 1677 1556 1703 τὸ
1569 1677 1726 1711 λεγόμενον.
1743 1677 1773 1702 ὲν
1792 1683 1856 1701 στα-

1070 1724 1141 1760 θηρᾷ
1157 1723 1315 1759 μεσημϐρίᾳ
1332 1723 1435 1758 σκηνήν
1453 1731 1514 1748 τινα
1527 1722 1559 1748 ὲκ
1576 1721 1681 1755 πυκνῆς
1697 1720 1745 1746 καὶ
1762 1727 1859 1753 στεγα-

1070 1771 1118 1805 νῆς
1139 1769 1204 1804 ὕλης
1229 1768 1317 1804 ἑαυτῷ
1341 1769 1563 1804 παραστήσαντα,
1580 1767 1628 1794 καὶ
1647 1767 1675 1793 ὲν
1697 1766 1785 1801 σκότῳ
1811 1766 1859 1792 αὑ-

1070 1815 1197 1850 τοσχεδίῳ
1216 1815 1311 1842 ἑαυτὸν
1327 1813 1534 1849 καθειργοῦντα.

1105 1862 1186 1893 lbid.,
1198 1861 1245 1889 lin.
1260 1863 1303 1889 ιθ.
1315 1862 1396 1888 οὕτω
1404 1860 1539 1888 τοιοῦτον
1552 1859 1772 1886 ἁννπόστατον.
1784 1857 1859 1885 Basi—

1071 1907 1125 1934 lius
1134 1907 1251 1941 explicat
1260 1906 1332 1933 hom.
1344 1905 1361 1932 2
1376 1915 1382 1932 :
1393 1905 1515 1940 Δέγομεν
1524 1904 1614 1931 τοίνυν
1622 1903 1751 1930 καὶτοῦτο
1759 1903 1788 1929 τὸ
1802 1903 1861 1929 σκό-

1071 1960 1116 1983 τος
1134 1950 1171 1986 μὴ
1196 1950 1267 1977 κατὰ
1281 1950 1374 1977 οὐσίαν
1398 1949 1591 1985 ὑφεστηκέναι,
1617 1949 1664 1975 καὶ
1687 1948 1773 1979 πάθος
1789 1945 1860 1975 εἶναι

1072 1998 1135 2033 περὶ
1150 1997 1194 2024 τὸν
1209 1997 1276 2032 ἀέρα
1294 1995 1516 2032 στερήσειφωτδς
1526 1995 1726 2030 ὲπιγινόμενον.
1740 1994 1772 2021 Ει
1788 1994 1860 2022 infe-

1073 2043 1131 2070 rius
1150 2051 1156 2069 :
1172 2042 1298 2068 Τοιοῦτον
1319 2039 1366 2068 οὖν
1393 2042 1503 2068 κάκεῖνο
1527 2040 1557 2066 τὸ
1586 2039 1681 2071 σκότος
1702 2039 1802 2065 ὑπόθου
1829 2039 1861 2066 οὐ

1073 2087 1283 2124 προηγουμένως
1312 2086 1472 2122 ὑφεστηκὸς,
1495 2086 1552 2113 ἀλλ’
1570 2084 1790 2119 ὲπακολουθῆσαν
1809 2084 1863 2110 ἐτέ-

1074 2143 1140 2171 ροις.
1151 2133 1184 2160 Et
1199 2133 1255 2161 hac
1264 2134 1336 2161 dicta
1352 2137 1416 2161 sunt
1429 2136 1524 2160 contra
1539 2139 1626 2167 nugas
1634 2130 1860 2162 Manichaeorum,

1074 2182 1254 2209 asserentium
1278 2179 1407 2207 tenebras
1430 2186 1491 2206 esse
1515 2173 1662 2214 quamdam
1680 2176 1861 2204 substantiam

238 2222 351 2258 βραδεῖα
367 2222 490 2254 καὶτοὺς
504 2222 653 2256 στεφάνους
669 2221 737 2256 μετά
758 2221 788 2248 τὸ
808 2221 855 2248 τοῦ
872 2221 933 2256 βίου
946 2221 1023 2253 τέλος
1037 2229 1050 2258 ι

1074 2232 1213 2257 aeternam,
1234 2229 1262 2254 et
1287 2225 1451 2261 principium
1473 2231 1566 2251 rerum
1589 2230 1644 2250 non
1672 2222 1763 2249 minus
1780 2228 1862 2256 quam

237 2267 386 2297 ἀποδώσειν
407 2266 532 2302 ὑπέχετο.
548 2266 602 2294 Sed
617 2267 659 2294 bis
675 2267 779 2294 diutius
797 2267 937 2294 immorari
950 2270 1024 2294 esset

238 2314 289 2341 soli
304 2313 395 2340 lumen
408 2313 509 2340 addere
527 2322 533 2340 :
552 2312 611 2340 haec
626 2316 716 2340 tamen
735 2320 780 2340 res
795 2320 809 2339 a
823 2312 948 2347 pluribus
958 2319 1024 2339 con-

239 2364 360 2387 troversa
374 2359 469 2386 habuit
492 2366 558 2386 suos
577 2359 737 2386 defensores
754 2363 781 2385 et
797 2360 1022 2393 propugnatores.

238 2405 362 2433 Andreas
373 2394 551 2432 Ciesariensis
567 2404 594 2431 in
608 2403 805 2438 Apocalgptim,
820 2411 901 2431 serm.
917 2402 961 2434 l5.
977 2409 1024 2429 ca-

238 2451 291 2488 pit.
308 2451 358 2483 65;
371 2455 397 2478 et
413 2458 495 2478 serm.
514 2449 540 2483 6,
554 2457 615 2485 cap.
632 2450 683 2482 l7;
700 2454 726 2477 et
742 2457 825 2477 serm.
845 2449 887 2480 ll,
900 2456 961 2483 cap.
979 2448 1024 2480 '53,

239 2496 406 2524 existimavit
427 2496 563 2531 justorum
585 2495 692 2522 animas
709 2495 830 2522 nondum
847 2495 939 2530 gloria:
955 2494 1026 2521 divi-

240 2549 283 2569 nae
296 2541 441 2576 participes
451 2541 533 2575 hujus
543 2540 638 2568 mundi
651 2540 915 2567 consummationem
930 2547 1027 2574 exspe-

241 2591 325 2614 ctare.
342 2586 371 2614 S.
382 2586 513 2621 Eulogius
530 2587 557 2613 in
577 2587 704 2621 paradiso
718 2586 839 2613 terrestri
854 2592 900 2612 eas
909 2585 1026 2618 deferri;

242 2633 344 2660 frustra
366 2633 437 2660 enim
454 2632 551 2659 hortus
575 2632 621 2659 ille
641 2632 801 2659 deliciarum
820 2635 928 2658 creatus
943 2635 1027 2663 esset,

242 2678 294 2705 nisi
309 2678 364 2712 jam
381 2680 537 2703 sanctorum
553 2677 706 2703 animorum
721 2680 794 2704 esset
814 2676 1027 2710 receptaculum.

243 2723 309 2757 Ejus
327 2723 408 2749 verba
422 2721 516 2749 'refert
535 2721 650 2749 Pbotius
673 2722 700 2749 in
717 2721 843 2749 Biblioth.
859 2721 909 2748 :Tf
933 2721 961 2748 δὲ
973 2721 1030 2755 {aut

244 2768 291 2795 τὸν
317 2768 387 2795 κατὰ
411 2767 542 2798 ἀνατολὰς
570 2767 734 2803 παράδεισον
767 2767 899 2801 ἐφύτευσε
927 2767 973 2793 τὸν
1000 2767 1030 2792 ἑν

252 2813 343 2848 Ἐδὲμ,
364 2814 393 2839 ἐν
410 2809 432 2846 ᾧ
454 2812 500 2839 τὸν
516 2812 670 2848 ἄνθρωπον,
685 2813 715 2839 ὃν
739 2812 865 2845 ἔπλασεν,
891 2811 978 2843 ἔθετο,
1005 2813 1029 2838 εξ

248 2859 347 2888 ἐκεῖνον
372 2859 420 2890 μὲν
441 2858 521 2890 εὐθὺς
540 2858 747 2895 παραῦήσεσθαι
765 2858 833 2894 ᾔδει,
852 2858 898 2885 καὶ
914 2858 961 2886 τοῦ
976 2867 1029 2894 χω-

1074 2275 1172 2302 lucem.
1191 2273 1344 2301 Alexander
1358 2271 1513 2308 Lycopolita
1530 2274 1622 2297 contra
1633 2268 1794 2295 Manicha’os
1804 2275 1814 2294 :
1825 2266 1863 2292 Τὸ
1915 2287 1918 2290 .

1075 2320 1104 2347 δὲ
1115 2320 1249 2356 λαμπρὸν,
1257 2318 1345 2346 καὶτὸ
1363 2318 1430 2353 φῶς,
1438 2318 1484 2343 καὶ
1500 2317 1530 2344 τὺ
1542 2317 1607 2347 ἄνω,
1617 2315 1704 2342 πάντα
1713 2314 1799 2340 ταῦτα
1814 2312 1862 2339 σὺν

1075 2365 1114 2401 τῷ
1121 2365 1179 2400 Θεῷ
1189 2363 1267 2391 εἶναι’
1279 2364 1309 2390 τὸ
1319 2362 1437 2399 ἀμυδρὸν
1447 2362 1475 2388 δὲ
1489 2361 1573 2388 καὶτὸ
1585 2361 1689 2392 σκότος,
1696 2359 1742 2386 καὶ
1749 2359 1778 2385 τὺ
1788 2358 1862 2384 κάτω

1077 2412 1125 2437 σὺν
1138 2412 1170 2446 τῇ
1181 2409 1241 2446 ὕλῃ.
1253 2409 1286 2436 Et
1297 2409 1395 2436 iterum
1407 2417 1413 2434 :
1423 2407 1478 2443 Τῆς
1493 2404 1539 2433 οὖν
1554 2406 1619 2442 ὕλης
1630 2404 1664 2442 ἧς
1677 2403 1862 2440 ἀπεκρίθησαν

1075 2456 1151 2491 ἥλιος
1167 2457 1212 2482 καὶ
1228 2455 1326 2490 σελήνη
1343 2454 1374 2481 τδ
1392 2454 1474 2489 μέρος
1491 2452 1569 2483 ἐκτὸς
1583 2452 1630 2478 τοῦ
1646 2451 1748 2484 κόσμου
1764 2449 1864 2484 ἀπελη-

1076 2501 1185 2533 λάσθαι,
1203 2501 1249 2527 καὶ
1270 2499 1339 2527 εἶναι
1354 2500 1442 2526 ἐκεῖνο
1459 2498 1514 2533 πῦρ
1528 2496 1672 2525 καυστικὸν
1690 2496 1749 2530 μὲν,
1766 2494 1865 2521 σκοτῶ-

1077 2547 1121 2579 δες
1133 2546 1161 2573 δὲ
1177 2547 1223 2573 καὶ
1238 2545 1357 2580 ἀφεγγὲς
1372 2545 1449 2572 νυκτὶ
1461 2543 1632 2579 προσόμοιον.
1645 2540 1712 2568 Vide
1721 2540 1863 2576 Didymum

1078 2598 1170 2621 contra
1185 2592 1357 2624 Munia/utor,
1372 2595 1399 2619 et
1411 2591 1489 2618 alios.

1114 2638 1195 2671 lbid.,
1217 2639 1265 2665 lin.
1289 2637 1333 2665 52.
1360 2636 1579 2671 Ἀναχεομένου
1604 2635 1659 2670 τὰρ
1681 2634 1734 2661 τοῦ
1757 2634 1863 2666 φωτός.

1079 2684 1196 2712 Basilius
1216 2684 1291 2711 hom.
1304 2683 1322 2710 2
1334 2691 1345 2712 ⁴ε
1362 2683 1428 2709 Τότε
1445 2682 1473 2708 δὲ
1487 2682 1517 2708 οὐ
1532 2681 1604 2708 κατά
1617 2681 1724 2716 κίνησιν
1740 2679 1864 2715 ἡλιακὴν,

1079 2730 1136 2757 ἀλλ’
1150 2729 1329 2764 ἀναχεομένου
1341 2727 1388 2754 τοῦ
1400 2727 1508 2765 πρώτου
1523 2727 1611 2762 φωτὸς
1624 2726 1739 2758 ἐκείνου,
1755 2725 1802 2752 καὶ
1816 2724 1867 2751 πά-

1079 2776 1120 2802 λιν
1148 2775 1357 2811 συστελλομένου
1381 2774 1452 2801 κατά
1476 2774 1507 2801 τδ
1531 2773 1637 2809 ὁρισθὲν
1667 2772 1764 2808 μέτρον
1791 2770 1868 2806 παρὰ

1080 2821 1147 2848 Θεοῦ
1168 2821 1257 2857 ἡμέρα
1275 2820 1393 2855 ἐγένετο,
1413 2820 1461 2846 καὶ
1481 2819 1528 2852 νὺξ
1543 2818 1681 2854 ἀντεπῄει.
1706 2812 1795 2850 Quare
1811 2823 1867 2843 non

1082 2866 1218 2894 immerito
1235 2866 1309 2894 illum
1325 2865 1395 2894 diem
1412 2865 1556 2894 Afriranus
1570 2864 1674 2892 vocavit
1691 2863 1787 2899 νοητὴν
1798 2861 1866 2897 ὴμέ-
