2143 3163
696 216 729 243 IN
750 216 937 245 EUSTATHII
956 218 1193 248 HEXAEMERON
1212 219 1328 249 Νοτιε.

1767 222 1818 250 830

201 275 275 302 mine
293 274 454 302 ﬁrmamenti
473 273 641 309 intelligatur
662 274 761 302 caelum
775 275 912 303 stellatum
934 285 982 304 su-
998 280 1022 307 Α
1035 278 1100 310 lius,
1118 279 1190 306 hom.
1205 279 1223 306 3
1244 280 1270 306 in
1289 279 1433 310 Iterum;
1449 279 1616 315 Epiphanius
1632 280 1660 307 in
1682 280 1767 314 Epist.
1783 279 1820 307 ad

202 326 252 356 pra
264 319 339 355 quod
350 319 528 355 perhibentur
536 326 598 347 esse
609 326 696 354 aqua,
709 320 735 347 id
746 324 789 348 est
799 329 889 349 nomis
903 323 983 350 etde-

202 366 291 394 cimus
312 366 388 394 orbis
408 372 486 400 aqua:
511 365 719 393 similitudinem
746 366 908 400 referentes,
936 369 982 403 qui

203 411 325 446 undique
340 410 501 439 translucidi
517 415 592 444 sunt,
612 419 661 439 nec
680 412 764 439 ullam
782 412 809 439 in
830 420 859 440 se
879 414 983 440 stellam

202 456 318 490 habent;
339 457 383 485 vel
409 456 447 484 ita
477 460 506 485 ut
532 465 581 493 per
605 457 807 485 firmamentum
825 458 984 494 designetur

204 508 261 535 aer,
279 509 365 537 aquas
377 509 441 529 vero
455 509 503 530 eas
521 502 624 534 vocari,
641 510 702 537 qua:
718 503 836 538 pluendo
854 504 984 531 decidunt

204 547 232 574 in
242 551 355 579 terram,
373 547 489 583 illasque
503 548 600 579 abhis,
617 556 678 583 qure
692 556 777 584 supra
793 552 895 576 terram
907 554 983 581 sunt,

204 591 326 626 separari
339 591 419 623 celo.
437 593 488 619 hoc
515 596 558 620 est
573 600 646 619 aere.
663 591 696 620 Et
715 593 766 621 hoc
786 593 912 621 videntur
927 602 986 621 am-

203 637 286 672 plecti
301 637 473 673 Augustinus
491 638 537 666 lib.
553 645 573 665 ιι
590 637 627 664 De
641 637 736 665 Generi
750 638 785 665 ad
798 639 863 672 litt.,
877 647 936 675 cap.
951 640 985 672 ις

204 681 385 718 Hieronymus
399 683 476 717 epist.
486 683 577 714 83,1“!
589 682 733 715 Oceanum,
748 684 882 712 refellitur
894 690 986 712 tamen

203 735 220 755 ι
236 726 384 756 Francisco
401 728 509 756 Valesio
522 728 561 756 De
575 737 653 756 sacra
669 730 845 764 philosophia.
858 731 940 765 capit.
959 731 986 758 1.

203 772 345 808 Origenes.
363 778 394 802 ut
414 774 497 802 refert
514 774 683 809 Epiphanius
696 775 781 809 Epist.
799 777 832 803 ad
856 775 987 803 Joannem

203 817 486 855 Hierosolymitanlm,
500 823 527 847 et
538 819 719 856 Hieronymus
729 822 805 855 epist.
816 821 851 848 ad
864 820 989 848 Pamma-

203 863 301 898 elu'am,
325 865 393 893 dixit
406 871 502 899 aquas.
513 872 575 900 qua:
595 873 678 900 super
695 865 893 893 ﬁrmamentum
910 871 987 898 sunt.

203 917 259 938 non
286 918 348 938 esse
373 916 470 945 aquas,
486 911 533 938 sed
548 918 610 939 esse
632 912 744 946 angelos
758 916 886 944 sanctos;
902 919 988 947 aquas

203 963 268 984 vero
283 963 343 991 qua
355 956 406 984 sub
421 950 591 984 ﬁrmamento
603 945 743 985 suntiesse
753 957 890 985 daamones
903 945 990 986 malos
1006 945 1027 972 Β

203 1008 220 1029 e
234 1001 305 1029 calo
330 1001 431 1036 lapsos.
459 1002 489 1029 In
508 1002 579 1029 hanc
593 1003 758 1030 sententiam
776 1010 858 1038 quam
872 1003 990 1039 Epipha-

203 1046 266 1074 nius
277 1050 305 1074 et
316 1045 498 1082 Hieronymus
526 1047 703 1079 damnarunt.
721 1047 839 1076 Basilius
867 1049 940 1077 boni.
961 1049 989 1080 3.

204 1091 232 1118 in
253 1091 393 1125 (leuem,
414 1099 562 1127 suppresso
576 1091 702 1128 Origcnis
717 1093 838 1125 nomine.
853 1093 910 1120 haec
927 1101 991 1129 pro-

203 1136 261 1164 dit:
274 1137 355 1172 Ἦμῑν
367 1137 396 1164 δὲ
411 1138 458 1164 καὶ
471 1138 538 1173 πρὸς
548 1138 612 1171 τοὺς
630 1139 684 1166 ἀπὸ
697 1138 918 1174 τῆςἘχκλησιας
934 1139 991 1165 ἔστι

203 1189 246 1213 τις
269 1181 348 1216 λόγος
373 1183 436 1217 περὶ
460 1182 515 1208 τῶν
534 1183 725 1218 διακριθέντων
746 1183 859 1216 ὑδάτων,
880 1184 906 1211 οἳ
927 1192 993 1220 προ-

205 1227 285 1262 φάσει
300 1227 444 1263 ἀναγωγῆς
458 1229 505 1255 καὶ
518 1229 660 1264 νοημάτων
673 1229 847 1265 ὑψηλοτέρων
859 1231 900 1262 εις
911 1230 993 1266 ἀλλη-

204 1272 299 1307 γορίας
315 1273 478 1308 κατέψυγον,
503 1274 631 1309 δυνάμεις
653 1274 779 1309 λέγοντες
804 1275 992 1311 πνευματικὰς

205 1319 252 1345 καὶ
271 1319 432 1354 ἀσωμάτους
450 1320 587 1355 τροπικῶς
612 1322 644 1347 ὲκ
667 1320 722 1347 τῶν
737 1321 841 1348 ὑδάτων
864 1322 993 1357 σημαίνε-

207 1363 283 1390 σθαι·
300 1365 347 1391 καὶ
363 1365 419 1391 ἄνω
436 1364 487 1400 μὲν
498 1365 545 1391 ἐπὶ
553 1365 600 1392 τοῦ
612 1365 799 1401 στερεώματος
812 1366 993 1401 μεμενηκέναι

205 1407 255 1440 τὰς
274 1409 440 1443 κρείττονας.
454 1410 529 1437 κάτω
549 1410 578 1436 δὲ
592 1411 812 1446 τοῖςπεριγείοις
829 1412 875 1438 καὶ
892 1411 993 1443 ὑλικοίς

205 1453 298 1485 τόποις
308 1456 526 1489 προσαπομείναι
535 1454 585 1486 τὰς
593 1455 724 1490 πονηράς.
735 1456 784 1483 Διὰ
795 1456 874 1482 τοῦτο
886 1456 914 1482 δέ
928 1464 994 1490 φασι

207 1498 255 1524 καὶ
276 1497 312 1524 τὰ
335 1498 428 1525 ὲπάνω
443 1498 496 1525 τῶν
510 1499 632 1534 οὐρανῶν
653 1499 738 1526 ὓδατα
760 1501 844 1526 αἰνεῖν
858 1500 902 1526 τὸν
917 1499 993 1532 Θεὸν,

206 1543 330 1570 τουτέστι
346 1543 396 1574 τὰς
413 1543 517 1577 ἀγαθὰς
532 1543 659 1578 δυνάμεις
670 1543 748 1576 ἀξίας
761 1543 843 1575 οὖσας
852 1543 896 1570 διὰ
909 1543 995 1570 καθα-

208 1589 309 1624 ρότητα
329 1585 377 1616 τοῦ
400 1589 564 1624 ἡγεμονικοῦ
578 1588 624 1615 τὸν
637 1589 779 1624 πρέποντα
798 1590 883 1624 ὕμνον
899 1590 994 1617 ἀποδι-

207 1635 281 1664 δόναι
296 1635 335 1671 τῷ
351 1635 473 1662 κτίσαντι
482 1644 489 1650 ”
506 1636 540 1662 τὰ
552 1635 580 1662 δὲ
591 1636 720 1663 ὑποκάτω
729 1635 784 1663 τῶν
796 1637 918 1672 οὐρανῶν
932 1637 995 1664 ὓδα-

206 1688 243 1710 τα
255 1681 429 1716 πνευματικὰ
438 1678 508 1707 εῖναι
519 1682 568 1716 τῆς
583 1681 714 1716 πονηρίας
729 1681 784 1708 ἀπὸ
800 1681 846 1708 τοῦ
861 1681 932 1708 κατὰ
946 1681 996 1716 φύ-

208 1736 250 1755 σιν
263 1727 346 1762 ὕψους
356 1727 396 1759 εἰς
406 1727 436 1753 τδ
450 1727 500 1762 τῆς
511 1727 610 1758 κακίας
623 1727 704 1761 βάθος
717 1729 915 1759 καταπεσόντα,
924 1729 995 1762 ἅπερ

207 1772 246 1805 ὡς
261 1773 407 1808 ταραχώδη
421 1773 496 1806 ὄντα,
507 1773 554 1799 καὶ
578 1773 768 1806 ornatas-rixa,
780 1774 827 1799 καὶ
843 1774 899 1805 τοῖς
914 1773 995 1808 Θορύ-

208 1820 267 1851 σοις
281 1819 335 1845 τῶν
351 1817 445 1845 παθῶν
465 1817 663 1853 κυμαινόμενα,
676 1817 811 1844 θάλασσαν
827 1817 996 1852 ὠνομάσθαι,

208 1863 254 1891 διὰ
269 1863 299 1889 τὸ
320 1862 470 1898 μετάϐητον
489 1863 535 1888 καὶ
547 1861 663 1889 ἄστατον
679 1862 820 1889 τῶνίκατίι
836 1863 994 1899 προαιρεσιν

208 1909 377 1944 κινημάτων.
393 1908 462 1939 Τοὺς
483 1907 515 1942 δὴ
536 1908 672 1939 τοιούτους
685 1908 781 1942 λόγους
795 1908 833 1940 ὡς
849 1909 995 1944 ὀνειράτων

211 1954 381 1990 συγκρίσεις,
396 1954 443 1980 καὶ
454 1952 585 1988 γραώδεις
604 1953 704 1988 μύθους
717 1954 955 1988 ἁποπεμψάμενοι,
966 1954 996 1980 τὸ
1039 1956 1042 1957 ⁷

210 1999 283 2035 ὕδωρ
296 1999 367 2035 ὕδωρ
381 1999 531 2034 νοήσωμεν,
545 1999 592 2025 καὶ
608 1998 657 2035 τὴν
668 1999 804 2034 διάκρισιν
820 1999 869 2034 τὴν
884 1999 937 2025 ὑπὸ
949 1999 996 2025 τοῦ

211 2044 400 2081 στερεώματος
414 2044 563 2079 γενομένην
578 2044 649 2071 κατὰ
660 2044 709 2079 τὴν
723 2044 899 2071 ἀποδοθεῖσαν
908 2044 998 2070 αἰτίαν

211 2083 360 2126 δεξώμεθα.
375 2089 501 2117 Valesius
516 2090 575 2117 loco
588 2090 644 2125 jam
657 2089 732 2117 dicto
744 2090 792 2121 ait,
805 2090 904 2117 ett-lum
920 2089 997 2121 illud,

213 2136 285 2171 quod
318 2136 427 2171 plurimi
451 2136 522 2162 hanc
553 2135 588 2162 ob
613 2143 723 2163 causam
748 2133 847 2162 vocant
865 2135 999 2170 crystalli-

214 2189 292 2214 num,
304 2189 420 2216 aqueum
435 2189 495 2209 esse
511 2189 581 2216 aqua
595 2181 711 2216 quadam
726 2181 830 2208 cmlesti
849 2188 910 2215 quae
923 2181 999 2215 puri-

215 2231 270 2256 tate
285 2235 382 2262 aquam
397 2228 506 2261 referat,
519 2236 572 2255 non
589 2231 679 2254 tamen
694 2227 802 2264 frigore,
813 2231 859 2254 aut
874 2227 996 2257 humore,

1033 323 1161 350 Joannem
1174 324 1196 350 11
1200 325 1444 359 ierosolymitanum
1455 333 1464 357 ,'
1475 325 1698 360 Cbrysostomus,
1708 326 1782 353 hom.
1791 325 1820 360 ι,

1032 369 1101 396 etin
1115 369 1185 403 psat.
1197 376 1316 402 chvm;
1335 369 1455 405 Cyrillus
1473 368 1747 405 llierosolymitan’lts.
1767 369 1821 399 Ca-

1035 413 1100 440 tuli.
1117 414 1151 445 9;
1177 413 1364 443 Theodoretus
1388 415 1415 442 in
1439 413 1514 446 Gem,
1538 418 1634 450 quast.
1650 415 1699 448 il;
1721 414 1821 442 Proco-

1035 460 1096 494 pius
1111 460 1139 486 in
1153 459 1258 492 Cenem,
1271 468 1332 495 cap.
1350 461 1362 487 1
1375 469 1382 493 ς
1398 459 1561 496 Hippolytus
1574 464 1602 487 et
1617 460 1780 488 Severianus
1791 461 1819 488 in

1034 510 1141 537 catena,
1167 504 1328 541 Eutbymius
1351 506 1379 532 in
1397 505 1466 539 psal.
1481 512 1543 538 cm;
1568 504 1688 532 llilarins
1713 505 1818 539 inpaal.

1035 558 1151 582 CXXXVI;
1177 550 1349 581 AmbrOsius,
1363 550 1409 577 lib.
1437 557 1456 577 It
1474 549 1620 582 lienem,
1632 557 1692 584 cap.
1715 550 1732 576 5
1746 552 1773 577 et
1787 549 1820 582 ι;

1037 593 1217 629 Hieronymus
1232 593 1317 628 Epist.
1335 594 1370 621 ad
1387 594 1537 628 Oceanum;
1549 594 1677 628 August..
1689 594 1735 620 lib.
1749 602 1767 620 ιι
1784 593 1823 622 De

1037 639 1101 667 Gen.
1130 640 1164 666 ad
1194 641 1258 671 [ιιι.⁷
1280 647 1340 675 cap.
1368 640 1395 671 5.
1424 643 1451 667 et
1470 640 1517 666 lib.
1536 647 1562 666 ιι
1582 638 1620 666 De
1642 638 1746 666 civitate
1762 638 1822 670 Dei,

1037 693 1098 721 cap.
1111 685 1217 718 ultimo,
1233 691 1260 714 et
1275 686 1303 712 in
1313 685 1382 721 paul.
1397 692 1462 718 cur;
1491 684 1653 712 Dracontius
1675 684 1822 720 Hispanus.

1038 731 1140 761 Marius
1159 731 1253 759 Victor
1265 732 1303 760 De
1317 739 1392 766 opere
1407 739 1453 758 te:
1467 731 1586 763 dierum;
1599 729 1750 765 Drepanius
1763 729 1824 758 Flo—

1039 786 1101 810 rus,
1127 778 1154 805 in
1185 777 1295 813 llymno
1326 776 1409 804 trium
1437 783 1602 811 puerorum;
1631 774 1824 806 Cassiodorus,

1039 823 1153 859 llaymo.
1166 822 1269 854 Bruno,
1280 827 1308 850 et
1318 822 1363 849 alii
1379 829 1450 856 quos
1461 821 1555 848 laudat
1569 820 1702 848 Martinus
1717 820 1826 848 Delrius

1038 866 1066 893 in
1081 873 1142 900 cap.
1163 873 1171 892 ι
1191 864 1290 892 Gcnes.
1313 864 1502 900 ’Δμαθὲστατα
1520 864 1603 899 igitur
1621 862 1751 890 Calvinus
1765 862 1826 889 bla-

1039 917 1108 940 terat
1129 913 1198 939 hanc
1221 913 1385 940 sententiam
1411 919 1484 944 esse,
1499 915 1527 940 et
1545 918 1561 938 a
1582 918 1665 938 sensu
1687 909 1826 938 communi

1040 958 1165 989 alienant,
1179 965 1240 984 cum
1255 964 1270 984 a
1282 962 1321 984 tot
1335 956 1474 988 Patribus,
1489 957 1578 991 iisque
1595 954 1774 988 doctissimis,
1790 954 1828 982 sit

1040 1011 1095 1031 uno
1117 1011 1163 1030 ore
1183 1007 1310 1037 recepta;
1326 1006 1353 1030 et
1368 1010 1482 1038 prorsus
1498 1002 1697 1033 incredibilem,
1707 1008 1770 1028 cum
1783 1007 1828 1028 aa-

1040 1056 1087 1076 cra
1100 1048 1241 1083 Scriptura
1254 1049 1279 1075 id
1295 1048 1477 1083 apertissimis
1490 1047 1591 1079 verbis,
1600 1050 1627 1074 et
1639 1046 1704 1073 alibi
1719 1047 1827 1077 innuat.

1041 1095 1115 1129 cujus
1139 1094 1226 1128 major
1241 1099 1280 1120 ert
1309 1094 1466 1125 auctoritas,
1497 1100 1531 1120 ex
1560 1092 1725 1127 Augustino,
1748 1099 1829 1126 quant

1041 1140 1126 1167 omnis
1139 1140 1235 1174 ingenii
1244 1139 1352 1166 humani
1359 1139 1504 1172 capacitas.
1514 1138 1546 1164 Et
1556 1136 1783 1172 quemadmodum
1800 1135 1829 1162 in

1041 1185 1085 1213 his
1100 1184 1173 1213 fatue
1181 1185 1289 1216 delirat,
1301 1185 1338 1211 ita
1350 1189 1377 1212 et
1389 1184 1456 1212 fides
1466 1183 1526 1218 ejus
1537 1187 1696 1215 accusatur,
1706 1186 1734 1210 et
1745 1181 1830 1209 veluti

1042 1232 1184 1266 impostor,
1220 1231 1391 1266 mendaxquo
1420 1229 1566 1260 refellitur,
1594 1236 1657 1256 cum
1685 1226 1830 1255 manifesto

1041 1278 1174 1305 mentitur
1196 1277 1331 1308 scribens.
1347 1276 1505 1304 Catholicos
1515 1275 1584 1303 velle
1602 1282 1653 1310 pro
1667 1274 1720 1301 ﬁde
1735 1278 1830 1301 tenen-

1042 1323 1118 1355 dum.
1143 1323 1193 1350 has
1224 1330 1310 1357 aquas
1338 1329 1419 1356 supra
1444 1321 1530 1348 ccelos
1549 1327 1628 1348 veras
1651 1327 1736 1354 aquas
1757 1325 1830 1350 esse.

1043 1375 1106 1394 cum
1121 1367 1200 1394 aliam
1224 1366 1388 1394 sententiam
1403 1372 1464 1400 quae
1480 1372 1543 1392 curn
1563 1365 1616 1392 ista
1633 1363 1745 1390 minime
1763 1369 1831 1390 con-

1044 1413 1129 1444 venit,
1141 1412 1274 1439 Catholici
1294 1412 1358 1444 viri,
1371 1411 1550 1445 maximaeque
1563 1408 1725 1437 eruditionis
1737 1407 1833 1442 vulgap

1045 1458 1100 1485 rint
1115 1457 1232 1493 publice,
1255 1460 1282 1484 et
1307 1457 1395 1492 palam
1412 1456 1492 1483 tutati
1512 1456 1575 1483 sint.
1595 1453 1789 1482 [hereticorum
1807 1453 1832 1480 is

1045 1510 1104 1530 mos
1122 1507 1174 1536 est,
1193 1506 1220 1530 et
1232 1501 1382 1533 dementia,
1397 1505 1427 1527 ut
1451 1507 1511 1535 qua
1524 1499 1626 1526 dixeris
1647 1500 1787 1530 accusent,
1804 1499 1832 1523 at

1046 1548 1170 1576 refellent
1193 1548 1301 1575 etiamsi
1329 1547 1471 1575 verissima
1493 1546 1558 1576 sint,
1578 1552 1639 1580 qua
1659 1551 1712 1571 non
1728 1542 1832 1572 dixeris

1046 1595 1197 1630 imponant,
1209 1598 1239 1621 ut
1255 1594 1365 1625 iterum,
1380 1597 1407 1620 et
1423 1591 1610 1619 accusationis
1633 1594 1662 1618 et
1684 1588 1833 1624 reprehen-

1046 1638 1132 1666 sionis
1151 1645 1246 1665 ansam
1262 1637 1407 1672 arripiant.

1079 1684 1138 1712 Col.
1162 1683 1223 1715 7l2,
1241 1682 1351 1710 lina“.
1364 1683 1455 1709 Ὥστε
1470 1681 1520 1709 καὶ
1539 1680 1639 1708 ἐπάνω
1656 1677 1742 1707 εἶναι.
1761 1678 1834 1707 Con-

1046 1730 1184 1757 stantinus
1201 1727 1340 1755 Manasses
1357 1727 1383 1754 in
1398 1726 1496 1753 Annal.
1507 1732 1517 1752 :

1049 1792 1116 1820 Τότε
1128 1791 1178 1819 καὶ
1190 1791 1247 1824 τὴν
1260 1790 1392 1823 παντόκι
1398 1797 1450 1815 τον
1466 1789 1563 1824 φύσιν
1573 1787 1631 1821 τὴν
1644 1787 1772 1824 ﬁducia?

1045 1828 1099 1854 Καὶ
1107 1827 1159 1859 τὰς
1167 1822 1323 1857 ἀϐύσσους
1330 1822 1447 1855 διελὼν,
1458 1823 1505 1850 καὶ
1516 1823 1628 1850 τούτων
1634 1822 1694 1859 μὲν
1705 1822 1835 1855 ἀρίστην

1046 1863 1124 1897 Πρὸς
1143 1857 1223 1895 ὕψος
1229 1861 1422 1897 *ἀνεννόητον
1436 1859 1554 1897 κούφως
1566 1857 1746 1897 μετεωρίσας

1049 1892 1084 1924 Ti)
1094 1892 1128 1923 δὲ
1140 1892 1188 1924 ἐπὶ
1204 1892 1260 1931 ’θοῆς
1275 1893 1431 1922 ἀπολιπὼν
1443 1894 1554 1926 ἔστησε
1568 1892 1675 1919 τούτων
1689 1892 1797 1925 μέσον.

1082 1957 1133 1984 Τὸν
1150 1956 1264 1992 οὐρανὸν
1279 1955 1372 1990 ὥσπερ
1386 1953 1522 1989 φραγμὸν,
1535 1952 1629 1986 ὥσπερ
1652 1951 1764 1987 στερᾣ
1777 1959 1834 1977 τει-

1048 2003 1115 2039 χίον,
1134 2003 1162 2031 In
1177 2009 1258 2030 versu
1274 2000 1395 2029 secundo
1407 1998 1567 2026 καὶτούτων
1580 1998 1628 2034 μὲν
1646 1998 1760 2033 ἀρίστην
1768 1997 1833 2032 quid

1048 2051 1085 2078 sit
1109 2057 1162 2077 non
1189 2049 1277 2083 capio.
1292 2048 1404 2082 Corrigo
1421 2048 1468 2073 καὶ
1489 2045 1592 2072 τούτων
1605 2045 1636 2071 τὸ
1650 2044 1699 2080 μὲν
1713 2045 1779 2071 ἄνω.
1795 2043 1834 2070 Ita

1048 2096 1120 2124 enim
1146 2100 1172 2122 et
1189 2094 1330 2122 veritatem
1356 2093 1413 2124 Dei,
1433 2097 1460 2119 cl.
1480 2091 1602 2119 auctoris
1619 2095 1736 2117 mentem
1756 2097 1834 2117 asse-

1049 2149 1174 2176 quemur.
1194 2140 1247 2167 Sed
1269 2139 1303 2166 ad
1327 2139 1393 2174 quid
1411 2146 1488 2174 aquae
1502 2138 1555 2165 illae
1569 2144 1629 2172 quae
1648 2143 1730 2171 supra
1750 2136 1835 2163 caios

1049 2186 1129 2214 sunt?
1154 2185 1302 2219 Procopius
1331 2188 1358 2212 et
1382 2183 1581 2214 Theodoretus,
1597 2189 1631 2209 ne
1647 2181 1698 2215 sol,
1718 2182 1783 2210 luna
1807 2185 1835 2208 et

1050 2236 1123 2260 astra
1140 2235 1233 2266 utpote
1249 2231 1344 2266 ignita,
1373 2230 1473 2257 caelum
1491 2237 1522 2257 ex
1539 2229 1618 2264 aquis
1634 2228 1711 2263 quasi
1725 2227 1836 2262 congla-

213 2273 442 2308 quemadmodum
469 2274 580 2305 caelum,
605 2277 632 2301 et
657 2276 731 2300 astra
757 2273 836 2308 ignea
857 2280 919 2300 esse
936 2273 997 2307 igne
1014 2275 1035 2303 D
1049 2288 1059 2306 (

989 2280 997 2300 3
1014 2275 1035 2303 D
1049 2280 1150 2306 eiatum
1166 2278 1333 2308 dissolvunt;
1355 2276 1480 2309 Beda,ad
1494 2274 1698 2310 temperandum
1717 2274 1835 2301 calorem

213 2319 331 2354 quodam
346 2320 461 2351 ctelesti,
473 2320 518 2354 qui
533 2319 740 2355 praestantioris,
756 2327 837 2354 quam
851 2319 999 2346 elementa-

214 2365 255 2392 ris
279 2368 322 2392 est
345 2370 457 2397 naturae,
475 2365 580 2400 fulgore
603 2365 691 2392 solum
709 2364 830 2392 referens
844 2365 930 2395 illum,
943 2371 998 2391 non

216 2411 297 2438 etiam
323 2411 414 2438 calore
437 2415 464 2438 et
491 2411 624 2439 siccitate.
646 2411 740 2446 Itaque
760 2418 859 2437 nomen
874 2411 954 2445 ignis,
973 2415 1000 2438 et

215 2462 292 2492 aqua!
318 2465 371 2484 non
401 2459 509 2492 proprie
531 2457 586 2484 dici
608 2457 642 2484 de
660 2458 792 2491 utrisque,
811 2457 858 2484 sed
875 2457 1000 2492 analogia

215 2504 344 2538 quadam,
361 2506 390 2530 ut
404 2504 439 2531 sit
453 2503 552 2537 duplex
572 2503 643 2538 ignis
656 2506 683 2529 et
697 2503 795 2537 duplex
812 2510 883 2537 aqua
900 2511 1000 2530 secun-

216 2549 280 2576 dum
305 2549 468 2584 analogiam,
481 2549 655 2577 elementaris
680 2548 785 2575 scilicet
811 2552 838 2575 et
870 2548 999 2576 caelestis.

216 2593 363 2621 Multorum
380 2597 470 2621 tamen
498 2594 611 2622 Patrum
625 2594 851 2629 quemadmodum
864 2597 891 2621 et
904 2593 1002 2622 Eusta—

216 2639 266 2666 thii
278 2638 328 2666 fuit
341 2640 484 2671 sententia,
501 2643 549 2667 eas
561 2646 646 2674 aquas
658 2647 720 2667 esse
733 2646 810 2666 veras
825 2647 921 2673 aquas,
930 2640 1002 2674 ejus-

216 2685 332 2720 demque
358 2685 466 2720 generis
493 2688 521 2712 et
551 2684 645 2712 forma
667 2692 730 2711 cum
754 2683 796 2712 bis
815 2684 1000 2711 inferioribus.

219 2729 333 2765 Ideoque
347 2731 396 2758 has
407 2738 492 2766 aquas
507 2738 522 2757 a
538 2730 594 2758 Deo
610 2738 693 2766 supra
708 2731 807 2758 coelum
819 2730 922 2765 positas
937 2738 1002 2757 cen-

217 2783 287 2809 sent.
313 2783 341 2804 ut
371 2777 449 2804 insiti
476 2777 577 2811 algoris
592 2777 794 2812 propinquitate
804 2796 812 2808 ,
826 2776 915 2811 ignem
930 2775 1003 2803 side-

218 2831 306 2855 reum.
319 2824 505 2857 fervoremque
523 2823 582 2850 axis
593 2822 704 2850 aetherei
718 2823 883 2854 minuerent,
893 2829 924 2849 ac
935 2827 1004 2849 tem-

220 2873 353 2898 perarent.
374 2868 412 2896 lta
432 2868 559 2896 Clemens
574 2867 715 2896 Romanus
733 2868 781 2895 lib.
803 2875 822 2895 ιι
851 2867 1002 2902 Recognit.;

219 2914 342 2944 .lustinus
367 2918 480 2950 martyr.
495 2918 592 2950 quast.
609 2913 653 2947 95,
678 2913 712 2940 ad
730 2912 914 2945 Orthadoxoa;
930 2912 1003 2942 Basi-

1050 2332 1083 2352 ex
1098 2325 1124 2351 vi
1140 2327 1167 2351 et
1187 2328 1262 2350 motu
1288 2323 1407 2350 siderum
1420 2326 1526 2351 ortum:
1543 2320 1680 2351 Justinus,
1694 2320 1728 2346 ad
1744 2319 1837 2353 depri-

1050 2368 1176 2396 mendum
1203 2368 1413 2399 firmamentum,
1426 2374 1461 2393 ne
1482 2373 1593 2393 sursum
1604 2364 1725 2398 feratur;
1741 2363 1837 2390 Hiero-

1052 2421 1149 2449 nymus
1173 2413 1306 2444 Oleaster,
1321 2417 1352 2439 ut
1378 2413 1406 2439 in
1432 2412 1536 2439 diluvio
1550 2410 1606 2438 Noe
1618 2419 1668 2446 per
1683 2413 1836 2438 cataractas

1051 2460 1157 2487 emissa:
1168 2463 1268 2486 terram
1280 2459 1437 2486 obruerent.
1445 2458 1496 2484 Alii
1508 2462 1537 2484 ut
1549 2457 1615 2484 solis
1627 2461 1654 2484 et
1665 2457 1735 2483 lunae
1744 2455 1836 2482 radios

1052 2505 1225 2533 reverberent
1249 2512 1352 2539 eosque
1375 2505 1504 2531 deorsum
1522 2503 1555 2530 ad
1571 2508 1671 2530 terram
1692 2500 1834 2536 repellant.

1052 2551 1104 2578 Alii
1122 2551 1157 2578 ad
1177 2554 1304 2578 ornatum
1320 2550 1451 2581 universi.
1466 2553 1522 2576 tum
1543 2552 1572 2576 ut
1589 2548 1686 2575 matri:
1703 2548 1760 2574 haec
1778 2552 1836 2573 cm-

1053 2596 1140 2624 lorum
1167 2595 1315 2623 creationis
1343 2594 1425 2621 index
1448 2597 1579 2625 exstaret,
1595 2600 1677 2628 quam
1702 2599 1785 2626 supra
1807 2597 1837 2619 se

1053 2641 1116 2668 caeli
1133 2647 1240 2675 semper
1266 2640 1447 2671 intuerentur,
1464 2642 1520 2665 tum
1537 2638 1570 2665 ad
1586 2638 1752 2672 voluptatem
1773 2644 1837 2664 san-

1053 2691 1170 2717 ctorum.
1194 2692 1224 2714 ut
1250 2688 1327 2722 aquis
1354 2687 1429 2714 hisce
1449 2684 1615 2722 crystallinis
1637 2684 1708 2711 oculi
1723 2689 1838 2718 pascan-

1053 2737 1108 2761 tur.
1125 2733 1174 2761 Vel
1189 2738 1220 2760 ut
1241 2734 1312 2760 sicut
1340 2741 1410 2768 aqua
1434 2732 1491 2759 hinc
1515 2731 1571 2758 aeri
1589 2735 1694 2762 nostro,
1710 2729 1746 2756 ita
1760 2734 1838 2763 aqua

1054 2778 1106 2805 illae
1129 2778 1316 2805 subservirent
1325 2777 1430 2809 aetheri,
1442 2776 1489 2812 qui
1504 2779 1546 2803 est
1560 2776 1589 2803 in
1606 2775 1677 2802 ctelo
1698 2779 1836 2808 empyreo.

1055 2823 1132 2851 Mitto
1144 2831 1231 2858 nugas
1245 2824 1371 2850 aliorum.

1092 2866 1172 2897 lbid..
1193 2866 1241 2893 lin.
1259 2865 1303 2892 18.
1325 2866 1358 2892 ’0
1388 2865 1422 2892 δὲ
1449 2865 1536 2899 αἰθὴρ
1556 2862 1702 2898 πυρώδης.
1720 2860 1838 2888 Basilius

1055 2913 1129 2942 hom.
1146 2913 1162 2940 5
1177 2922 1182 2940 :
1201 2911 1251 2938 Τὸν
1272 2911 1300 2938 δὲ
1316 2911 1413 2948 αιθέρα
1424 2919 1465 2942 τις
1480 2910 1643 2945 ἀμφιὸάλλει
1661 2908 1698 2944 μὴ
1711 2907 1771 2943 οὐχὶ
1790 2914 1838 2932 ﬁt.»
