2143 3163
340 179 391 206 851

1010 184 1134 213 ιεοκιε
1152 185 1288 213 ΑΙ.1.ΑΤ11

1901 191 1958 219 85!

303 238 307 242 '
341 237 411 273 ρὼὂη
438 235 506 265 εἶναι
530 239 577 265 καὶ
598 239 709 275 διακαῆ,
729 241 758 273 ὃς
772 242 797 268 ει
820 242 857 277 μὴ
873 242 910 277 τῷ
927 243 1066 278 ἀναγκαίῳ
1080 243 1125 270 τοῦ
1141 250 1149 273 Α

1113 243 1125 270 ὖ
1141 245 1164 273 Δ
1176 248 1231 277 tur,
1247 248 1273 272 et
1286 248 1328 272 est
1346 244 1447 279 pluvia,
1467 253 1514 273 seu
1532 247 1629 281 stilla;
1651 247 1674 275 si
1688 247 1740 275 erit
1750 248 1878 283 spissior,
1886 249 1959 278 (lunt

340 284 500 318 ποιήσαντος
524 284 603 311 αὐτὸν
629 286 684 321 ὅρῳ
710 288 860 322 κατείχετο,
887 289 912 314 τί
931 287 963 314 ἂν
988 288 1123 315 ἐκώλυσεν

338 329 421 355 αὐτὸν
435 330 522 356 πάντα
538 331 705 365 φλογίζοντα,
716 333 762 359 καὶ
779 334 1012 369 καταπιμπρῶντα
1025 335 1122 370 συνεχῆ

340 374 429 400 πᾶσαν
453 375 520 409 ὁμοῦ
540 376 590 412 τὴν
607 378 636 402 ὲν
657 379 714 409 τοῖς
740 376 814 405 οὖσιν
836 378 1006 411 ἐξαναλῶσαι
1020 379 1123 412 νοτίδας

340 419 389 445 Διά
403 419 488 447 ταῦτα
507 421 579 457 ὕδωρ
600 422 689 458 ἀέριον
704 424 807 457 γίνεται
819 424 982 459 νεφουμένου
1002 424 1047 451 τοῦ
1068 425 1123 452 ἀνω

339 471 421 491 vomu
436 466 468 491 ὲκ
483 466 531 500 τῆς
544 467 679 502 ἀναφορᾶς
695 468 750 495 τῶν
764 469 922 503 ἀτμῶν,οὒς
936 470 1062 505 ποταμοὶ,
1076 470 1123 496 καὶ

338 510 448 545 κρῆναι.
468 512 515 538 καὶ
530 512 641 547 τενάγη,
658 513 706 539 καὶ
720 513 823 549 λίμναι,
839 515 886 541 καὶ
910 515 1015 551 πελάγη
1034 516 1123 542 πάντα

339 555 477 589 προΐενται
502 557 539 588 ὡς
560 557 592 584 ἂν
607 558 644 593 μὴ
663 558 751 584 πάντα
768 559 913 595 πυρακτῶν
931 561 945 587 ὁ
965 560 1045 596 αἰθὴρ
1060 561 1121 588 ὲπι-
1148 565 1151 570 “

339 600 425 627 λάϐοι.
440 601 537 629 Αέιιιει-
546 603 611 637 quid
628 604 673 636 sit,
689 612 743 633 non
756 612 809 631 una
825 609 867 633 est
880 606 999 632 omniutn
1013 611 1122 633 senten-

339 645 392 679 tia;
410 646 518 680 quidam
536 648 725 676 existimarunt
747 658 807 678 esse
833 658 920 678 aerem
938 651 1063 686 ignitum,
1076 652 1122 679 alii

339 691 449 718 cadum.
466 691 632 728 Porphyrius
648 699 675 721 et
694 700 757 724 ante
780 704 842 723 eum
867 697 990 732 Orpheus
1004 702 1120 726 mentem

338 740 366 763 et
382 737 545 765 intellectqu
563 739 638 767 Jovis
661 743 841 776 appellarunt,
856 744 1014 771 Aristoteles
1043 745 1089 771 lib.
1112 752 1120 771 ι

338 780 377 807 De
390 783 464 814 calo,
481 791 540 818 cap.
557 785 583 814 3.
605 789 632 812 et
647 786 735 820 primo
750 787 871 820 Meteon,
897 797 1003 816 necnon
1019 794 1046 816 et
1071 789 1118 817 lib.

338 827 377 853 De
390 828 497 860 mundo,
511 830 534 856 si
552 834 641 857 tamen
665 832 825 860 Aristoteles
844 834 905 862 libri
929 834 1002 861 illius
1027 841 1121 862 auctor

337 876 396 903 est,
425 874 459 900 ad
489 874 683 910 Alexandrum,
712 879 811 906 aethera
849 880 908 906 εαξη
948 879 1120 915 siderumque

337 917 528 951 substantiam,
542 921 703 949 elementum
726 930 740 949 a
761 928 876 958 quatuor
890 924 950 953 aliis
962 925 1118 952 sublunari-
1132 916 1155 946 Β

337 962 389 990 bus
401 963 549 997 diversum,
560 967 692 999 divinum,
706 973 731 995 et
747 970 930 1004 corruptionis
944 978 1052 1005 expers,
1064 978 1118 998 non

337 1015 370 1036 eo
395 1011 503 1045 quidem
532 1014 655 1047 nomine;
670 1015 742 1049 quod
767 1024 828 1043 cum
856 1017 933 1052 ignea
960 1018 995 1045 sit
1012 1017 1118 1053 ﬂagret.

337 1053 390 1080 Sed
405 1056 476 1089 quod
487 1057 531 1083 ἀεὶ
540 1058 589 1085 θεῖ.
605 1060 727 1094 Οὐρανοῦ
742 1060 769 1086 δὲ
783 1062 828 1088 καὶ
841 1062 948 1097 ἄστρων
963 1063 1055 1089 οὐσίαν
1070 1064 1118 1098 μὲν

336 1101 432 1136 αἰθέρα
449 1102 593 1138 καλοῦμεν,
608 1105 656 1140 οὐχ
670 1105 706 1137 ὥς
721 1115 801 1138 τινες,
817 1107 859 1133 διὰ
870 1108 900 1133 τὸ
915 1107 1023 1143 πυρώδη
1036 1106 1118 1135 οὖσαν

336 1147 469 1179 αἴθεσθαι,
487 1149 707 1184 πλημμελοῦντες
733 1153 796 1187 περὶ
819 1153 867 1188 τὴν
893 1153 1015 1180 πλεῖστον
1034 1154 1118 1190 πυρὸς

335 1192 547 1230 ἀπηλλαγμένην
567 1196 690 1231 δύναμιν,
709 1198 775 1224 ἀλλὰ
788 1198 831 1225 διὰ
843 1200 873 1225 τὸ
887 1200 930 1226 ἀεὶ
949 1200 1003 1226 θεῖν
1020 1201 1117 1227 κυκλο-

337 1239 508 1274 φορουμένην
533 1243 662 1275 στοιχεῖον
681 1241 762 1269 οὖσαν
791 1245 882 1279 ἕτερον
904 1245 957 1271 τῶν
980 1246 1117 1282 τεσσάρων

337 1284 473 1319 ἀκήρατόν
489 1294 517 1312 τε
533 1287 578 1313 καὶ
595 1287 673 1314 θεῖον.
690 1288 721 1316 Et
737 1290 783 1317 lib.
805 1298 812 1316 ι
839 1291 878 1318 De
892 1292 954 1318 ca'lo
971 1292 1117 1326 reprehen-

336 1328 375 1355 dit
400 1330 597 1365 Anaxagoram,
626 1334 698 1367 quod
727 1342 776 1369 pro
793 1335 863 1371 igne,
888 1336 1014 1364 aetherem
1037 1337 1115 1370 dixit,

335 1375 407 1408 quod
426 1380 452 1402 et
469 1377 538 1404 alios
559 1377 657 1406 fecisse
684 1382 751 1407 satis
766 1386 860 1408 notum
879 1387 930 1410 est.
948 1382 981 1409 Hi
1000 1391 1116 1418 namque

283 1438 287 1443 .
335 1420 369 1446 ab
391 1420 467 1452 αῑθω,
482 1430 535 1449 ηοιι
566 1424 599 1450 ab
621 1424 663 1451 ἀεὶ
687 1425 752 1455 θεῖν,
771 1427 897 1455 :etherem
920 1428 1067 1461 deducunt,
1088 1430 1116 1457 in

333 1473 416 1499 quam
443 1469 602 1496 sententiam
620 1474 647 1497 et
665 1470 760 1499 Cicero
779 1472 825 1499 lib.
840 1480 859 1499 ιι
886 1473 925 1500 De
941 1479 1034 1501 natura
1056 1475 1117 1502 deo-

339 1518 398 1536 rum
417 1511 498 1539 ivisse
512 1513 636 1547 videtur;
657 1520 682 1543 et
705 1516 861 1544 Phornutus
876 1518 939 1545 item
957 1519 994 1546 De
1020 1525 1116 1547 natura

333 1557 452 1609 deorum,
468 1566 527 1593 cap.
544 1559 580 1587 De
593 1561 662 1588 coelo
676 1562 724 1588 :‘H
740 1562 767 1589 δὲ
790 1564 866 1590 οὐσία
890 1565 970 1591 αὐτοῦ
989 1566 1115 1601 πυρώδης
1129 1580 1150 1609 c

332 1602 419 1635 ἐστιν,
437 1604 474 1635 ὡς
500 1605 577 1640 δῆλον
603 1607 635 1632 ἐκ
665 1608 711 1634 τοῦ
734 1609 808 1643 ἡλίου
834 1610 880 1636 καὶ
905 1611 936 1636 ὲκ
956 1611 1008 1636 τῶν
1029 1611 1115 1639 ἄλλων

331 1648 448 1684 ἄστρων.
467 1650 548 1677 Ὅθεν
566 1652 611 1678 καὶ
627 1653 708 1688 αἰθὴρ
724 1654 824 1689 ἐκλήθη
839 1655 870 1681 τὸ
886 1654 1016 1687 ἐξώτατον
1034 1657 1115 1691 μέρος

332 1695 380 1721 τοῦ
395 1696 496 1730 κόσμου
507 1697 560 1723 ἀπὸ
571 1698 617 1724 τοῦ
633 1699 767 1726 αἴθεσθαι.
780 1699 942 1728 Eustathius
958 1706 1048 1729 tamen
1070 1702 1114 1729 hic

333 1748 384 1775 pro
397 1741 496 1769 aethere
510 1748 637 1777 quartum
653 1745 818 1772 elementum
837 1746 972 1782 intelligit,
988 1748 1114 1775 videlicet

333 1786 433 1820 ignem,
449 1788 496 1822 qui
511 1792 593 1816 totam
608 1794 708 1817 terram
723 1799 772 1818 sua
787 1792 812 1817 vi
830 1795 857 1819 et
872 1792 998 1820 facultate
1014 1801 1114 1821 consu-

333 1836 428 1866 meret,
442 1834 537 1861 nisi-et
557 1834 635 1870 jussu
658 1835 761 1867 divino.
778 1840 804 1863 et
822 1838 899 1872 aquis
913 1839 1000 1866 aereis
1009 1839 1115 1867 detine—

333 1881 418 1904 I‘CIUI‘.

370 1922 428 1950 Col.
440 1924 499 1958 7l2,
513 1925 560 1953 lin.
573 1926 617 1953 22.
629 1928 811 1962 Συνάγονται
824 1930 889 1963 περὶ
901 1930 934 1956 τὸ
942 1930 1028 1964 ὕψος.
1038 1930 1115 1958 Basi-

332 1967 387 1994 lius
410 1968 483 1996 hom.
510 1970 749 2007 ’5εΣυναγομένων
769 1974 822 2009 γὰρ
841 1974 895 2001 τῶν
911 1975 1113 2010 ἀναθυμιάσεων

333 2014 398 2049 περὶ
410 2014 440 2041 τὸ
455 2015 531 2050 ὕψος,
545 2017 591 2043 καὶ
605 2019 791 2053 πυκνουμένου
802 2020 847 2046 τοῦ
862 2020 941 2055 ἀέρος
951 2023 1010 2052 ταῖς
1019 2022 1050 2047 ἑκ
1061 2022 1114 2048 τῶν

333 2060 495 2094 πνευμάτων
509 2061 715 2097 πιλήσεσι,ὃταν
728 2065 775 2099 μὲν
788 2065 815 2091 αἱ
829 2065 896 2096 τέως
911 2066 1057 2100 ἀτμοειδῶς
1068 2067 1115 2093 καὶ

333 2105 438 2138 λεπτῶς
447 2107 488 2133 ὲνε
493 2108 643 2144 σπαρμέναι
653 2110 691 2144 τῴ
701 2110 774 2144 νέφει
783 2111 882 2142 νοτίδες
893 2111 1020 2146 ἀλλήλαις
1030 2121 1114 2148 προσ-

333 2153 491 2187 χωρήσωσι,
511 2154 638 2188 σταγόνες
662 2156 780 2189 γίνονται
815 2157 852 2192 τῷ
870 2157 946 2192 βάρει
970 2158 1023 2184 τῶν
1050 2166 1114 2192 συγ-

334 2197 479 2233 κριθέντων
507 2201 653 2235 φερόμεναι
673 2202 703 2228 τὸ
718 2203 801 2229 κάτω.
819 2204 873 2229 Καὶ
890 2204 958 2239 αὕτη
973 2204 1049 2231 ὑετοῦ
1066 2205 1113 2238 γέ-

337 2252 415 2275 νεσις.
433 2244 565 2279 Georgius
584 2246 688 2274 Pisides
704 2247 742 2274 De
756 2249 847 2275 mundi
863 2249 980 2283 api/icio.
995 2257 1054 2284 pag.
1069 2250 1113 2281 i9,
1129 2249 1152 2276 Β

334 2294 362 2317 et
381 2289 484 2318 Plinius
496 2292 546 2319 lib.
573 2300 606 2324 ll,
623 2293 705 2327 capit.
721 2294 754 2320 42
768 2304 774 2321 :
793 2294 877 2321 Extra
891 2296 938 2321 has
954 2303 1048 2322 causas
1063 2304 1114 2322 non

333 2337 479 2370 negaverim
503 2338 627 2365 exsistere
648 2339 743 2366 imbres
758 2345 904 2375 ventosque.
919 2341 1049 2373 Quoniam
1064 2341 1114 2367 Itu-

334 2383 434 2411 midam
452 2393 468 2411 a
485 2390 567 2417 terra,
579 2386 647 2413 alius
662 2395 722 2413 vero
735 2393 840 2422 propter
855 2396 974 2421 vaporem
985 2388 1113 2422 [umidam

332 2432 457 2458 exhalare
482 2432 620 2467 caliginem
653 2439 750 2460 certum
783 2439 830 2461 est.
857 2434 994 2469 Nubesque
1014 2435 1114 2469 liquore

333 2485 435 2511 egresso
451 2478 479 2504 in
503 2477 625 2510 sublime,
647 2484 692 2505 aut
708 2487 740 2506 ex
755 2488 812 2506 aere
838 2485 927 2507 coacto
944 2482 970 2506 in
987 2481 1112 2515 liquorem

332 2523 412 2557 gigni.
433 2523 553 2550 Densitas
572 2532 663 2551 earum
684 2532 826 2560 corpusque
840 2525 909 2552 haud
925 2526 1002 2553 dubio
1027 2527 1113 2561 conje-

333 2572 421 2594 clatur
447 2574 609 2604 argumento,
635 2578 694 2596 cum
719 2571 798 2597 solem
825 2570 987 2604 obumbrent,
1013 2574 1113 2606 perspi-

332 2621 411 2640 cuum
430 2614 498 2641 alias
518 2615 596 2641 etiam
616 2615 783 2642 urinaulibus
808 2616 835 2642 in
861 2617 976 2651 qualibet
1003 2618 1114 2652 profun-

333 2658 396 2686 dam
417 2668 545 2695 aquarum
566 2661 743 2689 altitudinem.
758 2662 863 2689 Etenim
882 2670 915 2690 ex
930 2671 1030 2698 vapore
1047 2664 1112 2692 solis

332 2704 358 2731 vi
375 2705 480 2732 elevato
494 2705 520 2732 in
537 2706 651 2733 mediam
672 2708 808 2743 regionem
828 2708 898 2735 aeris
919 2709 1048 2743 paulatim
1064 2709 1113 2736 fri-

332 2757 397 2784 gore
411 2750 498 2779 nubes
508 2751 734 2787 densantur,quae
748 2753 848 2784 calore,
863 2754 905 2780 vel
922 2754 975 2781 alio
985 2756 1112 2790 quopiam

334 2795 489 2823 stimulante
507 2796 656 2831 liqueﬁunt,
669 2802 696 2824 et
711 2798 885 2825 resolvuntur
900 2799 926 2826 in
943 2807 1050 2834 aquam,
1063 2800 1111 2827 de-

333 2842 518 2877 scenduntque
543 2842 723 2872 diversimodc
740 2853 789 2879 pro
805 2846 914 2880 vaporis
941 2846 1112 2873 dissimilitu-

333 2887 395 2914 dine
413 2897 419 2914 :
437 2888 458 2915 si
479 2890 549 2916 enim
565 2898 646 2925 vapor
665 2891 713 2917 fuit
730 2893 827 2925 rarior,
844 2893 968 2927 guttatim
983 2892 1110 2919 dilabun-

1174 289 1286 321 imbres.
1305 294 1386 323 atque
1402 290 1497 318 nimbi.
1516 291 1553 318 Ex
1574 292 1673 327 quibus
1692 293 1729 319 ita
1749 292 1873 320 lacunam
1887 301 1956 329 sup-

1174 333 1217 368 ple
1235 343 1242 361 :
1258 334 1361 363 Γίνεται
1387 334 1416 360 δὲ
1439 334 1525 367 οὕτως
1548 337 1562 363 ὸ
1592 337 1676 368 ὑετὸς.
1702 337 1863 371 Συνάγονται
1889 339 1955 373 apt

1172 380 1212 411 τὸ,
1226 385 1276 408 etc.

1208 428 1287 461 lbid.,
1306 430 1353 457 lin.
1366 429 1410 456 ‘27.
1431 430 1467 456 Ἡ
1476 429 1510 457 δὲ
1522 430 1595 465 κιὼν
1610 432 1644 459 ἐκ
1657 431 1716 459 τῶν
1727 431 1852 459 ὑδάτων.
1873 431 1953 460 Basi-

1172 472 1235 504 lius,
1259 474 1332 501 hom.
1360 474 1397 502 5:
1414 475 1497 501 ὐταν
1523 475 1552 502 δὲ
1581 476 1612 502 τὸ
1632 477 1712 513 ὑγρὸν
1727 476 1874 514 temptabit
1892 480 1954 511 ταῖς

1174 517 1244 553 βίαις
1257 520 1311 546 τῶν
1325 520 1431 555 ἀνέμων
1442 521 1587 553 ἀνακοπὲν,
1601 520 1659 549 εἶτα
1672 524 1713 555 είς
1725 525 1809 560 ἀκρον
1829 524 1953 560 καταψυ-

1172 567 1235 602 χθὲν
1250 567 1309 594 ὅλον
1324 567 1358 594 δι’
1378 567 1439 594 ὅλου
1455 569 1544 603 παγῇ,
1563 568 1729 605 θραυομένου
1744 571 1791 598 τοῦ
1810 571 1920 606 νέφους,
1935 573 1951 607 ἡ

1172 612 1239 647 χιὼν
1259 614 1451 649 καταφέρεται.
1471 612 1531 640 Νοη
1555 613 1698 643 dissimilia
1717 616 1799 645 habet
1819 616 1953 653 Georgius

1172 656 1278 686 Pisides
1303 658 1342 686 De
1368 660 1458 686 mundi
1482 661 1603 695 opt/icio;
1631 661 1735 690 Plinius
1762 664 1810 691 lib.
1825 665 1951 697 It,c.60.

1173 703 1332 731 Graudiuem
1348 706 1511 740 eonglaciato
1528 706 1610 733 imbre
1624 708 1710 742 gigni,
1725 713 1749 735 et
1763 709 1845 736 niuem
1863 709 1953 737 eodem

1173 748 1282 775 hutnore
1298 750 1405 776 mollius
1432 755 1531 781 coacto,
1547 751 1668 785 pruinam
1685 758 1771 779 autem
1785 761 1818 780 ea:
1836 762 1895 781 rore
1909 762 1954 789 ge-

1172 793 1237 821 lido.
1258 794 1311 822 Sed
1333 796 1408 823 brevi
1425 796 1451 823 id
1465 797 1631 831 explicemus
1658 805 1793 827 sermone.
1815 798 1844 826 Si
1868 807 1954 834 vapor

1172 839 1300 867 humidus
1319 841 1346 867 in
1364 842 1443 869 aeris‘
1458 841 1545 869 media
1567 842 1678 876 regione
1692 842 1837 871 subvectus
1851 845 1952 873 densa-

1171 889 1226 917 tur,
1241 893 1291 913 nec
1312 890 1369 913 tum
1392 888 1559 922 congelatur,
1572 887 1601 914 iit
1614 888 1715 922 pluvia,
1730 889 1771 916 vel
1792 891 1953 925 congelatur

1169 932 1326 967 priusquam
1361 933 1390 960 in
1426 941 1522 968 aquam
1546 938 1728 968 convertatur,
1749 938 1776 962 et
1797 936 1827 962 lit
1847 937 1895 963 nix
1916 944 1950 965 ex

1169 975 1268 1010 frigore
1295 979 1351 1002 tum
1371 976 1477 1004 fortiori
1489 985 1568 1012 quam
1584 978 1687 1013 pluvia,
1702 979 1744 1005 vel
1761 984 1905 1015 postquam
1922 982 1952 1009 in

1169 1027 1265 1054 aquam
1290 1021 1427 1049 resolutus
1457 1022 1549 1055 fuerit,
1565 1027 1592 1049 et
1607 1022 1636 1049 lit
1656 1024 1775 1058 grando;
1787 1025 1810 1052 si
1823 1033 1907 1060 vapor
1922 1026 1950 1054 in

1168 1064 1259 1092 intima
1285 1066 1396 1101 regione
1419 1066 1491 1094 aeris
1515 1067 1648 1099 subsidet,
1674 1068 1715 1096 vel
1742 1069 1901 1104 congelatur
1923 1075 1952 1098 et

1168 1109 1197 1137 ﬁt
1223 1110 1332 1144 pruina.
1356 1111 1399 1138 vel
1425 1119 1479 1138 non
1510 1113 1679 1147 congelatur,
1697 1118 1721 1140 et
1739 1113 1767 1140 tit
1783 1121 1838 1141 ros.
1855 1115 1950 1143 Nivem

1167 1155 1390 1182 candidissimum
1405 1156 1509 1191 nigram
1524 1157 1617 1184 invitis
1631 1158 1757 1186 sensibus
1767 1160 1875 1186 volebat
1889 1168 1952 1188 esse

1167 1201 1351 1234 Anaxagoras,
1359 1202 1422 1235 quia
1433 1205 1506 1228 esset
1515 1209 1585 1236 aqua
1597 1207 1735 1231 concreta.
1750 1203 1848 1231 Sextus
1859 1203 1952 1239 Empi-

1167 1245 1241 1272 ricus
1265 1244 1412 1281 Pyrrlion.,
1427 1246 1559 1282 Hypotyp.
1573 1248 1621 1275 lib.
1637 1256 1657 1279 ι,
1674 1256 1733 1283 cap.
1750 1248 1794 1281 i5,
1809 1249 1952 1284 Νοούμενα

1166 1291 1194 1317 δὲ
1211 1293 1391 1327 φαινομένοις,
1417 1292 1454 1324 ὡς
1475 1293 1489 1319 ὁ
1510 1292 1693 1329 ’Δναξαγόρας
1716 1294 1746 1320 τὸ
1767 1294 1866 1330 λευκὴν
1881 1292 1951 1321 εἶναι

1166 1338 1214 1373 τὴν
1237 1338 1323 1373 χιόνα,
1347 1338 1489 1371 ἀντετίθει,
1503 1339 1544 1365 ὅτι
1562 1338 1628 1374 χιὼν
1649 1339 1720 1375 ὕδωρ
1737 1340 1795 1366 ἐστὶ
1811 1340 1949 1375 πεπηγός·

1166 1384 1196 1410 τὺ
1208 1384 1236 1410 δὲ
1248 1384 1319 1419 ὕδωρ
1335 1385 1392 1410 ἐστὶ
1408 1384 1502 1419 μέλαν,
1516 1385 1562 1411 καὶ
1576 1385 1593 1420 ὴ
1608 1385 1673 1420 χιὼν
1686 1385 1739 1421 ἄρα
1753 1385 1866 1420 μέλαινά
1878 1387 1949 1413 ἐπι.

1167 1429 1232 1463 Quae
1262 1431 1460 1465 argumentatio
1478 1431 1521 1457 vel
1542 1438 1576 1457 ex
1598 1431 1644 1458 illo
1664 1431 1722 1458 solo
1745 1431 1832 1459 refelli
1849 1435 1948 1467 potest,

1167 1475 1239 1509 quod
1268 1476 1399 1502 terminos
1427 1476 1455 1502 in
1478 1476 1710 1510 propositionibus
1726 1480 1822 1509 mutet,
1833 1484 1903 1512 quos
1925 1477 1950 1505 si

1166 1528 1222 1547 non
1245 1525 1371 1553 mutaret,
1391 1521 1449 1555 ipsa
1463 1528 1511 1555 per
1527 1529 1556 1549 se
1568 1527 1659 1549 rueret
1669 1526 1795 1557 essetque
1806 1522 1922 1550 ridicula
1940 1532 1948 1550 :

1167 1566 1224 1600 ipse
1238 1565 1278 1593 sic
1300 1565 1445 1598 formabat,
1463 1566 1515 1593 Nix
1528 1570 1571 1594 est
1586 1574 1655 1602 aqua
1668 1571 1810 1599 concreta;
1823 1575 1893 1602 aqua
1908 1571 1951 1595 est

1166 1611 1255 1645 nigra,
1267 1618 1332 1645 ergo
1345 1611 1392 1638 nix
1407 1614 1448 1638 est
1458 1611 1537 1646 “nigra
1553 1621 1559 1639 :
1576 1619 1637 1639 cum
1653 1612 1691 1639 ita
1706 1616 1779 1640 esset
1794 1612 1948 1640 formanda.

1164 1655 1214 1683 Nix
1242 1659 1283 1684 est
1304 1663 1375 1690 aqua
1404 1660 1545 1689 concreta,
1559 1664 1629 1691 aqua
1647 1661 1774 1685 concreta
1796 1661 1838 1685 est
1859 1658 1948 1692 nigra,

1165 1705 1230 1727 tunc
1255 1700 1349 1735 utique
1373 1704 1542 1736 sequeretur,
1568 1709 1634 1736 ergo
1659 1702 1707 1729 nix
1729 1706 1772 1729 est
1790 1702 1878 1737 nigra.
1897 1702 1949 1730 Sed

1164 1747 1226 1781 quis
1251 1746 1411 1774 concederet
1435 1753 1533 1781 aquam
1561 1752 1717 1774 concrctam
1744 1755 1806 1775 esse
1826 1748 1952 1782 nigram?

1164 1800 1226 1819 cum
1246 1799 1343 1827 aquam
1372 1792 1454 1819 etiam
1471 1792 1557 1827 ipsam
1578 1792 1629 1820 etsi
1647 1800 1702 1820 non
1736 1798 1891 1821 concretam
1904 1794 1949 1821 ni-

1164 1846 1239 1873 gram
1252 1845 1314 1865 esse
1324 1845 1377 1865 non
1391 1838 1547 1868 atlicmaret.

1200 1882 1279 1915 lbid.,
1304 1884 1351 1910 lin.
1380 1883 1424 1910 51.
1446 1884 1479 1910 'II
1492 1883 1526 1910 δὲ
1547 1884 1662 1917 ,βροντὴ
1678 1883 1752 1910 κατά
1767 1884 1875 1911 τοῦτον
1896 1885 1951 1911 τὸν

1163 1931 1266 1964 λόγον.
1296 1929 1434 1961 Basilius,
1463 1929 1536 1956 hom.
1557 1930 1574 1956 5
1594 1938 1600 1956 :
1618 1930 1673 1964 Τὴν
1703 1929 1757 1964 γὰρ
1782 1929 1950 1965 στερρότητα

1165 1973 1212 2000 καὶ
1250 1973 1408 2000 ἀντιτυπίαν
1441 1973 1488 2000 τοῦ
1526 1973 1679 2008 πνεύματος
1714 1972 1760 2000 τοῦ
1797 1974 1951 2009 ἐναπολαμ-

1165 2020 1312 2054 ϐανομένου
1331 2021 1389 2050 ταῖς
1418 2019 1553 2054 κοιλότησι
1579 2019 1632 2045 τῶν
1653 2019 1752 2053 νεφῶν,
1780 2020 1827 2046 καὶ
1854 2019 1897 2046 διὰ
1918 2020 1950 2047 τδ

1166 2065 1261 2100 βιαίως
1297 2064 1480 2100 ὲκρήγνυσθαι
1513 2064 1575 2096 τοὺς
1617 2064 1667 2094 τὰς
1701 2064 1814 2100 βροντὰς
1851 2065 1951 2091 ἀποτεε

1164 2111 1277 2143 λοῦντας
1304 2111 1415 2145 ψόφους,
1436 2111 1578 2146 στερέωσιν
1590 2110 1704 2145 βροντῆς
1722 2112 1737 2144 ἡ
1752 2110 1846 2145 Γραφὴ
1865 2119 1951 2146 προσ-

1164 2156 1321 2191 maps-uasti.
1349 2155 1496 2191 Gregorius
1523 2155 1711 2183 Nazianzenus
1740 2155 1779 2182 De
1793 2156 1948 2191 theologia:

1165 2202 1197 2228 Τί
1232 2203 1277 2237 μοι
1307 2202 1494 2237 φιλοσοφήσεις
1525 2201 1590 2237 περὶ
1619 2201 1765 2237 ἀστραπιῖδν
1796 2201 1843 2228 καὶ
1872 2201 1951 2237 βρον-

1167 2248 1230 2280 τῶν,
1249 2245 1270 2273 ὦ
1287 2247 1403 2282 βροντῶν
1421 2247 1473 2274 ἀπὸ
1488 2246 1538 2281 γῆς
1556 2247 1598 2278 σὺ,
1613 2247 1660 2272 καὶ
1676 2246 1736 2272 οὐδὲ
1754 2246 1861 2281 μικροῖς
1872 2254 1951 2273 σπιν-

1167 2294 1247 2329 θῆρσι
1260 2294 1309 2328 τῆς
1320 2293 1447 2329 ἀληθείας
1459 2292 1628 2328 λαμπόμενε,
1639 2293 1714 2324 τίνας
1726 2293 1828 2327 ἀτμοὺς
1839 2292 1950 2327 αἰτιάσῃ

1166 2340 1262 2373 νέφους
1275 2339 1466 2373 δημιουργοὺς,
1478 2339 1493 2374 ἢ
1507 2338 1585 2373 ἀέρος
1598 2337 1735 2365 πύκνωσιν
1746 2346 1817 2370 τινα,
1830 2338 1846 2372 ἢ
1861 2338 1951 2372 νεφῶν

1168 2386 1219 2410 τῶν
1237 2386 1391 2418 μοινοτὰτων
1410 2384 1496 2418 θλίψιν
1544 2384 1689 2418 ςύρῤηξιῊ
1710 2384 1751 2410 ἵνα
1766 2386 1781 2418 ἡ
1800 2384 1847 2418 μὲν
1860 2383 1950 2417 eum;

1169 2433 1207 2456 so".
1225 2431 1273 2464 τὴν
1290 2430 1442 2465 ἀστραπὴν,
1460 2431 1475 2464 ἡ
1496 2429 1523 2455 δὲ
1539 2429 1614 2463 ῥῆξις
1632 2429 1679 2463 τὴν
1699 2429 1811 2463 βροντὴν
1826 2429 1950 2464 ἀπεργά-

1168 2487 1256 2511 σηται,
1271 2479 1344 2502 ποῖον
1371 2476 1397 2501 δὲ
1421 2475 1528 2509 πνεῦμα
1554 2474 1810 2509 στενοχωρούμενον,
1825 2472 1885 2501 εἶτα
1898 2475 1950 2501 οὐχ

1166 2524 1224 2557 ἕχον
1237 2522 1359 2554 διέξοδον,
1371 2523 1413 2547 ἵνα
1428 2520 1551 2556 ἁστράψῃ
1568 2520 1733 2554 θλιϐόμενον,
1751 2520 1797 2546 καὶ
1814 2520 1948 2555 βροντήσῃ

1166 2570 1332 2604 ῥηγνύμενον
1344 2577 1349 2598 ;
1364 2576 1395 2594 ex
1408 2567 1506 2600 quibus
1519 2568 1606 2592 locum
1616 2565 1748 2592 Euslalltii
1764 2567 1799 2592 ita
1813 2566 1946 2593 restituo:

1172 2616 1203 2641 'll
1218 2616 1245 2641 δὲ
1261 2615 1357 2649 βροντὴ
1374 2615 1443 2639 κατὰ
1459 2613 1550 2638 τοῦτον
1565 2613 1609 2637 τὸν
1630 2612 1708 2645 λόγον
1732 2614 1765 2646 τῇ
1789 2612 1948 2648 στερρότητι

1166 2663 1212 2689 καὶ
1228 2662 1273 2687 τοῦ
1295 2661 1447 2694 πνεύματος
1469 2659 1612 2693 ἀντιτυπία
1632 2659 1743 2692 γίνεται.
1759 2658 1879 2686 Celebris
1897 2658 1950 2685 fuit

1166 2716 1259 2734 eorum
1272 2707 1364 2740 opinio
1378 2706 1423 2740 qui
1437 2705 1640 2736 existimarunt,
1655 2705 1759 2731 tonitru
1771 2704 1829 2731 ﬁeri
1842 2703 1949 2732 exstin-

1164 2754 1253 2779 ctione
1279 2752 1350 2786 ignis
1371 2751 1490 2778 nubibus
1506 2751 1656 2784 intercepti.
1673 2749 1706 2777 Et
1719 2749 1948 2785 quemadmodum

1164 2801 1266 2827 ferrum
1290 2798 1409 2825 candens
1432 2798 1458 2824 in
1483 2805 1578 2831 aquam
1603 2798 1759 2823 immersam
1780 2795 1888 2828 stridet,
1909 2795 1948 2822 ita

1164 2847 1234 2879 ignis
1246 2847 1299 2874 ille.
1316 2845 1359 2871 vei
1372 2844 1450 2871 stella
1466 2844 1559 2878 ignita,
1574 2847 1602 2869 ut
1617 2842 1780 2877 opinabatur
1799 2840 1946 2875 Epicurus,

1165 2895 1190 2920 in
1208 2893 1305 2920 nubem
1321 2891 1430 2925 delapsa
1445 2889 1588 2918 stridorem
1601 2888 1713 2921 excitat,
1729 2888 1768 2916 sic
1784 2888 1811 2914 in
1826 2886 1947 2915 nubibus

1883 2999 1952 3015 ,Λ-
