2143 3163
354 128 406 157 εδδ

352 189 458 220 aspectu
477 182 649 219 percipiebam
671 191 681 210 .'

350 231 466 258 scientia:
488 235 582 262 artem,
604 231 627 256 si
641 239 685 256 ars
702 230 756 256 lm-c
772 229 887 256 vocanda
906 233 955 255 cst.
978 227 1080 254 Etenim
1102 233 1131 254 nt

353 274 500 302 Homericis
516 275 570 302 illis
584 275 699 302 versibus
709 275 818 302 relatum
831 279 868 301 est
878 282 887 299 :

386 340 461 368 Sicut
475 347 562 368 autem
576 343 703 369 centiduo
715 347 821 375 pontum
830 343 989 368 commovent
999 340 1130 373 piscosuut

384 375 484 411 ﬂoreas
499 381 523 403 et
538 375 681 411 Zephyrus,
696 378 740 410 qui
754 386 768 403 ε
786 376 897 402 ΤΙιι-ατὶα
914 376 1016 411 spirant

385 410 497 438 ltueutes
513 410 627 445 repente.
643 412 723 437 simul
738 419 796 437 caro
810 415 834 436 ct
850 410 919 436 nndtt
935 410 1009 445 nigra

384 446 534 477 Attollt'tnr,
543 443 702 478 multamque
717 451 791 471 extra
808 453 879 471 mare
895 445 981 479 algam
995 443 1128 476 fundunt:

349 501 389 527 ita
414 501 477 527 milii
488 501 548 528 'lteri
562 501 701 535 contigisse
719 501 820 527 cidctur
833 499 1044 527 :suntmitatilius
1060 500 1130 525 enim

351 547 477 573 montium
487 547 587 573 similes
600 546 758 580 aspicitbant
775 546 869 575 undas.
882 553 941 580 qna:
953 545 975 571 si
990 545 1075 571 dicere
1087 544 1129 578 fas

348 596 399 623 est,
414 592 500 626 ipsum
516 592 608 618 arium
624 594 782 627 tangebam;
801 592 868 618 unde
883 592 943 617 hinc
963 596 1063 617 tantum
1082 590 1130 617 hac

349 639 543 673 exspectabam,
559 639 706 664 universam
721 639 819 665 scilicet
840 644 935 664 tri-runt
955 638 1130 671 submergen—

348 684 411 710 dam
421 693 429 713 ;
441 690 466 710 et
476 684 538 710 mihi
552 684 636 710 locum
650 685 675 710 in
690 693 740 719 quo
753 692 792 710 inc
804 685 867 718 fuga
880 684 1027 717 reciperent.
1042 684 1129 709 animo

349 729 488 764 ﬁngebam,
504 735 528 756 ct
548 729 665 756 Not-lica:
680 738 750 756 arca:
770 731 903 763 exemplar
920 729 1127 755 cottsia‘crm’vnm.

354 774 449 802 Verum
462 775 622 809 exspectatio
637 783 693 801 mea
709 775 840 809 frustrata
850 781 900 801 est.
916 774 1001 801 Simul
1015 774 1082 800 enim
1098 781 1129 799 ac

348 828 421 846 mare
433 821 567 852 intumuit.
585 821 680 849 iterum
692 821 745 847 vice
759 829 833 847 tersa
851 820 966 855 fractum
983 827 1054 845 mare
1066 819 1131 845 dis—

347 864 506 896 solvebatur,
524 865 595 891 ultra
609 866 745 900 proprium
762 866 847 891 locum
860 874 911 892 non
926 866 1076 896 concedens,
1090 865 1132 891 di—
1146 858 1166 886 Β

347 910 407 936 oino
429 910 554 944 quodam,
579 916 608 937 ut
630 911 782 937 summatim
796 910 894 941 dicant,
908 911 987 945 jussu
1003 911 1129 945 perterri-

346 959 413 982 tum.
438 955 473 982 Et
487 956 706 991 quemadmodum
724 957 820 990 sapius
837 965 926 983 servus
946 956 1088 992 quispiam.
1106 956 1130 983 si

349 1002 448 1029 invitus
465 1010 482 1028 a
501 1002 606 1029 domino
619 1002 654 1029 ad
668 1011 731 1036 opus
748 1002 930 1036 compellatur,
943 1003 1050 1036 imperio
1064 1003 1130 1036 qui—

347 1047 406 1075 dem
416 1048 510 1075 timore
520 1048 613 1075 ductus
631 1049 716 1081 audit,
735 1054 762 1075 at
779 1050 847 1084 quod
862 1049 943 1080 subit,
962 1057 1021 1075 cum
1038 1048 1128 1075 nolens

347 1096 426 1126 agat,
439 1093 528 1126 palam
542 1093 619 1127 effari
634 1101 686 1119 non
699 1087 785 1120 ausus
800 1093 846 1120 sub
864 1094 954 1128 lingua
968 1093 1131 1119 immurmu—

346 1141 402 1168 rat,
422 1138 562 1164 iracundia
582 1137 732 1164 enrdens:
755 1139 793 1164 sic
813 1138 875 1164 nti/ti
894 1137 1085 1171 quodammodo
1103 1142 1129 1166 et

346 1190 420 1209 mare
434 1182 588 1214 videbatur;
603 1183 654 1210 etsi
667 1183 736 1209 enim
759 1184 800 1209 ira
820 1182 985 1217 e/fcrbnerat,
1003 1185 1029 1209 in
1048 1187 1129 1210 semet

347 1228 416 1262 iram
447 1229 597 1255 continebat
617 1228 667 1255 sibi
694 1228 781 1263 frenos
803 1229 933 1262 iniiciens.
961 1234 986 1256 et
1012 1229 1128 1263 furorem

345 1280 424 1301 suum
444 1273 556 1299 Domino
581 1273 750 1307 manifestare
778 1281 877 1301 neu-ns.
908 1273 1022 1307 Reliqua
1046 1274 1127 1307 hujus

346 1318 479 1346 orationis
508 1318 602 1346 Graeca
631 1323 658 1346 et
687 1318 784 1345 Latina
814 1327 874 1346 cum
907 1324 1001 1346 nostro
1026 1319 1128 1346 ilict/to-

348 1364 392 1391 dio
416 1364 497 1391 dabo.
526 1363 592 1391 Vide
619 1368 748 1398 prmterea
775 1364 921 1398 Georgium
947 1364 1063 1391 l‘isidem
1091 1365 1128 1391 De

346 1410 439 1436 mundi
463 1410 578 1444 api/icio,
602 1413 629 1436 et
650 1409 782 1436 Joannem
803 1409 1027 1445 Chrysostomum
1046 1418 1128 1445 super

346 1454 414 1481 illud
436 1453 557 1481 llierem.
574 1461 635 1488 cap.
660 1462 687 1485 v,
705 1462 775 1481 vers.
795 1453 839 1485 22,
855 1453 906 1487 Qui
924 1453 1000 1487 posui
1019 1462 1126 1480 arenam

347 1499 488 1526 terminum
501 1499 580 1529 mari.
592 1499 620 1525 in
636 1503 731 1526 catena
746 1506 805 1533 quae
818 1506 833 1525 a
850 1498 931 1526 nobis
942 1498 1036 1525 Latina
1055 1498 1126 1525 facta

342 1544 399 1579 jam
414 1549 456 1572 est
469 1545 567 1580 publici
584 1544 666 1579 juris.

379 1590 438 1617 Col.
449 1590 509 1619 7t2.
520 1590 567 1617 lin.
579 1590 623 1617 ιδ.
640 1589 714 1616 Ἐπεὶ
724 1590 753 1616 τί
766 1589 909 1616 ἐκώλυσε.
923 1588 1039 1616 Basilius
1051 1589 1123 1615 hom.

344 1636 361 1663 ι
378 1635 468 1662 εἙπεὶ
486 1636 511 1661 τί
536 1635 636 1661 ἐκώλυε
657 1635 706 1670 τὴν
736 1634 867 1670 Ἐρυθρὰν
886 1634 1020 1661 θάλασσαν
1036 1635 1126 1661 πᾶσαν

344 1681 393 1716 τὴν
407 1680 543 1714 Αἴγυπτον
558 1680 713 1715 κοιλοτέραν
728 1678 809 1706 οὖσαν
825 1680 923 1715 ἑαυτῆς
939 1680 1070 1712 ἐπελθεῖν,
1080 1680 1126 1707 καὶ

344 1725 509 1761 συναφθῆναι
519 1725 557 1760 τῷ
569 1725 762 1761 παρακειμένῳ
775 1726 808 1760 τῇ
823 1725 951 1760 Αἰγύπτῳ
965 1726 1088 1759 πελάγει,
1100 1726 1125 1752 εἰ

344 1771 382 1808 μὴ
398 1771 645 1807 τῷ,προστάγματι
665 1769 699 1806 ἧν
718 1771 891 1805 πεπεδημένη
905 1771 950 1797 τοῦ
969 1772 1123 1803 κτίσαντος

344 1818 377 1844 Et
390 1826 417 1844 in
433 1818 486 1844 hoc
501 1818 581 1844 etiam
599 1822 663 1844 sunt
678 1818 816 1844 variantes
830 1817 1053 1851 philosophorum
1066 1825 1126 1844 sen-

343 1862 445 1890 tentiae.
473 1861 588 1894 Quidam
610 1861 683 1888 enim
709 1865 809 1887 terram
836 1862 904 1887 mari
927 1862 1124 1895 depressiorem

343 1907 488 1939 aﬂirmant,
511 1907 675 1934 Catharinus
700 1905 733 1932 ad
761 1913 821 1940 cap.
849 1913 857 1932 t
889 1905 998 1937 Genes.,
1016 1907 1118 1938 Canus,

342 1953 501 1988 Burgensis.
518 1956 612 1979 noster
632 1952 675 1979 hic
691 1955 796 1983 auctor,
815 1951 931 1978 Basilius
945 1955 971 1978 et
981 1952 1027 1978 alii
1041 1962 1046 1979 :
1064 1959 1124 1979 eam

343 1999 554 2034 probabiliorem
572 2002 666 2025 censet
686 1996 715 2023 S.
733 1997 863 2028 Thomas,
892 2004 900 2024 ι
923 2001 1006 2032 part.,
1030 2005 1056 2032 q.
1077 1997 1122 2029 69,

343 2049 396 2070 art.
411 2043 423 2069 ί
442 2052 448 2069 :
465 2043 535 2069 idem
551 2049 578 2070 et
591 2042 689 2069 Cicero
706 2042 848 2069 censuisse
860 2042 978 2073 videtur.
995 2050 1002 2068 ι
1019 2042 1054 2069 De
1068 2051 1124 2069 na—

343 2093 404 2115 tura
416 2088 524 2115 deorum
537 2096 555 2114 tt
567 2097 574 2115 :
590 2087 676 2120 Mare,
689 2088 785 2119 innuit,
802 2096 860 2114 cum
874 2095 954 2121 supra
967 2093 1063 2114 terrant
1077 2089 1121 2120 sit,

342 2134 456 2162 medium
482 2139 569 2160 tamen
593 2138 669 2161 terra:
694 2134 779 2160 locum
807 2138 927 2168 expetens
952 2141 1123 2169 congregatur

1018 126 1141 155 LEONIS
1160 125 1296 154 ALLATII

702 189 727 210 et
756 184 904 211 excellentis
930 191 961 209 ac
989 183 1133 217 singularis
1148 187 1169 214 Α
1184 183 1239 210 duo
1249 181 1321 218 globi
1336 180 1518 213 edicerentur,
1534 181 1581 209 sed
1593 181 1629 209 ita
1642 180 1752 208 fuerunt
1765 179 1857 206 omnia
1867 178 1967 214 dispo-

1910 122 1969 152 856

1184 228 1247 259 sita.
1263 233 1292 254 ιιι
1305 236 1338 254 ex
1358 227 1401 255 his
1419 227 1527 255 duobus
1546 228 1689 262 separatis,
1708 224 1844 260 contiguis
1856 228 1966 256 tamen,

1183 282 1267 301 unum
1281 274 1433 301 eiliceretur
1447 274 1605 301 rotundum.
1625 278 1653 301 ct
1670 273 1766 308 globus
1786 279 1857 299 unus
1872 271 1968 306 perfe-

1183 319 1334 350 ctissimus,
1352 326 1406 346 non
1424 318 1589 353 geometrica
1604 318 1780 345 rotunditate.
1795 315 1874 349 Quod
1887 315 1966 343 enim

1184 363 1211 390 in
1235 364 1315 399 aquis
1340 363 1504 393 abundabat.
1528 362 1557 390 in
1578 363 1701 390 cavernis
1720 366 1799 390 terra:
1820 361 1965 389 occlusum

1182 413 1234 439 est.
1249 414 1276 436 ct
1292 409 1319 436 in
1336 408 1558 444 prol'undissimis
1578 409 1694 436 vallibus
1715 411 1866 443 receptum,
1887 405 1965 442 quod

1184 453 1211 479 in
1227 454 1308 481 terris
1331 460 1413 488 super
1439 460 1524 486 aquas
1546 453 1669 484 emersit,
1694 453 1722 480 in
1748 452 1965 487 impendentium

1183 499 1316 526 montium
1340 498 1499 525 altitudines
1526 503 1681 532 porrectum
1711 497 1845 530 surrexit;
1868 500 1896 524 et
1921 495 1964 524 sic

1182 543 1322 577 aequaliter
1333 543 1451 578 undique
1458 548 1530 569 terra
1547 546 1574 569 ct
1584 550 1661 577 aqua:
1671 544 1887 573 sustinentur,et
1902 548 1965 568 sus-

1183 589 1281 620 tinent.
1305 597 1393 624 neqnc
1419 588 1588 615 excednntur
1610 596 1699 623 neque
1719 589 1864 616 excedunt.
1890 586 1963 614 Fieri

1182 638 1273 661 tamen
1296 638 1396 669 potest,
1420 638 1449 661 ut
1473 634 1704 668 quemadmodum
1729 642 1782 661 una
1801 642 1866 669 pars
1882 638 1965 662 terra:

1181 680 1235 706 alia
1246 679 1411 707 eminentior
1425 684 1479 711 cst,
1489 680 1542 706 alia
1558 679 1610 706 alia
1622 679 1787 713 depressior,
1802 688 1853 706 nec
1871 685 1964 706 tamen

1182 729 1281 752 terram
1293 733 1355 752 esse
1368 727 1511 752 rotundam
1525 724 1696 759 negabimns,
1713 724 1753 752 sic
1766 729 1793 751 et
1810 732 1864 752 una
1875 724 1962 758 regio.

1181 774 1208 797 et
1225 771 1301 799 locus
1320 772 1355 798 sit
1372 772 1432 806 ipso
1454 778 1529 797 mare
1554 769 1698 800 humilior.
1723 770 1760 796 ita
1781 773 1811 796 ut
1830 770 1853 796 si
1870 769 1963 796 aditus

1182 821 1286 852 pateret
1305 818 1383 852 aquis
1400 817 1632 852 subntetgeretur,
1649 816 1735 842 altera
1758 815 1839 843 altior
1852 819 1880 842 et
1893 815 1963 842 emi-

1181 863 1306 895 nentior;
1334 862 1562 897 quemadmodum
1590 861 1751 888 Aristoteles
1782 860 1816 888 de
1849 860 1963 895 regione

1179 908 1370 943 Egyptiorum
1397 912 1425 935 et
1437 916 1512 935 mare
1525 907 1619 935 Rubro
1633 910 1763 941 tanquam
1775 906 1962 934 certissimum

1180 959 1256 981 notat
1276 955 1339 981 libr.
1355 955 1443 989 primo
1457 954 1579 987 Meteon,
1596 961 1657 989 cap.
1674 953 1785 985 ultimo;
1802 957 1829 979 et
1849 952 1886 979 ita
1903 952 1962 979 exi-

1179 1000 1261 1027 stimo
1284 1004 1411 1027 auctores
1430 1008 1500 1035 quos
1523 1007 1607 1035 supra
1626 998 1763 1026 nominavi
1778 1004 1840 1025 esse
1858 997 1961 1025 intelli-

1180 1045 1292 1080 gendos,
1308 1046 1453 1079 omniaque
1469 1046 1550 1073 dubia
1565 1050 1592 1072 et
1615 1048 1784 1079 argumenta,
1810 1042 1837 1069 in
1856 1047 1962 1069 utram-

1179 1098 1232 1126 que
1250 1095 1353 1125 partem
1375 1091 1492 1118 adducta
1514 1091 1645 1117 facillimo
1664 1088 1773 1124 negotio
1787 1087 1856 1115 solvi
1871 1097 1879 1114 :
1892 1087 1962 1114 divi-

1178 1144 1296 1171 numque
1324 1137 1487 1171 sapientiam
1509 1140 1536 1164 et
1556 1136 1704 1163 bonitatem
1719 1132 1867 1161 dilucidius
1882 1133 1963 1160 inno-

1178 1185 1293 1215 tescere,
1309 1189 1371 1217 qua:
1382 1182 1473 1209 omnia
1488 1182 1525 1209 ita
1544 1182 1571 1209 in
1587 1180 1707 1216 pondere
1722 1185 1748 1208 et
1764 1186 1893 1207 mensura
1905 1178 1963 1206 dis—

1177 1227 1279 1262 posuit.

1212 1272 1292 1305 lbid.,
1314 1274 1364 1300 lin.
1386 1273 1431 1301 ιθ.
1452 1273 1516 1300 ’Ὁτι
1538 1272 1572 1299 δὲ
1589 1272 1701 1306 ἀληθὲς
1724 1271 1821 1298 τοῦτο.
1844 1270 1962 1297 Basilius

1177 1318 1251 1346 bom.
1281 1319 1298 1346 4
1315 1328 1322 1346 :
1339 1319 1415 1345 Ἐπεὶ
1438 1319 1464 1345 τι
1484 1318 1585 1345 ἐκώλυε
1601 1318 1650 1354 τὴν
1669 1317 1801 1354 Ἐρυθρὰν
1825 1316 1962 1343 θάλασσαν

1178 1365 1267 1390 πᾶσαν
1284 1365 1333 1400 τὴν
1349 1365 1484 1399 Αἴγυπτον
1499 1364 1653 1399 κοιλοτέραν
1672 1362 1752 1390 οὖσαν
1769 1363 1867 1397 ἑαυτῆς
1885 1361 1961 1389 ἐπελ-

1178 1410 1243 1441 θεῖν,
1262 1411 1307 1437 καὶ
1326 1409 1491 1444 συναφθῆναι
1515 1409 1553 1444 τῷ
1571 1409 1762 1444 παρακειμένῳ
1783 1410 1816 1443 τῇ
1831 1408 1962 1442 Αἰγύπτῳ

1177 1456 1300 1490 πελάγει,
1315 1456 1339 1482 εἰ
1360 1455 1448 1490 μὴτῷ
1464 1455 1654 1490 προστάγματι
1673 1452 1707 1490 ἧν
1722 1454 1894 1488 πεπεδημένη
1913 1451 1961 1479 τοῦ

1179 1502 1336 1533 κτίσαντοςς
1357 1501 1489 1537 Ὅτιιγὰρ
1506 1501 1680 1536 ταπεινοτέρα
1700 1501 1748 1536 τῆς
1766 1500 1899 1535 Ἐρυθρᾶς
1914 1499 1962 1525 θα-

1178 1547 1279 1581 λάσσης
1293 1547 1308 1582 ἡ
1325 1546 1468 1580 Αἴγυπτος,
1479 1546 1549 1582 ἔργῳ
1560 1546 1672 1573 ἔπεισαν
1683 1547 1755 1582 ἡμᾶς
1768 1545 1962 1580 οἱθελήσαντες

1175 1592 1298 1627 ἀλλήλοις
1308 1591 1342 1617 τὰ
1356 1591 1460 1626 πελάγη
1477 1591 1603 1625 συνάψαι,
1619 1591 1649 1617 τό
1659 1599 1687 1617 τε
1708 1591 1855 1624 Αἰγύπτιον
1869 1592 1916 1618 καὶ
1930 1591 1961 1617 τὸ

1182 1636 1299 1673 Ἰνδικὸν,
1315 1638 1343 1663 ὲν
1363 1633 1386 1669 ᾦ
1405 1637 1421 1671 ἡ
1443 1636 1559 1672 Ἐρυθρὰ
1577 1636 1707 1664 θάλασσα.
1730 1637 1829 1672 Διὸῇρ
1845 1637 1961 1671 ἐπέσχον

1174 1681 1223 1716 τὴν
1240 1681 1409 1717 ἐπιχείρησιν
1423 1681 1530 1717 πρῶτος
1545 1682 1696 1717 ἀρξάμενος
1714 1682 1865 1717 Σέσωστρις
1882 1683 1897 1709 ὁ
1914 1683 1962 1709 Al—

1174 1726 1298 1761 γύπτιος,
1317 1727 1363 1753 καὶ
1381 1727 1395 1753 ὁ
1417 1727 1486 1762 μετὰ
1501 1727 1587 1754 ταῦτα
1611 1727 1751 1762 βουληθεὶς
1773 1728 1961 1763 ἐπεξεργάσα-

1175 1772 1236 1799 σθαι
1247 1773 1357 1807 Δαρεῖος
1367 1772 1381 1798 ὁ
1394 1772 1704 1807 Μῆδος.11ιιὶ›ιιειυιιιιιιι
1718 1773 1864 1803 Aristotele
1878 1775 1925 1802 lib.
1940 1783 1960 1802 ιι

1174 1818 1298 1850 Meteon,
1313 1826 1373 1852 cap.
1387 1819 1444 1845 ult:
1461 1819 1541 1854 Δηλοί
1564 1818 1592 1844 δὲ
1612 1819 1643 1844 τὸ
1659 1818 1815 1853 γινόμενον·
1832 1820 1886 1852 Οὓς
1905 1820 1961 1856 γάρ

1174 1872 1264 1899 φαμεν
1276 1863 1470 1899 ἀρχαιοτάτους
1482 1862 1613 1890 εἶναιτῶν
1624 1864 1772 1899 ἀνθρώπων
1782 1865 1960 1899 Αἰγυπτιους,

1173 1909 1274 1936 τούτων
1301 1909 1410 1944 ήχώρα
1434 1910 1507 1936 πᾶσα
1530 1912 1655 1945 γεγονυῖα
1680 1911 1802 1944 φαίνεται
1826 1912 1872 1937 καὶ
1892 1910 1961 1939 οὖσα

1173 1954 1219 1981 τοῦ
1241 1955 1363 1989 ποταμοῦ
1388 1954 1476 1990 ἔργον.
1493 1956 1547 1981 Καὶ
1560 1956 1638 1982 τοῦτο
1661 1956 1730 1982 κατὰ
1750 1964 1781 1982 τε
1793 1955 1841 1991 τὴν
1866 1957 1960 1993 χώραν

1174 2001 1257 2036 αὐτὴν
1271 2000 1368 2036 δρῶντι
1383 2000 1460 2035 δῆλόν
1479 2001 1548 2031 ἔστι,
1561 2001 1608 2027 καὶ
1624 2001 1658 2027 τὰ.
1674 2001 1738 2037 περὶ
1755 2001 1804 2037 τὴν
1826 2002 1960 2038 Ἐρυθρὰν

1174 2045 1311 2072 Θάλασσαν
1325 2046 1471 2081 τεκμήριον
1495 2046 1593 2072 ῑκανὸν.
1612 2046 1718 2082 Ταύτην
1737 2047 1791 2082 γὰρ
1806 2047 1860 2074 τῶν
1882 2047 1960 2083 βασι-

1173 2090 1238 2117 λέων
1254 2099 1295 2122 τις
1314 2091 1444 2126 ἐπειράθη
1467 2091 1626 2127 διορύττειν.
1642 2093 1679 2119 Οὐ
1694 2092 1749 2128 γὰρ
1769 2092 1869 2128 μικρὰς
1882 2092 1958 2129 εἶχεν

1172 2136 1205 2164 ἄν
1222 2137 1311 2167 αὐτοῖς
1324 2136 1456 2170 ὡφελείας
1470 2136 1574 2168 πλωτὸς
1587 2137 1659 2169 ἄπας
1668 2137 1683 2163 ό
1697 2137 1777 2168 τόπος
1786 2138 1956 2173 γιγνόμενος.

342 2180 456 2215 undique
469 2179 615 2215 mqualiter,
628 2187 708 2212 neque
724 2179 861 2210 redundat,
878 2188 958 2214 neque
967 2180 1120 2214 e/funditur.
1138 2189 1161 2216 υ
1173 2183 1188 2208 Λ

1113 2200 1120 2206 .
1138 2189 1161 2216 υ
1173 2182 1287 2215 Λέγεται
1303 2181 1332 2207 δὲ
1351 2181 1461 2216 πρῶτος
1478 2182 1630 2218 Σέσωστρις
1653 2183 1822 2218 ἐπιχειρῆσαι
1837 2183 1891 2210 τῶν
1905 2191 1958 2210 πα-

342 2226 396 2253 Alii
417 2230 518 2253 terram
532 2233 593 2253 esse
609 2233 683 2253 mare
700 2226 835 2257 altiorem,
862 2230 892 2252 ut
911 2225 1123 2261 Cbrysostomus

342 2272 416 2300 hom.
427 2272 444 2299 9
455 2272 488 2299 ad
497 2280 557 2306 pop.
566 2272 701 2304 Antioclt.;
724 2273 893 2308 Augustinus
904 2272 930 2298 in
940 2272 1008 2306 piat.
1023 2280 1121 2305 cxuv;

342 2318 524 2353 Hieronymus
537 2318 565 2344 in
584 2318 649 2344 illud
672 2319 741 2353 psal.
752 2326 836 2350 xxx",
848 2317 1011 2353 Congregans
1019 2319 1086 2345 sicut
1096 2319 1123 2345 in

341 2369 399 2390 utre
419 2372 502 2399 aquas
519 2364 619 2395 orarit;
638 2364 822 2391 Damasu-nus
843 2364 890 2390 lib.
907 2371 925 2390 ιι
942 2363 1004 2391 Fid.
1018 2364 1121 2390 ortltod.

341 2415 401 2443 cap.
413 2408 429 2435 9
442 2414 468 2435 et
482 2408 533 2441 10;
548 2407 718 2436 Contarenus
731 2409 778 2435 lib.
793 2415 811 2434 ll
823 2408 860 2435 De
872 2409 1015 2440 elementis,
1027 2413 1054 2436 et
1064 2409 1120 2436 alii.

341 2453 407 2486 Qua:
425 2454 486 2481 dum
511 2454 653 2488 opiniones
679 2454 730 2481 etsi
756 2454 870 2480 multum
892 2454 962 2481 inter
978 2462 1007 2481 se
1020 2454 1123 2481 distare

341 2496 478 2527 videntur,
498 2503 548 2530 ego
565 2499 656 2522 tamen
672 2496 787 2523 dixerim
808 2500 932 2523 neutram
948 2496 1056 2529 falsam,
1074 2496 1121 2524 sed

341 2540 523 2567 certissimam
535 2544 678 2574 utramque
689 2544 717 2567 et
727 2548 829 2572 veram,
842 2541 866 2567 si
880 2548 934 2568 non
947 2540 981 2568 de
992 2540 1121 2568 universo

340 2591 421 2612 terrae
430 2585 575 2617 elemento,
590 2593 678 2620 neque
689 2593 775 2620 aqua},
791 2586 837 2613 sed
857 2591 934 2621 parte
947 2587 1064 2622 quadarn
1077 2587 1121 2614 in-

340 2630 487 2666 telligatur.
511 2630 641 2664 Quamvis
657 2632 730 2659 enim
748 2632 820 2659 Deus
834 2640 921 2668 aquas
941 2636 1042 2660 terram
1062 2640 1121 2660 om-

339 2684 402 2704 nem
417 2684 467 2705 suo
484 2676 558 2704 tlusu
578 2682 742 2712 occupantes
755 2684 894 2713 separatas
915 2679 943 2706 in
963 2686 1047 2706 unum
1063 2678 1120 2706 vcl-

341 2723 378 2749 uti
398 2723 498 2756 locum,
513 2727 541 2751 et
568 2725 711 2752 stationem
735 2725 876 2757 detulerit,
893 2728 920 2752 et
936 2728 1008 2752 terra
1027 2731 1074 2751 eas
1092 2725 1119 2751 in

340 2769 451 2803 proprio
462 2768 535 2799 sinu,
550 2777 666 2796 caverna
681 2770 814 2797 duntaxat
830 2770 1010 2805 amplissima,
1024 2774 1119 2796 mutuo

340 2813 480 2848 complexu
494 2816 640 2849 exceperit.
657 2823 711 2843 non
734 2819 825 2843 tamen
844 2815 870 2843 id
887 2815 923 2842 ita
943 2815 1067 2850 contigit,
1088 2819 1117 2842 ut

1174 2228 1272 2254 λαιῶν·
1295 2226 1351 2253 ἀλλ’
1366 2223 1445 2262 εὗρεν
1468 2227 1635 2263 ὑψηλοτέραν
1657 2226 1739 2255 οὖσαν
1752 2228 1800 2263 τὴν
1822 2227 1958 2257 θάλατταν

1172 2273 1220 2308 τῆς
1236 2273 1297 2308 γῆς.
1315 2272 1359 2298 Διὺ
1376 2272 1478 2304 ἐκεῖνός
1488 2281 1517 2298 τε
1538 2272 1679 2308 πρότερον,
1695 2274 1740 2299 καὶ
1753 2274 1861 2309 Δαρεῖος
1877 2273 1958 2301 ὓπε-

1174 2327 1218 2354 ρον
1229 2318 1365 2344 ἐπαύσατο
1379 2317 1533 2353 διορύττων,
1543 2317 1616 2349 ὅπως
1631 2318 1667 2353 μὴ
1678 2318 1811 2355 διαφθαρῇ
1821 2319 1852 2345 τὸ
1866 2319 1958 2354 ῥεῦμα

1173 2363 1217 2389 τοῦ
1246 2363 1369 2398 πυταμοῦ
1395 2362 1577 2398 συμμιγεὶσ-ης
1606 2363 1655 2397 τῆς
1678 2363 1821 2399 θαλάττης.
1853 2364 1956 2392 Strabo

1174 2408 1219 2434 lib.
1233 2416 1240 2435 ι
1261 2408 1426 2439 ιἈπιθάνως
1438 2408 1466 2434 δὲ
1481 2408 1563 2441 λέγω.
1577 2409 1618 2435 ὅτι
1634 2409 1687 2445 πρὸ
1701 2409 1755 2436 τῶν
1769 2410 1899 2445 Τρωῖκῶν
1909 2410 1958 2436 οὺ-

1172 2454 1251 2488 δεμὶα
1270 2452 1304 2489 ἦν
1316 2453 1424 2489 διώρυξ.
1437 2455 1488 2480 Τὸν
1506 2454 1533 2480 δὲ
1556 2455 1765 2490 ἐπιχειρήσαντα
1782 2456 1891 2490 ποιῆσαι
1908 2456 1957 2482 Σέ-

1172 2508 1287 2535 σωστριν
1303 2501 1451 2535 ἀποστῆναί
1469 2510 1544 2535 φασι,
1570 2502 1769 2537 μετεωροτέραν
1786 2502 1955 2530 ὑπολαϐόντα

1171 2545 1219 2580 τὴν
1231 2545 1280 2580 τῆς
1300 2545 1432 2579 θαλάττης
1452 2547 1619 2580 ἑπιεανειαν.
1636 2548 1668 2573 Et
1681 2547 1729 2574 lib.
1747 2555 1801 2574 xvtt
1817 2548 1954 2583 ςἘτμήθη

1170 2590 1199 2616 δὲ
1213 2591 1229 2625 ὴ
1243 2589 1342 2626 διώρυξ
1353 2591 1491 2626 καταρχὰς
1509 2592 1556 2626 μὲν
1571 2593 1622 2618 ὑπὸ
1638 2592 1807 2628 Σεσώστριος
1830 2593 1883 2628 πρὸ
1897 2593 1953 2619 τῶν

1171 2634 1311 2670 Τρωῖκῶν,
1324 2636 1348 2661 οἱ
1361 2635 1390 2661 δὲ
1414 2636 1465 2661 ὑπὸ
1489 2636 1535 2661 τοῦ
1555 2637 1738 2672 Ψαμμητίχου
1755 2637 1848 2669 παιδὸς
1871 2636 1954 2673 ἀρξα-

1172 2680 1252 2715 μένου
1271 2681 1360 2716 μόνον,
1384 2679 1443 2707 εἶτα
1466 2682 1619 2713 ἐκλιπόντος
1639 2683 1684 2709 τὸν
1707 2683 1777 2717 βίον·
1799 2683 1911 2718 ὕστερον
1925 2682 1955 2708 δὲ

1171 2725 1222 2751 ὑπὸ
1236 2726 1348 2761 Δαρείου
1360 2725 1407 2752 τοῦ
1420 2727 1525 2761 πρώτου
1538 2728 1728 2763 διαδεξαμένου
1743 2728 1773 2755 τὸ
1785 2727 1849 2761 ἑξῆς
1862 2727 1953 2762 ἔργον.

1172 2770 1221 2797 Καὶ
1243 2769 1318 2803 οὗτος
1330 2772 1368 2803 δὲ,
1381 2772 1445 2809 δόξῃ
1459 2773 1550 2807 ψευδεῖ
1570 2774 1701 2806 πεισθεὶς,
1717 2774 1805 2809 ἀνξῆκε
1820 2773 1850 2799 τὸ
1873 2772 1955 2808 ἔργον

1171 2817 1233 2852 περὶ
1258 2818 1410 2846 συντέλειαν
1432 2819 1493 2856 ἤδη.
1515 2819 1642 2856 Ἐπείσθη
1667 2820 1722 2855 γὰρ
1750 2819 1954 2855 μετεωροτέραν
