2143 3163
198 182 248 211 857

700 181 733 209 ΙΝ
753 182 797 211 El}
803 182 940 210 STATllll
953 182 1190 211 BEXAEMERON
1204 183 1320 212 κοτε,

1769 184 1822 213 858

199 242 333 279 Δίῃ-νιος
353 242 451 270 Strabo
467 242 515 270 lib.
536 250 580 270 xu
604 242 733 271 silvestre
756 243 834 271 nasci
858 242 942 270 tradit
958 243 985 270 in
1002 247 1025 274 Δ
1039 244 1147 271 steculis
1160 249 1306 276 excoctum,
1318 243 1422 279 glebam
1434 244 1514 271 habui
1528 249 1632 271 erutam
1649 251 1727 279 prope
1750 243 1823 270 Nar-

200 289 345 317 ntariti'mis
362 287 517 317 δίδωθι-ειη]
531 297 540 322 ;
561 287 768 324 Theophrastus
783 289 911 317 silvestre
926 289 985 316 bal—

201 343 305 363 samum
320 335 425 362 nullum
444 341 560 370 usquam
581 339 720 370 repertum
737 335 860 370 accepit;
882 333 986 362 Pausa-

201 380 261 407 nias
277 380 305 407 iu
318 379 442 406 Bacticis
456 379 571 407 arbores
585 380 614 407 in
631 380 732 408 Arabia
749 380 893 412 describit,
910 387 985 415 myr-

200 429 289 453 torum
312 426 511 461 magnitudine,
530 426 602 454 foliis
618 426 749 454 amaraci.
770 425 838 453 Vide
852 426 986 461 reliquam

199 472 342 499 historiam
360 472 516 507 viperarum
540 472 593 500 sub
612 473 672 507 ejus
691 472 788 500 fronde
807 472 984 499 lalilantium.

201 517 305 545 Plinius
317 518 403 545 incidi
417 518 500 550 vitro,
512 519 602 554 lapide
614 519 756 553 osseisque
766 518 898 550 cultellis.
914 517 987 545 ferro

201 563 272 595 laedi,
284 563 489 599 Theophrastus
506 564 602 592 ferreis
622 565 760 599 unguibus
776 564 843 592 cauti
855 584 864 597 ,
881 563 986 591 Plinius

200 610 316 645 primam
333 610 448 645 gratiam
469 618 532 638 esse
553 611 691 646 lacrymte.
715 609 864 638 secundam
877 609 985 641 setnini,

200 655 308 683 tertiani
328 656 436 688 cortici,
451 657 593 684 minimam
618 656 692 692 ligno
703 656 760 690 ait;
781 655 988 691 Theophrastus

200 701 316 737 primam
332 701 451 734 fructus,
469 702 619 730 secundam
635 702 776 737 lacrymae,
793 702 918 728 ultimam
930 701 987 728 vir—

200 754 306 782 garum.
320 746 461 774 Diversum
477 748 560 782 hujus
582 748 700 776 balsami
726 747 874 783 colligendi
899 747 986 774 ratio-

200 800 262 820 nem
279 793 340 821 sine
363 801 482 821 censura
507 798 602 821 narrat
618 793 775 821 Brocardus
793 793 944 820 monachus
960 797 986 820 et

199 846 230 866 se
245 839 347 866 vidisse
370 839 480 872 fatetur,
501 839 529 866 in
552 839 737 874 descriptione
752 843 832 866 terra
859 843 960 875 sancta:
978 848 984 866 :

201 884 249 912 Est
259 886 343 913 etiam
360 885 397 912 ibi
413 885 506 912 hortus
521 884 652 917 Balsami,
667 886 714 920 qui
737 886 867 920 irrigatur
883 894 899 912 ιι
914 885 986 919 fonte

197 937 288 964 parvo.
301 931 430 958 uberrime
452 936 540 958 tamen
559 931 665 966 ﬂuente,
678 931 705 958 in
718 939 769 966 quo
790 932 864 958 aiunt
881 931 985 958 beatam

204 975 337 1011 Virginem
352 985 462 1012 puerum
475 976 567 1004 Iesum
585 977 679 1004 lauisse
691 985 700 1003 :
710 977 742 1003 ob
758 976 786 1003 id
801 976 912 1004 habetur
926 978 984 1012 fons

198 1021 244 1048 ille
263 1024 290 1048 in
305 1023 479 1054 rmeratione,
491 1021 586 1049 nedum
609 1030 625 1049 a
641 1021 812 1053 Christianis,
827 1031 915 1049 verum
928 1027 953 1050 et
969 1032 985 1050 a

199 1065 352 1095 Saracenis.
370 1067 478 1094 Nodum
501 1067 641 1103 colligendi
663 1067 812 1095 balsamum
835 1067 904 1095 hunc
923 1068 986 1095 mihi

201 1110 330 1139 Saraceni
340 1112 518 1140 ostenderunt.
534 1112 685 1147 Carpebant
700 1113 794 1147 folium
809 1121 890 1140 unum
905 1121 921 1140 a
934 1113 985 1140 sti-

198 1159 263 1192 pite,
286 1159 420 1185 adlttrrent
436 1159 506 1186 enim
522 1159 588 1192 folia
614 1159 710 1192 stipiti,
726 1164 750 1185 et
766 1164 861 1186 contra
880 1158 984 1185 radium

201 1204 267 1230 solis
283 1203 351 1230 illud
365 1204 551 1237 discerpent“,
566 1209 667 1239 guttam
690 1203 882 1230 lucidissimam
904 1208 929 1230 et
945 1211 987 1230 su-

200 1257 250 1283 pra
273 1249 380 1276 modum
397 1249 557 1284 odoriferam
573 1249 720 1276 elicuerunt
737 1257 746 1276 :
761 1254 786 1276 et
801 1251 823 1276 is
846 1255 885 1276 est
911 1257 985 1276 uerus

200 1295 287 1331 liquor
306 1296 440 1323 balsami:
457 1297 501 1331 qui
514 1297 541 1324 in
561 1296 666 1329 phialas
687 1296 783 1323 uitreas
801 1295 945 1330 colligitur,
960 1300 986 1322 et

200 1342 235 1368 ad
245 1342 362 1369 diversas
378 1342 468 1368 mundi
480 1346 570 1374 partes
580 1342 707 1372 mittitur,
724 1342 830 1368 tametsi
846 1349 909 1368 raro
929 1342 985 1368 sine

199 1387 317 1413 mixtura
334 1386 370 1413 ad
384 1387 499 1421 regiones
514 1392 618 1413 nostra:
638 1387 781 1420 perveniat.
795 1387 876 1414 Aiunt
892 1386 985 1418 etiam,

198 1433 224 1460 si
240 1433 334 1467 folium
353 1433 420 1459 illud
435 1438 528 1460 contra
543 1433 646 1460 radium
659 1433 724 1460 solis
740 1441 791 1460 non
807 1432 986 1468 frangeretur,

199 1475 305 1503 minime
319 1484 426 1503 succum
443 1476 520 1503 illum
535 1477 662 1505 stillaret.

234 1521 294 1549 Col.
308 1523 372 1555 7l7,
392 1523 442 1550 litt.
461 1523 505 1550 l5.
519 1522 681 1557 Ἰστοροῦσι
690 1523 724 1550 δέ
731 1531 810 1556 τινες
818 1522 908 1550 καὶτὸ
915 1521 987 1557 ἢλε-

199 1576 299 1603 κῑρον.
317 1564 446 1600 Basilius,
468 1568 541 1596 liom.
563 1569 591 1601 5,
612 1569 698 1603 Λόγος
714 1569 743 1596 δέ
765 1569 807 1601 τις
822 1569 881 1596 ἐστι
895 1569 943 1596 καὶ
955 1569 986 1596 τὺ

199 1614 330 1650 ἧλεκτρον
340 1615 406 1642 ὀπὸν
417 1612 487 1641 εἶναι
499 1615 589 1650 φυτῶν
600 1616 641 1647 εἰς
652 1615 726 1642 λίθου
737 1615 818 1650 φύσιν
829 1615 989 1651 ἀποπηγνύ-

201 1668 291 1695 μενον.
304 1658 411 1687 Psellus
434 1659 467 1686 de
481 1659 615 1694 lapidibus
628 1660 728 1695 duplex
743 1660 875 1687 electrum
888 1661 989 1688 consti-

201 1707 265 1738 tuit,
287 1713 372 1733 unum
390 1706 524 1748 Italicum,
551 1705 668 1732 alterum
694 1705 860 1740 Libyticum.
881 1710 909 1732 et
922 1705 988 1732 dicit

199 1751 314 1787 reperiri
327 1751 405 1786 juxta
420 1750 532 1778 ﬂuvium
551 1750 711 1780 Eridanum.
735 1750 840 1782 subdit,
858 1751 945 1777 Ἔνιοι
958 1750 987 1776 δὲ

200 1799 247 1827 καὶ
257 1798 373 1832 δάκρυον
382 1797 448 1824 αὐτὸ
457 1805 522 1832 φασι
529 1797 635 1832 δένδρου
648 1797 728 1828 τινός.
744 1796 852 1831 Κοῦφον
865 1796 920 1832 γάρ
930 1798 987 1837 sunt.

199 1844 246 1870 καὶ
256 1843 396 1880 sopierat,
411 1843 449 1876 ὡς
462 1845 477 1870 ό
492 1842 637 1874 λιϐανωτὸς
652 1844 699 1870 καὶ
713 1844 730 1878 ἡ
747 1844 875 1878 μαστίχη.
890 1842 987 1871 Varias

201 1893 343 1918 auctorum
367 1890 517 1917 sententias
540 1889 575 1916 de
601 1890 734 1922 succino,
761 1894 787 1916 et
808 1891 869 1924 ejus
882 1890 988 1925 origine

199 1936 310 1971 collegit
333 1935 448 1968 Plinius,
475 1935 523 1964 lib.
549 1942 654 1967 xxxvii,
681 1942 741 1970 cap.
767 1935 785 1962 2
812 1940 839 1964 et
865 1936 893 1968 5,
918 1943 987 1971 quas

199 1979 245 2007 hic
258 1987 400 2008 recensere
413 1980 535 2015 ineptum
556 1987 618 2007 esse
635 1979 712 2008 duxi.
731 1979 834 2016 Siquis
847 1981 988 2009 eruditio-

200 2033 264 2054 nem
281 2028 350 2054 tanti
373 2027 426 2054 viri
440 2032 467 2054 et
492 2026 623 2055 admirari
638 2031 665 2055 et
687 2028 812 2055 venerari
835 2028 984 2062 desiderat,

200 2072 280 2100 adeat
300 2073 390 2101 locum
406 2074 506 2101 mirum
527 2081 605 2105 sane.
619 2077 646 2101 et
659 2074 816 2101 omnimoda
840 2075 986 2109 prudentia

201 2118 381 2154 doctrinaque
408 2118 631 2147 refertissimum.
655 2118 711 2146 Nos
738 2119 838 2147 miselli
863 2119 929 2147 item
958 2123 986 2147 et

200 2171 334 2200 pauperes
349 2165 382 2192 ad
405 2165 482 2192 illum
501 2165 567 2201 quid
584 2165 736 2192 addemus?
751 2165 917 2193 Aristoteles
936 2164 984 2192 lib.

202 2208 240 2242 De
259 2210 426 2238 mirabilibus
448 2211 638 2240 auscultation.
662 2211 695 2238 ad
721 2210 816 2238 llctitia
842 2215 984 2247 poetarum

1003 913 1023 940 Β

1000 1588 1022 1616 C

1038 290 1131 317 banem
1146 291 1172 317 in
1201 290 1259 324 ejus
1277 290 1375 324 lapidis
1400 291 1498 325 fodinis
1513 291 1626 318 dimidia
1641 298 1674 318 ea:
1686 295 1761 324 parte
1782 291 1823 317 ni-

1037 345 1110 372 gram
1125 356 1133 368 ,
1159 337 1248 364 altera
1273 335 1382 370 ﬂauam,
1407 337 1509 363 sucini
1535 336 1612 364 modo
1628 344 1636 363 :
1651 336 1720 371 quod
1744 344 1823 371 αῖσι-

1036 387 1124 409 mento
1151 382 1299 409 certissimo
1320 387 1371 414 est,
1389 382 1525 409 succinum
1544 391 1574 409 eo
1591 382 1670 409 modo
1681 382 1752 417 gigni
1771 390 1823 417 quo

1036 428 1163 455 diximus.

1074 473 1154 507 ιδιά..
1174 473 1224 502 lin.
1242 474 1286 502 i9.
1304 475 1395 502 τοῦτο
1409 474 1443 501 τὸ
1459 473 1587 508 ἡλιακὸν
1599 474 1672 509 φῶς.
1692 474 1821 508 Quaenam

1038 519 1122 547 fuerit
1138 520 1184 547 lux
1201 520 1247 547 illa
1267 521 1355 556 prima
1383 521 1482 555 priscis
1508 520 1562 547 illis
1583 521 1750 556 temporibus
1769 527 1820 548 nec

1038 573 1092 593 non
1107 565 1182 594 hisce
1195 566 1296 593 nostris
1312 570 1524 593 controversum
1539 565 1629 593 adhuc
1645 569 1704 593 est:
1721 566 1755 593 de
1764 572 1819 600 qua

1038 612 1099 639 fuso
1114 616 1141 638 ct
1164 612 1305 639 enucleate
1320 611 1399 638 ntulti
1422 611 1609 646 disputarunt.
1635 611 1820 640 Damascenul

1039 658 1089 685 lib.
1105 666 1137 691 lt,
1158 657 1220 685 Fid.
1238 657 1353 692 orthod.,
1371 665 1396 685 c.
1416 658 1441 690 7,
1460 658 1610 690 existimat,
1634 658 1721 685 lucem
1747 658 1821 686 illam

1038 703 1125 731 fuisse
1135 703 1299 731 elementum
1322 703 1401 738 ignis.
1418 703 1581 730 Ambrosius
1599 703 1762 731 Catharinus
1785 704 1823 731 ait

1038 749 1125 776 lucem
1143 749 1216 776 illam
1233 748 1317 776 fuisse
1332 749 1418 776 lucem
1443 749 1510 776 solis
1526 749 1685 783 perfectam,
1699 757 1776 785 aque
1790 757 1823 776 ac

1037 800 1111 820 nunc
1124 796 1182 826 est;
1200 793 1281 827 cujus
1298 793 1476 827 perfectionis
1491 800 1516 820 et
1538 794 1751 828 pulchritudinis
1766 803 1824 822 tua-

1037 848 1119 875 gnum
1136 847 1197 867 esse
1210 844 1412 875 argumentum.
1426 841 1499 875 quod
1515 848 1546 867 ea
1562 840 1632 868 Deus
1648 841 1706 876 ipse
1714 849 1766 869 suo
1779 842 1825 876 ju-

1037 885 1111 912 dicio
1127 885 1325 920 comprobavit.
1341 884 1412 912 Beda
1438 886 1464 912 in
1478 884 1618 918 ιιι-ταωνι..
1634 885 1762 914 Nicolaus
1787 887 1825 915 De

1043 931 1111 966 lyra,
1127 930 1275 962 Tostatus,
1292 934 1320 957 et
1349 930 1394 958 alii
1420 930 1590 958 arbitrantur
1614 932 1728 967 primam
1750 932 1824 960 illam

1041 977 1129 1004 lucem
1154 983 1208 1003 non
1225 975 1310 1003 fuisse
1326 976 1423 1008 solem,
1442 977 1489 1004 sed
1506 984 1608 1012 corpus
1629 978 1766 1012 quoddam
1783 979 1825 1006 lu-

1039 1021 1128 1048 cidum
1154 1020 1187 1048 ad
1217 1021 1422 1048 similitudinem
1439 1021 1532 1049 densat
1555 1023 1726 1058 lucentisque
1743 1024 1825 1052 nubis

1040 1068 1067 1094 in
1089 1067 1223 1102 superiori
1239 1071 1315 1102 parte
1329 1067 1424 1095 mundi
1446 1068 1585 1100 videlicet,
1602 1069 1630 1096 in
1653 1077 1707 1104 qua
1730 1076 1824 1106 postea

1040 1114 1080 1141 sol
1095 1118 1137 1140 est
1153 1113 1269 1146 positus.
1284 1114 1356 1148 quod
1366 1114 1440 1141 circa
1456 1114 1612 1142 densiorcm
1627 1116 1745 1143 materia:
1758 1124 1822 1151 par-

1040 1163 1105 1191 tem,
1119 1166 1179 1194 qua!
1191 1159 1309 1186 medium
1323 1160 1416 1187 mundi
1428 1161 1517 1187 locum
1536 1161 1823 1196 circutnplcctebatur,

1039 1204 1068 1231 in
1085 1203 1178 1230 orhctn
1196 1211 1372 1237 conversum,
1388 1205 1494 1232 dierum
1521 1209 1549 1232 et
1565 1206 1688 1232 noctium
1715 1207 1824 1234 vicissi-

1039 1249 1149 1276 tudines
1166 1248 1309 1279 alliciebat.
1324 1254 1352 1277 et
1365 1258 1396 1277 ex
1413 1251 1459 1277 illo
1476 1251 1567 1278 lucido
1585 1258 1701 1286 corpore
1717 1256 1824 1287 postea,

1038 1300 1136 1330 quarto
1152 1294 1196 1322 die
1212 1295 1347 1322 formatus
1364 1300 1406 1322 est
1426 1296 1467 1322 sol
1481 1296 1624 1330 amplioris
1654 1297 1826 1331 praestantio-

1039 1341 1134 1375 risque
1144 1341 1215 1368 lucis
1226 1340 1379 1367 additiune.
1389 1340 1538 1376 Dionysius
1547 1341 1712 1378 Areopagita
1723 1347 1794 1377 part.
1805 1351 1825 1375 ι,

1039 1393 1100 1422 cap.
1114 1386 1142 1418 ι,
1159 1386 1196 1414 De
1210 1387 1293 1416 divin.
1307 1388 1421 1419 nomin.,
1437 1395 1518 1422 quem
1536 1391 1690 1424 Sequuntur
1705 1388 1735 1416 D.
1752 1389 1826 1417 Tito-

1039 1440 1099 1460 mas
1121 1433 1208 1467 prima
1225 1437 1302 1468 parte
1321 1437 1419 1468 quast.
1437 1433 1484 1465 67,
1503 1438 1556 1461 art.
1576 1434 1604 1465 4.
1621 1438 1648 1461 et
1663 1439 1760 1470 quiest.
1781 1435 1825 1468 70,
1855 1426 1865 1437 ⁸

1040 1483 1093 1507 art.
1109 1478 1121 1505 Ι
1134 1487 1142 1512 ;
1155 1478 1303 1515 Dionysius
1318 1479 1520 1507 Carthusianus
1531 1487 1615 1515 super
1627 1481 1744 1515 pritnnm
1762 1488 1826 1516 cap.

1039 1524 1139 1552 Genes.
1165 1528 1217 1552 art.
1240 1525 1274 1558 9;
1292 1524 1420 1552 Percrius
1447 1530 1474 1553 et
1501 1526 1547 1553 alii
1572 1527 1741 1559 existimant,
1770 1534 1826 1555 non

1039 1571 1120 1598 aliam
1135 1571 1229 1604 fuisse,
1244 1579 1325 1606 quam
1352 1571 1440 1599 lucem
1453 1572 1530 1604 solis,
1546 1572 1593 1600 sed
1615 1573 1702 1608 primo
1715 1573 1825 1608 quidem

1039 1615 1084 1642 die
1096 1615 1178 1642 veluti
1202 1615 1359 1648 informem,
1377 1620 1404 1643 et
1425 1617 1612 1651 imperfectam
1631 1625 1691 1645 esse
1708 1618 1824 1651 factam,

1038 1665 1137 1696 quarto
1149 1665 1238 1688 autent
1248 1661 1292 1688 die
1300 1661 1385 1689 fuisse
1392 1663 1545 1690 absolutam
1557 1667 1582 1690 et
1594 1669 1824 1691 consummatam.

1037 1707 1108 1734 Αὐτὸ
1122 1707 1176 1743 γάρ
1191 1708 1249 1734 ἐστι
1263 1707 1294 1734 τὸ
1307 1708 1374 1742 φῶς,
1388 1709 1412 1735 ει
1429 1709 1475 1736 καὶ
1488 1709 1548 1735 τότε
1563 1709 1766 1744 ἀσχημάτιστον
1779 1707 1823 1744 ἦν,

1037 1754 1106 1789 ὅπερ
1121 1754 1136 1780 ό
1151 1753 1223 1786 Beloc
1248 1753 1301 1789 ἔφη
1324 1754 1436 1788 Μωσῆς,
1461 1755 1509 1781 καὶ
1531 1755 1615 1790 αὐτὴν
1641 1755 1749 1790 ἐκείνην
1775 1756 1826 1791 τὴν

1038 1799 1148 1835 πρώτην
1166 1800 1255 1835 ὁρίσαι
1272 1799 1327 1826 τῶν
1346 1800 1407 1826 καθ’
1427 1800 1500 1835 ἡμᾶς
1515 1801 1626 1836 ἡμερῶν
1645 1801 1750 1837 τριάδα.
1770 1802 1825 1829 Καὶ

1037 1845 1140 1881 ὥσπερ,
1156 1850 1211 1873 etc.
1226 1845 1325 1873 Noster
1336 1850 1442 1878 auctor,
1454 1850 1482 1873 et
1498 1846 1615 1874 Basilius
1627 1854 1687 1873 cum
1703 1855 1736 1874 eo
1749 1847 1825 1874 ltom.

1038 1892 1065 1926 6,
1084 1893 1164 1927 cujus
1179 1892 1261 1920 verba
1279 1892 1322 1920 hic
1334 1892 1483 1923 ascribam.
1500 1901 1534 1920 ne
1549 1893 1645 1920 eadem
1661 1894 1762 1929 saepius
1778 1901 1822 1921 co-

1037 1946 1087 1973 gar
1101 1941 1233 1973 repetere,
1242 1937 1324 1965 tradit
1338 1939 1453 1973 primam
1465 1939 1535 1967 hanc
1548 1939 1636 1967 lucem
1649 1939 1734 1967 fuisse
1747 1947 1824 1968 crea-

1037 1987 1092 2010 tam
1119 1991 1168 2019 per
1192 1990 1232 2015 se,
1259 1988 1287 2011 et
1303 1984 1523 2016 immaterialem,
1541 1988 1640 2019 quarto
1664 1988 1755 2011 autem
1780 1985 1824 2012 die

1038 2025 1140 2053 factum
1156 2033 1217 2054 esse
1232 2033 1332 2061 corpus
1345 2027 1425 2058 solis,
1444 2031 1574 2061 tanquam
1592 2026 1653 2061 ejus
1669 2027 1823 2054 vehiculum

1037 2071 1081 2098 cui
1098 2072 1179 2098 insita
1199 2075 1226 2099 et
1242 2072 1376 2107 impressa
1405 2076 1457 2101 est.
1473 2073 1540 2099 Τότε
1558 2072 1608 2107 μὲν
1623 2072 1677 2108 γὰρ
1693 2073 1762 2108 αὑτὴ
1776 2073 1823 2099 τοῦ

1036 2117 1126 2152 φωτὸς
1135 2118 1150 2152 ή
1161 2117 1240 2152 φύσις
1255 2119 1392 2154 παρήχθη,
1406 2118 1453 2145 νῦν
1463 2119 1491 2145 δὲ
1503 2119 1533 2146 τὸ
1539 2118 1650 2154 ἡλιακὸν
1657 2119 1735 2146 τοῦτο
1745 2119 1823 2154 σῶμα

1036 2164 1128 2200 ὄχημα
1140 2163 1208 2191 εἶναι
1224 2164 1261 2199 τῷ
1276 2165 1438 2200 πρωτογόνῳ
1452 2165 1549 2200 ἐκείνῳ
1568 2165 1637 2199 φωτὶ
1657 2164 1822 2200 παρεσκεύα-

1037 2219 1107 2237 σται,
1124 2211 1168 2242 Ὠς
1182 2210 1235 2246 γὰρ
1246 2210 1308 2237 ἄλλο
1319 2210 1348 2237 τὸ
1365 2210 1418 2245 πῦρ
1436 2210 1484 2237 καὶ
1497 2211 1560 2237 ἄλλο
1574 2211 1588 2237 6
1604 2210 1709 2245 λύχνος,
1724 2211 1755 2237 τὸ
1774 2211 1826 2246 μὲν

200 2261 354 2285 commenta
370 2257 481 2292 refugit.
496 2257 686 2293 Dalecampius
703 2258 783 2285 aliam
806 2257 914 2285 succitti
929 2258 971 2286 ori
1001 2255 1023 2282 D
1037 2265 1046 2283 π

1001 2255 1023 2282 D
1037 2257 1086 2292 τὴν
1099 2256 1144 2283 τοῦ
1155 2256 1280 2291 φωτίζειν
1289 2255 1403 2291 δύναμιν
1417 2256 1487 2291 ἔχον,
1502 2257 1530 2282 τὸ
1543 2256 1571 2282 δὲ
1578 2257 1760 2291 παραφαινειν
1769 2257 1824 2288 τοῖς

201 2303 290 2337 ginem
306 2307 403 2330 contra
420 2302 537 2331 Plinium
550 2303 588 2330 ita
603 2307 698 2331 narrat
716 2313 722 2331 :
743 2302 776 2330 In
789 2303 904 2338 regione,
928 2311 987 2339 qua:

200 2348 334 2376 succinum
355 2347 447 2382 mittit,
471 2350 618 2384 resiniferte
641 2350 721 2377 nulltz
736 2353 797 2377 sunt
813 2350 930 2377 arbores.
950 2350 986 2376 At

201 2396 228 2422 in
246 2396 490 2430 septentrionalium
515 2396 635 2423 littorum
655 2401 742 2424 tractu
762 2396 898 2424 bituminis
918 2402 986 2424 certe

201 2449 281 2477 genus
303 2442 402 2477 ﬂavum
423 2447 463 2470 est
485 2448 514 2470 ut
527 2444 631 2479 nigrum
647 2442 718 2478 apud
742 2451 788 2470 nos
808 2443 837 2470 in
862 2444 984 2475 Avernis,

200 2487 306 2522 eiusque
320 2488 437 2522 naphtha
450 2488 530 2522 ﬂava,
545 2489 649 2525 qualem
665 2498 680 2517 e
694 2488 844 2517 Saxonibus
859 2489 985 2523 aﬂ'erunt,

201 2537 226 2560 et
247 2532 390 2567 petroleum
415 2538 520 2565 uocant,
542 2540 571 2561 ut
589 2535 658 2569 apud
679 2543 726 2562 nos
742 2540 812 2562 utra.
833 2534 901 2562 Cum
925 2543 986 2570 ergo

201 2580 272 2614 fonte
285 2588 334 2607 suo
347 2580 459 2607 scaturit
481 2580 596 2608 bitumen
615 2581 642 2608 id
656 2582 736 2609 molle
751 2581 847 2615 adhuc,
862 2586 888 2609 et
908 2582 987 2617 liqui-

200 2625 275 2657 dum,
292 2625 367 2652 obvia
391 2632 499 2660 qumque
527 2626 709 2662 amplectitur,
731 2628 835 2660 retinet,
858 2627 983 2656 includit.

203 2671 301 2700 Fluctu
320 2678 380 2700 vero
404 2671 535 2699 lombcnte
555 2673 584 2700 in
603 2674 688 2700 altum
713 2675 880 2709 provolutum
899 2675 986 2710 magis

202 2719 337 2754 vertigine,
355 2723 380 2746 et
394 2718 537 2754 salsugine.
554 2722 728 2757 temporisque
739 2721 918 2750 diuturnitate
932 2722 984 2748 du-

201 2765 290 2795 rescit,
305 2769 335 2791 ut
354 2764 424 2799 apud
444 2772 491 2791 nos
505 2765 722 2800 pissaspltaltum,
739 2771 765 2794 et
774 2767 833 2802 jam
856 2771 911 2794 tum
925 2776 984 2795 suc-

201 2809 289 2837 tinum
306 2815 356 2842 est,
374 2811 461 2845 sicque
480 2815 630 2837 concretum
648 2811 676 2838 in
696 2812 783 2840 littore
798 2813 855 2847 ejus
875 2814 986 2840 scaturi-

201 2856 258 2891 gini
277 2857 397 2891 opposito
418 2856 536 2883 adversis
556 2857 638 2884 uentis
657 2857 775 2892 ejicitur.
791 2858 913 2895 Gagatis,
940 2860 986 2894 qui

203 2903 295 2935 procul
308 2901 388 2930 dubio
405 2902 519 2930 bitumen
533 2907 571 2931 est
588 2903 616 2931 in
638 2904 779 2933 visceribus
793 2909 872 2933 teme
895 2905 985 2933 multis

1037 2302 1173 2338 δεομένοις
1198 2302 1390 2337 πεποιημένον·
1411 2301 1482 2329 οὕτω
1506 2302 1553 2328 καὶ
1574 2302 1613 2336 τῷ
1638 2302 1830 2338 καθαρωτάτῳ-

1039 2348 1136 2383 ὲκείνῳ
1158 2348 1205 2375 καὶ
1223 2348 1371 2383 εἰλικρινεῖ,
1386 2348 1432 2374 καὶ
1455 2347 1529 2382 ἀῦλῳ
1553 2349 1633 2382 φωτὶ,
1660 2348 1750 2383 ὄχημα
1777 2348 1825 2374 νῦν

1037 2395 1061 2422 ot
1076 2395 1219 2430 φωστῆρες
1232 2394 1498 2430 κατεσκευάσθησαν.
1515 2394 1588 2422 Idem
1604 2394 1709 2422 videtur
1722 2395 1828 2422 sentire

1038 2441 1188 2476 Gregorius
1210 2440 1412 2474 Nalianlenus,
1432 2444 1459 2467 et
1485 2440 1542 2472 alii,
1566 2448 1636 2476 quos
1660 2447 1743 2476 supra
1765 2441 1824 2467 lau-

1037 2487 1173 2514 davimus.
1195 2485 1271 2514 Hanc
1287 2487 1410 2514 ultimam
1428 2488 1603 2518 sententiam.
1625 2486 1750 2522 quamvis
1772 2487 1823 2513 mi-

1038 2541 1097 2561 ram
1109 2541 1125 2561 a
1141 2533 1305 2569 quibusdam
1321 2534 1518 2565 existimatam,
1531 2538 1558 2561 et
1575 2541 1674 2560 novum
1691 2533 1820 2560 inducen-

1036 2585 1091 2608 tem
1106 2580 1268 2607 miraculum
1280 2579 1353 2614 quod
1365 2579 1477 2607 minime
1491 2579 1723 2607 admittendumin
1738 2579 1822 2606 histo-

1036 2627 1077 2654 ria
1093 2626 1241 2654 creationis
1253 2646 1261 2658 ,
1277 2630 1308 2653 ut
1323 2626 1418 2654 multis
1442 2626 1560 2657 videtur,
1578 2626 1605 2653 in
1631 2633 1679 2653 sua
1696 2626 1821 2654 doctrina

1037 2673 1074 2700 ita
1102 2672 1260 2700 defenderet
1287 2671 1465 2707 Palingenius
1496 2680 1529 2699 ex
1554 2672 1597 2699 sui
1621 2671 1731 2698 Zodiaci
1754 2672 1821 2699 Viue

1037 2719 1099 2747 libr.
1114 2725 1163 2751 xtl,
1174 2718 1212 2745 ait
1221 2718 1293 2745 enim
1313 2717 1396 2745 Deum
1413 2725 1462 2746 sua
1483 2718 1678 2752 omnipotentis
1689 2725 1720 2744 ac
1733 2719 1823 2744 scien.

1036 2767 1074 2794 tia
1088 2770 1163 2794 extra
1183 2765 1282 2792 ctelum
1298 2764 1376 2799 plura
1396 2769 1424 2792 et
1439 2765 1543 2799 majora
1560 2771 1677 2795 creasse,
1697 2764 1826 2798 quinimo

1036 2821 1098 2841 thm
1117 2812 1235 2848 potuerit

1186 2883 1221 2889 ——
1235 2867 1333 2894 Facere
1348 2868 1464 2901 infinita,
1479 2866 1625 2901 putandum
1641 2871 1679 2892 est

1090 2904 1197 2933 Fecisse
1211 2904 1316 2938 inﬁnita
1332 2911 1484 2939 omnemque
1497 2902 1615 2937 explesse
1626 2902 1751 2937 rigorem,
