2143 3163
221 181 270 211 85!

699 179 734 207 ut
746 170 940 207 susurru!
952 178 1193 207 HEXAEIIERON
1210 178 1326 208 nom.

1792 172 1846 200 863

221 242 277 272 τοις
288 241 328 272 si;
341 240 378 267 τὰ
400 240 559 276 ’Δρτεμεσια
574 238 698 265 εἱωηῦσι.
714 238 800 266 Τοῦτο
810 239 866 275 γὰρ
880 240 930 275 μὲν
944 239 1014 275 vstip-
1028 243 1050 270 Δ
1066 251 1067 271 ξ

1003 254 1014 260 -
1028 243 1050 270 Α
1066 246 1130 274 gere
1154 243 1183 267 et
1202 239 1326 266 roborari
1352 239 1502 267 cernimus.
1523 239 1678 268 Ludovicus
1700 239 1800 268 Fidelis
1812 241 1849 269 De

221 286 298 314 θολὸν
311 287 369 313 ἐστι
382 285 429 312 cui:
444 284 544 318 ἔξωθεν
555 284 627 320 ἔχειν
639 284 688 319 τὴν
699 284 814 320 σελήνην
828 285 858 311 τὸ
872 285 939 319 φῶς.

258 332 338 364 lbitl.,
354 332 403 359 lin.
416 331 464 358 ult.
484 329 543 365 Τῆς
553 330 667 365 ἡμέρας
681 331 800 364 ἐκείνης
815 331 892 366 μήτε
903 332 1010 365 οὔσης.

221 377 294 414 Lego
310 377 347 413 μὴ
358 377 499 412 nutatione.
519 377 587 412 μήτε
603 380 671 408 etc.,
687 377 719 403 ad
734 379 854 404 mentem
877 377 1009 408 auctoris.

221 423 269 458 qui
285 423 342 450 bac
360 423 415 450 duo
435 422 464 448 in
481 421 539 449 sole
559 420 754 451 consideravit.
777 420 869 448 lumen
885 424 914 449 et
936 422 1012 449 calo-

222 477 292 502 rem,
309 469 402 496 lumen
417 468 494 496 dedit
509 468 563 496 diei
575 487 583 500 ,
603 467 723 495 calorem
739 467 791 494 soli
809 476 816 493 :
831 471 859 494 et
881 467 944 495 ideo
965 467 1011 495 hic

222 516 261 543 ait
285 515 370 543 solem
389 518 496 541 tantum
513 514 548 542 ab
568 513 614 541 illa
634 514 679 540 die
693 521 782 548 neque
799 517 905 543 urente.
921 521 1011 550 neque

221 561 410 593 eslel'aciente,
425 561 473 589 sed
486 561 575 589 solum
588 560 759 587 illuminante
770 560 862 587 lumen
873 560 1009 596 accipere.

253 606 315 635 Col.
330 606 392 640 ⁸120,
408 607 456 635 lin.
469 606 496 634 2.
512 607 577 634 ὀτι
593 605 627 633 δὲ
641 605 676 632 ἐκ
692 606 788 640 πυρὸς
808 605 1008 640 συνέστηκεν.

221 653 324 682 Omnes
338 653 395 682 fere
412 658 519 682 veteres
539 652 697 688 philosophi
718 660 773 680 uno
788 660 837 680 ore
863 653 949 680 solem
965 660 1010 680 ca-

219 696 305 724 lidum
330 700 358 724 et
382 697 504 725 candens
527 697 592 732 quid
618 704 681 724 esse
702 697 881 729 aﬂirmarunt.
906 697 958 725 etsi
982 697 1010 724 in

219 742 312 770 calido
323 742 376 770 hoc
392 738 571 778 exprimendo
589 751 644 770 non
656 742 846 770 convenerint.
866 741 1010 777 Euripides

219 789 248 816 in
265 788 410 817 Phant'uis
426 791 516 825 ignem
536 790 642 817 vocavit
657 810 665 821 .

275 835 356 863 Ἥλιε
375 835 458 868 θοαῖς
477 836 616 863 ἵπποισιν
630 836 776 863 εἱλίσσων
783 834 894 870 φλόγα,

272 887 300 910 et
312 883 341 909 in
357 882 503 909 Phaetonte
514 904 522 916 ,
748 900 758 916 ι

273 937 370 973 θερμὴ
390 937 425 964 δὲ
437 937 567 972 ἄνακτος

273 984 354 1016 ολὸξ
364 984 595 1018 ῠπερτέλλουσα
606 984 670 1020 τῆς.

256 1029 441 1065 Anaxagoras.
456 1034 483 1057 et
491 1029 660 1058 Democritus
670 1030 782 1063 ferrum.
789 1031 832 1058 vel
839 1037 935 1058 saxum
943 1037 1011 1057 cau-

218 1075 304 1110 dens;
321 1075 498 1104 Parmenides
511 1077 597 1104 solem
613 1077 741 1104 etlunam
755 1077 791 1105 de
799 1077 905 1104 circulo
920 1076 1009 1104 lacteo

218 1123 305 1151 voluit
317 1123 438 1155 cxcerni,
445 1123 521 1150 illum
537 1123 647 1158 quidem
653 1131 668 1150 a
676 1123 781 1151 rariore
788 1123 869 1150 calidi
881 1123 1006 1155 mistura,

219 1170 292 1197 banc
305 1176 321 1196 a
335 1169 464 1197 densiore
478 1169 571 1205 frigidi
581 1178 588 1204 ;
598 1169 784 1205 Xenophanes
792 1169 827 1197 de
836 1169 957 1196 nubibus
966 1170 1008 1196 in-

219 1216 311 1245 censis
325 1220 415 1244 ortum
438 1217 524 1245 solem
550 1221 679 1252 pntat.et'
693 1217 829 1245 defectum
841 1216 939 1245 iisdem
961 1224 1009 1244 es—

220 1261 326 1289 stinctis
334 1262 452 1293 evenire,
463 1265 489 1289 et
499 1262 581 1289 alium
590 1270 688 1290 rursus
696 1263 763 1290 oriri
773 1272 782 1296 ;
790 1262 1006 1297 Theophrastus,

219 1306 341 1342 physicis
357 1307 485 1342 igniculis
497 1307 530 1334 de
546 1307 657 1334 humida
671 1307 845 1335 exhalatione
859 1306 1005 1342 componi;

219 1353 415 1380 Anaximandri
437 1357 465 1380 et
487 1353 602 1380 aliorum
620 1353 765 1389 opiniones
780 1353 844 1380 vide
860 1353 932 1388 apud
945 1351 1008 1380 Sto-

219 1398 308 1425 baum
323 1397 351 1424 in
374 1397 482 1432 Eclogis
495 1398 622 1433 physicis,
635 1405 695 1433 pag.
713 1398 766 1431 55;
781 1401 809 1426 et
826 1397 922 1426 Patres
932 1397 1007 1424 anti-

219 1443 279 1478 qui.
298 1441 429 1474 Basilius,
452 1443 527 1469 hom.
539 1443 571 1477 6;
588 1442 761 1479 Augustinus
774 1443 898 1479 pluribus
923 1443 952 1470 in
966 1443 1007 1470 lo-

219 1489 278 1521 cis;
309 1487 472 1516 Ambrosius
492 1488 540 1515 lib.
556 1496 586 1516 ll.
603 1488 731 1515 Hexaem.
751 1493 779 1516 et
792 1489 849 1516 alii.
865 1488 898 1516 Et
920 1497 952 1516 ex
969 1496 1009 1517 re-

219 1534 400 1566 centioribus.
417 1533 495 1569 nugo
509 1533 543 1562 de
558 1533 587 1562 S.
609 1533 718 1562 Victore
742 1535 839 1562 Adnot.
857 1535 885 1562 in
901 1533 984 1562 Cenes
998 1555 1007 1568 ,

1065 284 1159 312 mundi
1172 290 1268 312 struet.
1287 285 1336 313 lib.
1352 293 1380 317 ν,
1397 293 1460 320 cap.
1476 286 1504 317 5.
1518 286 1697 321 quaestionem
1711 285 1745 313 de
1760 286 1851 314 calore

1063 330 1132 358 solis
1153 332 1296 366 proponit,
1311 335 1343 359 et
1356 332 1392 359 ad
1414 336 1533 359 mentem
1559 332 1647 359 nostri
1669 332 1791 359 auctoris
1813 332 1851 360 ita

1062 377 1189 404 dissolvit
1203 386 1210 405 :
1227 377 1322 404 Verum
1339 377 1393 410 hic.
1408 378 1509 413 inquit,
1524 378 1644 405 nonnihil
1656 378 1795 405 δυσαήων
1802 386 1852 404 an-

1062 425 1183 456 xietatis.
1201 433 1237 452 an
1254 425 1306 452 soli
1326 430 1466 459 perpetuus
1484 425 1583 452 Intereat
1599 425 1686 457 calor,
1704 433 1741 452 an
1763 425 1852 453 calore

1062 478 1172 505 prorsus
1195 472 1230 499 sit
1249 471 1393 499 destitutus
1403 473 1417 499 .’
1428 471 1508 499 Circa
1529 471 1557 499 id
1571 473 1645 499 saria
1661 472 1853 507 circumferun-

1063 522 1108 544 tur
1118 525 1214 549 sensa;
1229 517 1295 544 nihil
1309 523 1397 544 tamen
1420 518 1537 544 alienum
1552 526 1569 545 a
1582 519 1691 546 ueritate
1711 519 1852 547 existima-

1062 562 1154 594 serim,
1167 563 1192 589 si
1208 566 1237 588 ut
1250 562 1302 589 soli
1311 562 1436 596 splendor
1453 570 1556 596 semper
1578 563 1691 596 haerens,
1713 564 1794 591 etiam
1807 565 1847 591 in-

1063 613 1153 635 ternus
1177 608 1312 635 tribuatur
1329 609 1403 634 calor
1413 616 1423 635 :
1437 609 1492 643 qui.
1507 609 1711 644 circumquaque
1735 609 1851 644 dimisus

1061 653 1117 680 han:
1132 653 1275 688 calefaciat
1290 653 1430 687 inferiora.
1445 652 1514 680 Hinc
1522 659 1622 688 quanto
1635 654 1743 688 propius
1758 654 1792 681 ad
1803 663 1852 682 nos

1061 698 1164 726 accedit
1180 699 1232 730 sol,
1245 703 1271 725 et
1283 704 1375 726 nostra
1394 698 1482 726 senilh
1503 699 1615 726 vicinior
1637 704 1757 734 apparet,
1777 704 1852 728 tanto

1060 743 1136 771 illius
1151 744 1290 776 intensior,
1312 749 1338 771 et
1358 752 1410 778 quo
1424 745 1551 771 remotior
1564 753 1580 771 a
1592 744 1684 777 nobis,
1696 753 1727 773 so
1740 745 1853 773 debilior

1060 790 1225 824 percipiatur
1238 789 1323 817 calor.
1343 788 1378 816 Et
1389 790 1499 824 proinde
1518 790 1564 825 qui
1583 798 1656 817 sonte
1670 789 1781 818 subsunt
1796 795 1853 818 tor-

1060 836 1126 862 rida-
1134 835 1317 863 nehementiori
1331 840 1480 862 exuruntur
1491 841 1569 867 testu,
1586 836 1657 871 quod
1671 835 1725 863 illis
1740 835 1775 863 sit
1786 835 1852 864 solis

1059 881 1286 916 perpendiculart's
1303 881 1390 913 calor,
1401 886 1427 909 et
1438 883 1484 917 qui
1503 883 1598 909 absunt
1619 882 1734 917 longius,
1754 882 1853 917 majori

1027 921 1048 948 Β
1061 925 1147 959 rigent
1162 924 1273 959 frigore.
1295 924 1367 951 Hinc
1382 925 1424 959 ﬁt,
1440 929 1470 951 ut
1484 925 1529 960 qui
1548 924 1596 951 sub
1610 924 1671 959 polo
1682 925 1793 956 arctico,
1812 924 1853 951 uel

1062 970 1211 996 antarctico
1223 968 1337 996 resident
1345 970 1487 996 immensis
1500 969 1648 1005 algoribus.
1663 970 1730 996 sicut
1748 970 1795 1003 qui
1803 969 1852 998 sub

1062 1023 1130 1042 sono
1136 1015 1237 1042 torrida
1245 1016 1375 1042 continuis
1383 1015 1538 1051 subjaceant
1550 1015 1702 1043 ardoribus.
1716 1013 1758 1042 "it
1768 1016 1852 1043 etiam

1062 1066 1091 1087 ut
1106 1061 1161 1088 sole
1180 1061 1343 1088 horizontem
1365 1066 1486 1088 nostrum
1498 1066 1642 1096 occupante
1656 1069 1702 1089 aer
1710 1061 1849 1097 fervidior,

1061 1112 1086 1134 et
1102 1106 1255 1135 abscedente
1266 1107 1379 1142 rigidior
1392 1107 1612 1142 deprehendatur.

1097 1151 1178 1184 lbid.,
1193 1153 1242 1179 lin.
1257 1152 1282 1179 4.
1305 1152 1361 1178 Τοῦ
1378 1151 1560 1186 διαχωρίζειν
1572 1152 1632 1179 ἀνὰ
1644 1153 1752 1187 μέσον.
1771 1152 1850 1180 Basi-

1061 1199 1126 1231 lius,
1139 1198 1213 1225 hom.
1226 1198 1253 1230 6.
1269 1198 1327 1225 Νῦν
1342 1198 1371 1225 δὲ
1384 1198 1461 1234 ἣλιον
1475 1197 1590 1230 ἐπέταξε
1604 1200 1661 1230 τοῖς
1678 1198 1788 1234 μέτροις
1800 1198 1852 1233 τῆς

1061 1244 1176 1280 ἡμέρας,
1188 1245 1235 1271 καὶ
1251 1245 1377 1280 σελήνην,
1386 1245 1450 1271 ὅταν
1462 1245 1527 1271 ποτὲ
1537 1244 1607 1280 πρὸς
1619 1244 1665 1271 τὸν
1678 1244 1743 1271 ἰδιον
1753 1243 1852 1271 κύκλον

1061 1291 1228 1327 ἀπαρτισθῇ,
1242 1292 1363 1327 ἀρχηγὸν
1385 1291 1497 1327 ἐποίησε
1515 1291 1564 1327 τῆς
1582 1291 1689 1323 νυκτός.
1706 1291 1850 1319 Constant.

1060 1336 1134 1365 Man.
1151 1337 1178 1364 in
1195 1336 1295 1364 Annal.

1061 1383 1145 1410 Οὕτω
1158 1381 1217 1416 μὲν
1229 1380 1286 1410 οὖν
1299 1381 1434 1410 τετέλετο
1452 1382 1489 1409 τὰ
1504 1382 1578 1408 κατὰ
1594 1381 1665 1414 τοὺς
1685 1381 1816 1416 ἀστέρας

1060 1418 1115 1445 Kal
1129 1416 1252 1444 τέτακτο
1268 1417 1328 1451 μὲν
1341 1417 1428 1450 ἥλιος
1439 1417 1538 1451 ἀστὴρ
1556 1416 1763 1451 ήμερωιράτωρ
1773 1426 1780 1432 ·

1064 1453 1100 1479 Τὸ
1121 1451 1156 1478 δὲ
1167 1451 1302 1485 σελήνης
1310 1451 1470 1487 ,βλέφαρον
1483 1453 1656 1486 ἐκύρσευσε
1673 1452 1730 1485 τὴν
1745 1452 1850 1480 νύκτα.

1096 1501 1177 1534 lbid.,
1195 1502 1243 1529 lin.
1259 1501 1286 1529 ’1.
1303 1502 1391 1528 Ἔστι
1406 1501 1442 1528 δὲ
1452 1501 1472 1535 ἠ
1488 1501 1547 1533 νὺξ
1562 1502 1708 1536 σκίασμα.
1720 1500 1851 1533 Basilius,

1060 1547 1135 1575 hom.
1149 1547 1177 1580 6,
1192 1541 1248 1574 Kal
1258 1548 1276 1582 ἡ
1286 1547 1333 1580 νὺξ
1347 1547 1394 1573 ἰπὶ
1406 1546 1437 1573 τὸ
1454 1547 1574 1574 ἐναντιον
1588 1548 1648 1578 ταῖς
1662 1546 1769 1574 ἀκτῖσιν
1784 1547 1852 1574 ὑπο-

220 1588 283 1615 αψ.
299 1579 334 1612 6.
348 1580 451 1630 solum,
469 1579 568 1615 inquit,
589 1580 682 1630 solem.
694 1579 949 1630 propriam-habere
966 1580 1007 1607 lu-
1022 1601 1044 1630 ο
1060 1603 1066 1629 Ῑ

1005 1595 1007 1600 ’
1022 1601 1044 1630 ο
1060 1595 1154 1629 χωρεῖ,
1170 1579 1252 1620 γοὺδὲν
1372 1591 1439 1619 οὖσα
1451 1592 1522 1619 κατὰ
1531 1593 1581 1627 τὴν
1593 1592 1674 1626 φύσιν
1695 1592 1713 1627 ἢ
1729 1585 1851 1627 σκίασμᾴ

219 1634 291 1659 cem.
306 1630 333 1655 et
347 1627 438 1662 ipsum
459 1634 492 1654 ex
511 1627 573 1662 igne
588 1633 650 1654 esse
670 1625 783 1658 factum.
806 1626 928 1661 reliquas
942 1633 1008 1654 vero

219 1673 314 1700 stellas
334 1681 368 1700 ex
390 1680 470 1700 aerea
497 1673 613 1700 materia
643 1672 765 1700 relucere
794 1672 897 1708 potius,
925 1679 1007 1708 quam

220 1718 322 1746 lucere.
346 1716 438 1746 Solem
460 1722 563 1750 tamen,
587 1718 660 1746 sicut
684 1721 711 1745 et
733 1723 832 1745 cetera
853 1722 928 1745 astra
952 1726 1008 1746 non

219 1771 282 1792 esse
296 1763 406 1796 calidas,
421 1771 473 1791 nec
488 1764 574 1799 ignea
586 1767 692 1791 natura:
710 1764 790 1791 multi
804 1763 944 1796 doctores,
962 1772 1008 1791 va-

219 1810 365 1838 lidissimis
382 1810 535 1838 rationibus
552 1809 730 1838 concludunt.
758 1809 805 1837 Sol
821 1810 894 1838 enim
915 1810 1006 1838 incor-

220 1855 361 1891 ruptibilis
375 1858 429 1887 est,
450 1862 501 1883 nec
520 1855 642 1882 admittit
659 1855 807 1890 qualitates
821 1856 1006 1891 corruptius.

221 1902 291 1929 tales
312 1904 378 1928 sunt
389 1901 464 1934 calor
478 1904 505 1929 et
519 1900 615 1937 frigus.
631 1901 711 1930 Astra
738 1907 766 1929 et
780 1902 821 1930 sol
836 1910 888 1930 nec
910 1906 1010 1937 prater

221 1951 361 1979 natm-am.
374 1954 426 1975 nec
442 1947 577 1976 violenter
589 1952 734 1975 moventur
749 1957 756 1975 :
774 1948 847 1983 quod
867 1948 892 1976 si
916 1952 1009 1976 essent

220 1994 300 2030 ignea
313 1993 338 2021 id
351 1993 581 2029 accideret,iguis
593 1994 665 2021 enim
681 2002 792 2022 sursum
813 1998 948 2022 movetur.
963 1993 1009 2025 Sic

220 2041 302 2068 etiam
332 2039 437 2067 nullum
465 2043 540 2068 esset
571 2047 697 2067 securum
723 2043 751 2067 et
784 2043 891 2072 tutum,
916 2040 1008 2068 omnia

221 2086 295 2114 enim
312 2090 450 2114 astrorum
469 2085 517 2113 illo
536 2085 599 2121 igne
622 2085 851 2121 conﬂagrassent,
875 2094 937 2114 cum
954 2094 1008 2114 non

222 2140 271 2168 per
287 2133 377 2172 lucem
393 2132 481 2160 solum
495 2131 543 2159 sed
563 2131 644 2160 etiam
663 2139 711 2166 per
725 2132 857 2164 calorem,
873 2132 1008 2160 calefacev

221 2181 284 2206 rent
301 2183 328 2205 et
343 2181 489 2206 torrerent.
506 2177 635 2206 Dicamus
652 2178 746 2213 igitur,
757 2178 876 2206 solarem
889 2180 1008 2206 calorem

222 2223 291 2252 nihil
308 2224 383 2251 aliud
398 2232 460 2252 esse
479 2231 562 2260 quam
579 2224 698 2252 calorem
713 2224 793 2260 ignis,
811 2217 880 2253 solis
893 2224 1007 2260 fulgore.

1059 1640 1122 1675 γῆς.
1146 1639 1190 1671 Ὧς
1207 1638 1262 1675 γὰρ
1274 1639 1304 1665 ἐν
1317 1639 1411 1674 ἡμέρᾳ
1426 1639 1443 1674 ή
1456 1638 1521 1664 σκιὰ
1528 1637 1567 1673 τῷ
1581 1637 1789 1673 ἀντιφράσσοντι
1801 1637 1851 1673 τὴν

1058 1686 1147 1720 αὐγὴν
1173 1685 1387 1720 Μρυφισταται,
1403 1683 1490 1715 οὓτως
1504 1684 1521 1718 ἡ
1541 1682 1599 1715 νὺξ,
1610 1682 1787 1718 σκιαζομένῳ
1803 1682 1852 1710 τοῦ

1059 1732 1124 1767 περὶ
1137 1731 1189 1766 γῆν
1205 1730 1298 1766 ἀέρος,
1314 1728 1491 1756 συνίστασθαι
1507 1728 1642 1763 πέφυκεν.
1671 1727 1777 1755 Plinius
1790 1728 1808 1754 l.
1819 1735 1850 1756 tt.

1058 1784 1119 1812 cap.
1135 1777 1178 1808 l0,
1195 1775 1280 1803 Terra
1296 1777 1423 1803 subeunte
1441 1775 1594 1810 repentinas
1610 1773 1704 1800 obduci
1718 1773 1851 1805 tenebras,

1058 1828 1215 1856 rursumque
1229 1820 1304 1848 illius
1320 1821 1416 1847 umbra
1430 1820 1505 1848 sidus
1522 1819 1651 1846 hebetari.
1669 1818 1760 1854 Neque
1776 1818 1850 1845 aliud

1058 1873 1115 1893 esse
1134 1869 1236 1892 noctem
1257 1873 1337 1900 quam
1360 1870 1438 1893 tersae
1463 1864 1597 1892 umbram.
1613 1862 1797 1899 'Palingenius
1821 1863 1850 1891 in

1059 1911 1176 1939 Zodiaco
1187 1912 1258 1944 vita,
1272 1911 1320 1939 lib.
1334 1919 1365 1939 ιι.

1169 1972 1205 1978 -
1220 1958 1273 1985 Sed
1285 1964 1338 1984 no:
1354 1957 1465 1984 adversa
1478 1957 1504 1984 in
1520 1961 1596 1991 parte
1610 1960 1727 1987 creatur,

1060 1991 1162 2027 Quippe
1172 1992 1247 2019 aliud
1253 2000 1306 2019 non
1314 1997 1352 2019 est
1363 2000 1441 2028 quam
1448 1990 1526 2019 terra
1535 1996 1612 2027 atque
1621 1992 1734 2026 aequoris
1746 1990 1849 2017 umbra.

1094 2036 1175 2070 lbid..
1191 2038 1240 2065 lin.
1257 2038 1301 2065 ll.
1314 2038 1369 2065 Kal
1384 2037 1470 2072 ὁμὲν
1484 2037 1571 2071 ἥλιος
1593 2036 1706 2071 ὥσπερ.
1727 2035 1765 2063 De
1783 2035 1850 2068 solis

1060 2082 1231 2116 praestantia,
1252 2082 1403 2117 dignitate.
1427 2082 1454 2108 vi
1480 2080 1655 2112 admiranda,
1679 2085 1706 2108 et
1729 2081 1850 2115 potentis

1061 2128 1211 2164 Dionysius
1227 2128 1393 2163 Areopagita
1411 2127 1449 2154 De
1462 2127 1545 2154 divin.
1560 2126 1722 2158 nominibus.
1736 2133 1797 2161 cap.
1814 2125 1850 2158 ις

1059 2174 1186 2203 Julianus
1198 2174 1339 2209 Apostata,
1349 2172 1486 2208 Orpheus,
1498 2172 1623 2204 Proclus,
1635 2171 1746 2207 Lycius.
1755 2171 1849 2205 bymn.

1061 2221 1089 2248 in
1114 2221 1215 2254 solem,
1237 2219 1344 2248 Plinius
1363 2219 1402 2246 lib
1432 2227 1464 2250 ιι,
1485 2226 1546 2254 cap.
1573 2217 1602 2251 6,
1621 2217 1824 2252 elegantissime
1842 2223 1850 2242 τ

222 2274 277 2306 quo
288 2270 449 2297 naturaliter
461 2269 935 2306 trahatur,modiﬁcatum.Namque
944 2278 1007 2298 cum
1025 2269 1045 2297 υ
1061 2268 1162 2295 Eorum
1179 2266 1281 2294 medius
1288 2266 1329 2293 sol
1337 2265 1434 2300 fertur,
1452 2265 1617 2299 amplissima
1626 2262 1806 2299 magnitudine
1819 2270 1850 2289 ae

224 2315 294 2342 inter
309 2314 480 2342 alimentaria
497 2321 616 2350 corpora
634 2315 743 2350 igneum
761 2314 850 2342 solum
867 2314 1008 2341 ctelestem

221 2361 345 2388 imitatur
368 2360 513 2396 fulgorem,
535 2361 626 2395 ipsum
643 2368 709 2387 vero
730 2360 768 2386 ita
789 2363 820 2387 ut
832 2358 945 2394 plurimi
963 2366 1007 2386 ve-

221 2412 311 2435 terum
328 2406 564 2442 pliilosophorum,
580 2406 616 2434 ob
631 2413 691 2433 eam
711 2404 918 2433 similitudinem
935 2408 1010 2432 astra

221 2455 299 2489 ignea
315 2460 378 2480 esse
394 2452 528 2487 suspicati
553 2451 609 2480 sint
619 2471 628 2483 ,
643 2450 671 2478 lit
687 2451 765 2478 valde
782 2454 1008 2481 consentaneum.

221 2504 252 2526 ut
268 2498 459 2527 similitudinis
484 2498 559 2525 illius
582 2505 667 2526 causa
693 2497 772 2524 facile
788 2496 914 2523 trahatur
938 2495 1010 2530 ignis

222 2545 328 2573 (scelesti
353 2544 467 2578 lumine,
492 2544 566 2579 quod
592 2545 674 2571 etiam
703 2543 848 2578 vestigium
872 2541 1009 2577 quoddam

223 2590 375 2618 divinitatis
388 2590 449 2625 ejus
464 2591 589 2625 corporis
605 2593 658 2617 est.
672 2588 700 2616 Si
719 2588 797 2624 plura
814 2588 904 2624 cupis,
920 2587 1010 2615 adesis

222 2635 401 2663 Franciscum
419 2635 555 2663 Valesium
569 2635 609 2662 De
619 2643 699 2662 sacra
717 2633 892 2669 philosophia.
906 2641 966 2668 cap.
984 2633 1008 2660 l.

222 2681 345 2717 Denique
360 2681 498 2710 sententia
518 2685 562 2709 est
584 2681 844 2717 Peripateticorum,
867 2681 950 2708 solem
964 2687 1011 2714 per

223 2730 314 2757 lumen
332 2727 421 2756 facere
435 2731 491 2754 tam
505 2728 636 2760 calorem.
659 2730 715 2754 tam
735 2727 833 2762 frigus,
848 2725 956 2753 diversa
969 2728 1012 2751 ta-

224 2783 287 2802 men
306 2775 426 2807 ratione,
444 2774 521 2803 illom
535 2774 646 2809 quidem
664 2782 713 2809 per
732 2781 771 2806 se,
789 2773 841 2800 hoc
858 2776 950 2800 autem
964 2780 1011 2807 per

224 2821 368 2854 accidens;
386 2828 450 2848 nam
475 2820 620 2854 prasentia
643 2820 757 2848 luminis
784 2819 850 2847 facit
878 2819 1010 2850 calorem.

225 2867 348 2895 absentia
376 2874 440 2895 vero
459 2867 633 2903 friguszquo
655 2866 729 2893 enim
751 2866 843 2893 lumen
866 2865 944 2897 solis,
966 2868 1012 2891 aut

231 2913 405 2942 nnllomodn
433 2917 479 2938 a-It
496 2913 615 2941 tenuiter
631 2911 769 2948 pertingit,
788 2911 855 2939 inibi
871 2910 963 2947 frigus
974 2910 1012 2937 ri-

1058 2318 1187 2349 potestate
1199 2321 1208 2340 :
1220 2321 1266 2340 nec
1275 2318 1420 2347 temporum
1431 2310 1518 2344 modo.
1529 2316 1719 2345 terrarumque.
1728 2309 1774 2335 sed
1780 2308 1850 2336 side-

1059 2368 1118 2386 rum
1129 2360 1209 2386 etiam
1224 2360 1342 2393 ipsorum
1360 2357 1468 2392 uelit/Ite
1488 2361 1585 2384 rector.
1599 2355 1677 2382 Hunc
1686 2354 1779 2382 mundi
1794 2362 1851 2382 esse

1060 2406 1140 2433 totius
1158 2405 1287 2436 animum,
1305 2413 1336 2431 ac
1350 2403 1457 2439 planius
1478 2407 1588 2428 mentem
1601 2409 1611 2427 :
1627 2400 1695 2427 hunc
1704 2399 1851 2435 principale

1061 2455 1166 2478 natura
1180 2451 1295 2485 regimen
1318 2457 1350 2477 ac
1363 2457 1459 2476 numen
1474 2447 1579 2475 credere
1592 2448 1676 2478 decet,
1697 2453 1776 2480 opera
1792 2447 1849 2480 ejus

1062 2498 1236 2525 a'stimantes.
1265 2496 1317 2523 llic
1338 2496 1422 2523 lucem
1452 2494 1528 2522 rebus
1554 2494 1688 2520 ministrat
1714 2492 1849 2527 aufertque

1061 2545 1197 2576 tenebras;
1208 2543 1249 2571 his
1268 2544 1370 2579 reliqua
1384 2542 1473 2569 sidera
1489 2541 1603 2568 occultat
1618 2548 1627 2567 :
1643 2540 1685 2566 hic
1703 2540 1770 2567 uices
1785 2543 1850 2566 tem-

1059 2598 1153 2625 parum
1170 2598 1319 2624 annumque
1332 2596 1433 2623 semper
1447 2591 1624 2615 renascentem
1638 2594 1670 2612 ιε
1683 2594 1733 2612 πίω
1746 2591 1850 2612 natura!

1062 2639 1204 2670 temperat;
1229 2634 1271 2660 hic
1286 2634 1345 2660 caeli
1367 2633 1506 2660 tristitiam
1530 2631 1650 2663 discutit,
1668 2635 1747 2665 atque
1767 2630 1849 2657 etiam

1061 2680 1171 2707 lmmani
1188 2679 1280 2706 nubila
1301 2679 1383 2706 animi
1398 2682 1520 2707 serenat;
1541 2677 1583 2703 hic
1601 2684 1679 2703 suum
1699 2676 1784 2702 lumen
1798 2683 1850 2702 cte-

1062 2726 1126 2753 teris
1144 2734 1245 2761 quoque
1261 2724 1392 2752 sideribus
1407 2724 1530 2759 (atterat.
1549 2722 1711 2754 Prtrelarus,
1724 2721 1847 2751 eximius,

1061 2773 1152 2799 omnia
1173 2772 1288 2802 intuens,
1310 2770 1399 2798 omnia
1417 2771 1498 2797 etiam
1519 2768 1675 2799 exaudiens,
1694 2772 1723 2793 ut
1736 2766 1849 2801 principi

1063 2819 1215 2845 litterarum
1240 2813 1356 2845 lloniero
1380 2816 1510 2850 placuisse
1530 2816 1558 2843 in
1583 2823 1636 2841 uno
1661 2822 1691 2841 eo
1707 2813 1790 2840 video.
1811 2812 1849 2840 Dc

1062 2865 1129 2892 solis
1154 2863 1286 2891 encomiis
1315 2863 1373 2897 lege
1400 2861 1577 2889 Plutarchum
1602 2860 1647 2888 l’rb.
1668 2859 1710 2886 De
1727 2859 1848 2889 ἀοι-[νίκη

1062 2910 1227 2941 principum;
1244 2909 1410 2937 Macrubium
1428 2916 1434 2935 I
1449 2906 1631 2935 Saturnalia»:
1644 2914 1650 2919 '
1673 2904 1852 2932 Ambrosium
