2143 3163
185 181 239 212 873

697 181 730 210 ΙΝ
750 180 937 211 EUSTATHII
952 181 1192 212 ΙΙΕΧΛΕΜΕΒΟΝ
1212 184 1326 213 NOTAE.

1765 191 1816 220 ετι

186 245 241 275 qua
252 238 334 266 aliam
351 238 524 275 superﬁciem
540 238 724 268 disertissime
736 239 860 275 disputat
875 239 976 267 Strabo
991 245 1013 271 Α
1030 241 1164 269 volantem
1189 242 1266 278 sequi
1298 250 1352 270 non
1380 244 1497 278 possint,
1527 245 1617 274 ﬂuxus
1649 247 1758 281 quidem
1788 251 1817 276 tit

187 283 237 314 lib.
253 292 272 313 ι.
293 284 415 314 Consule
428 289 561 321 praeterea
583 285 761 316 Laurentium
774 285 924 315 Corvinum
945 286 975 312 in

185 337 236 359 sua
246 330 403 367 Geograpb.,
415 338 441 359 c.
457 330 506 366 il;
520 330 652 360 Joannem
670 331 848 360 Franciscum
867 330 974 364 Picum,

185 377 227 405 Ι.ι
252 376 291 404 De
324 377 446 405 examine
467 378 565 410 sonit"
590 385 616 406 c.
641 377 692 411 ης
711 378 845 406 Joannem
867 377 972 409 Picum.

184 421 232 450 lib.
250 430 280 450 ιιι
295 422 396 450 Contra
416 423 530 456 Astrol.,
553 430 614 460 cap.
637 424 688 457 l5;
704 422 852 458 FicinumL
863 431 925 459 cap.
946 423 973 456 6,

183 467 219 496 ad
233 467 332 496 Plotia.
348 468 396 497 lib.
415 476 462 501 ιιι,
478 467 600 496 Bnnead.
611 469 644 503 2;
671 469 868 500 Contareuum,
890 469 938 496 lib.
953 475 972 494 ιι

181 513 223 542 De
233 514 386 546 elementis;
401 518 429 543 et
444 509 578 543 Levium
594 515 738 544 Lemnium
750 514 789 542 De
799 514 895 542 occult.
914 519 972 542 nat.

1029 285 1130 314 Oceani
1145 288 1198 315 sub
1212 288 1317 316 torrida
1336 289 1364 316 in
1375 290 1557 325 occidentem,
1576 293 1667 328 quoad
1692 294 1818 330 impingit

1029 331 1063 359 ad
1074 334 1212 361 contraria
1236 334 1339 367 littora,
1360 341 1546 372 curvaturque
1566 339 1601 366 ab
1616 339 1650 367 iis
1667 350 1674 366 .-
1688 339 1818 368 dissolvi-

1029 383 1073 406 tur
1088 386 1153 407 νει-ο
1171 379 1297 408 discessu
1316 381 1387 409 luna:
1408 382 1553 411 concilium
1573 391 1719 420 aquarum,
1741 387 1815 421 quod

1026 428 1068 451 est
1083 424 1111 451 in
1128 424 1227 453 itinere
1242 434 1340 454 versus
1361 426 1505 460 torridam,
1524 436 1584 464 qua:
1599 429 1714 458 deserta
1727 438 1743 459 a
1760 437 1816 459 tra-

1026 474 1071 497 ctu
1085 471 1133 506 qui
1156 472 1217 499 illas
1231 472 1382 505 exciverat,
1410 474 1512 509 impetu
1536 480 1626 512 capto,
1647 482 1761 511 remeat,
1786 483 1814 506 et

1025 518 1141 544 assultat
1166 518 1200 546 ad
1225 519 1318 546 littora
1340 527 1408 554 sua;
1427 526 1456 548 et
1476 520 1520 549 hic
1537 521 1655 557 impetus
1670 527 1713 551 est
1741 524 1813 552 alius

181 559 290 604 miram,
311 559 360 587 lib.
382 568 413 593 tt,
428 567 489 597 cap.
507 561 554 594 il,
576 561 657 597 cujus
672 561 769 595 verba,
785 561 850 596 quia
865 563 974 588 contro—
1024 566 1171 596 generatus
1182 571 1230 598 per
1250 564 1404 593 absentiam
1420 565 1504 597 luna.
1520 565 1610 594 donec
1628 568 1687 604 ipsa
1702 569 1812 597 rediens

180 603 278 632 veniae
299 604 383 640 hujus
401 605 506 633 nodum
527 606 648 635 dilucide
664 606 824 642 expediunt,
840 609 868 634 et
889 613 971 633 omne

179 648 295 678 dubium
317 655 454 684 amovent,
475 651 621 688 lucemque
643 652 762 681 aﬂ‘eruut
785 651 903 685 auctori,
924 651 970 679 hic

179 693 337 723 describere
353 703 408 723 non
431 698 568 732 gravabor
585 706 592 724 :
614 696 714 732 lngua
725 705 800 729 sane,
823 696 924 732 inquit,
943 701 970 724 et

179 739 250 775 lunas
269 748 359 776 opera,
374 741 401 769 in
417 749 506 769 rerum
521 742 620 771 natura
638 747 765 779 appath
781 751 790 770 :
804 750 892 770 omni
905 743 969 770 solis

177 785 313 822 alectibus
323 788 481 822 posteriora.
494 786 566 817 Solis
576 790 646 817 enim
657 789 782 824 beneﬁcio
796 789 845 816 illa
858 788 967 823 fruitur,

178 833 314 869 lucequ
327 834 360 861 ab
374 834 421 862 illo
440 836 564 870 sortitur,
581 837 621 864 sic
634 840 664 863 ut
680 840 755 863 tanta
767 835 841 863 illius
855 842 919 869 pars
933 835 969 862 il-

176 877 316 912 lustretur,
333 884 459 915 quantam
469 881 511 908 sol
524 889 573 908 suo
583 871 721 915 sprendore
732 880 864 913 irradiot;
878 879 967 915 deficit

176 929 265 952 autem
283 924 400 961 lucisque
413 933 505 961 ezpers
519 926 650 961 redditur,
667 926 715 954 ubi
728 931 806 954 terra
819 927 966 954 interuentu
980 919 1005 951 Β

176 968 224 998 ista:
234 970 278 998 illi
291 971 468 1007 intercipitur.
486 972 560 1001 Tunc
573 972 663 1001 autem
674 973 810 1008 potissime
821 974 849 1000 in
861 977 966 1001 terrena

159 1011 162 1014 ’
175 1017 243 1045 uires
259 1024 323 1044 suas
332 1017 459 1054 explicat,
477 1026 537 1046 cum
552 1018 592 1046 sel
606 1019 658 1046 soli
672 1026 705 1046 ea:
721 1018 831 1046 aduerso
845 1018 965 1052 opposita

174 1063 309 1099 impletur,
328 1069 407 1101 atque
427 1065 577 1103 orbiculata
597 1066 716 1101 elicitur,
734 1066 772 1093 uel
788 1064 833 1091 ubi
850 1065 964 1098 primum

174 1109 217 1138 illi
231 1111 412 1147 eonjungitur.
434 1111 485 1138 llis
498 1111 568 1139 enim
580 1112 685 1139 dierum
704 1112 800 1146 spatiis
820 1115 964 1146 augescunt

172 1160 290 1192 segetes,
308 1156 439 1185 concltllia
458 1162 621 1193 turgescunt,
637 1165 708 1184 vente
727 1157 865 1192 sanguine,
887 1164 962 1182 ossa-

172 1209 222 1238 quc
232 1201 356 1231 medullis
370 1203 523 1239 implentur.
536 1203 594 1237 Quo
606 1204 637 1239 fit
649 1208 678 1231 ut
688 1203 842 1230 concubitus
855 1203 889 1230 iis
902 1207 965 1229 tem-

171 1247 281 1283 poribus
302 1248 389 1276 minus
408 1249 515 1284 oﬁciat.
541 1248 577 1275 Et
596 1249 721 1284 quoniam
745 1249 835 1276 omnia
853 1247 963 1275 Itumore

171 1292 278 1327 imbuit,
294 1294 325 1329 ﬁt
341 1299 371 1322 ut
385 1303 478 1322 carnes
489 1294 574 1322 radiis
587 1295 661 1322 illius
674 1295 802 1330 exposita!
814 1294 960 1326 tabescunt,

170 1343 251 1376 atque
261 1340 379 1368 homines
395 1349 488 1368 somno
504 1341 613 1376 uinoque
628 1342 719 1377 sopiti,
742 1341 871 1377 pallorem
887 1341 962 1376 capi-

171 1387 256 1422 tisque
276 1387 443 1422 gravedinem
462 1387 638 1420 contrahant,
659 1397 691 1416 ac
713 1388 805 1417 morbo
831 1389 963 1416 comitiali

171 1433 321 1468 eliciuntur
335 1441 345 1460 :
356 1434 461 1461 relaut
483 1435 553 1462 enim
576 1443 678 1468 nervos,
700 1443 731 1461 ac
749 1435 883 1462 cerebrum
900 1434 960 1469 plus

170 1479 237 1507 satis
253 1479 398 1513 humectat,
413 1481 543 1516 mentique
559 1481 584 1508 ui
599 1480 707 1516 algiﬁca
721 1485 854 1515 stuporem
868 1480 960 1515 infert.

171 1524 271 1553 Oceani
288 1534 389 1562 quoque
411 1533 492 1555 (estus
516 1528 643 1560 excitare,
665 1536 825 1563 causamque
844 1528 962 1563 recipro-

169 1570 250 1598 candi
263 1571 304 1598 illi
315 1571 432 1606 praebere
445 1580 497 1599 non
505 1577 546 1600 est
560 1572 630 1608 quod
643 1573 701 1608 quis
713 1572 841 1608 ambigat.
860 1572 892 1600 Si
905 1573 960 1607 qui-

168 1616 228 1644 dem
256 1625 317 1644 cum
342 1617 514 1653 perspicimus
536 1618 626 1645 silenti
647 1623 725 1653 atque
746 1618 860 1645 obscura
877 1618 957 1650 luna;

167 1670 249 1697 eaque
263 1662 302 1690 uel
316 1662 402 1690 medio
417 1662 479 1690 orbe
493 1662 619 1696 dissecta,
641 1663 681 1690 vel
696 1664 723 1690 in
739 1670 840 1690 cornua
855 1663 958 1697 falcata

166 1709 222 1735 sive
246 1714 386 1744 augescat,
418 1713 465 1736 aut
485 1709 632 1741 minuatur,
658 1709 745 1736 nullos
770 1709 957 1743 propemodum

166 1754 227 1789 ﬁeri
248 1762 378 1789 aquarum
398 1762 552 1788 concursus,
577 1762 623 1781 nec
639 1755 666 1781 in
689 1754 774 1781 ullam
788 1754 955 1781 altitudinem

166 1800 255 1827 attolli
277 1808 421 1833 oceanum,
446 1809 607 1836 quacunque
636 1801 717 1828 etiam
749 1801 842 1828 littora
865 1801 953 1828 alluit.

166 1844 282 1873 Rursum
299 1845 345 1873 ubi
366 1853 426 1872 cum
451 1846 506 1873 sole
533 1845 711 1881 congreditur,
738 1851 815 1881 atque
835 1846 956 1873 innovari

165 1891 267 1926 incipit,
281 1897 328 1919 aut
345 1893 373 1920 in
389 1892 479 1920 orbem
497 1892 678 1919 circumducta
692 1892 770 1926 plena
793 1893 956 1927 conspicitur

166 1938 298 1964 maximos
313 1937 426 1965 excitari
436 1941 527 1969 astus,
538 1937 685 1972 ﬂuctusque
700 1937 789 1964 attolli
803 1938 830 1964 in
844 1938 955 1964 immen-

165 1989 235 2014 sum,
259 1984 317 2018 quis
338 1983 392 2010 alio
415 1991 496 2018 quam
522 1983 549 2010 in
565 1984 635 2011 luuw
651 1988 761 2015 motum,
775 1983 889 2018 fluxum,
912 1991 953 2010 re-

167 2028 319 2063 ﬂuumque
339 2029 431 2056 oceani
451 2028 568 2064 referat?
593 2027 627 2056 Ut
641 2029 710 2055 enim
728 2036 834 2063 magnes
852 2028 954 2062 ferrum

165 2073 262 2107 allicit,
281 2075 319 2101 sic
336 2073 410 2102 sidus
425 2074 473 2101 hoc
495 2080 572 2102 terrm
584 2075 733 2108 proximum
749 2083 821 2101 mare
841 2075 953 2101 attrahit

164 2121 338 2156 concitalque.
356 2119 429 2148 Nam
452 2128 511 2148 cum
531 2120 595 2147 luna
617 2121 720 2152 oritur,
747 2128 859 2148 oceanus
880 2121 953 2147 circa

163 2167 226 2194 illas
246 2167 339 2203 plagas
356 2166 513 2199 devolvitur,
534 2174 624 2201 nempe
643 2167 794 2199 orientales,
813 2172 953 2204 partesque

164 2212 338 2240 occidentales
358 2212 587 2246 deserit.Quando
602 2219 661 2239 vero
675 2211 710 2238 ad
724 2219 847 2239 occasum
860 2214 951 2248 vergit,

1024 606 1100 635 frena
1121 607 1240 644 impetus
1253 608 1336 644 hujus
1352 610 1468 646 recipiat
1480 611 1582 640 modcr.
1593 616 1702 649 turque,
1715 620 1742 643 et
1758 623 1812 643 una

1023 660 1086 681 cum
1107 661 1158 682 suo
1184 658 1259 683 motu
1287 656 1466 694 circumagat.
1491 659 1530 686 ita
1554 660 1646 689 littora
1669 663 1812 698 mqualiter

1022 698 1143 737 patentia
1164 700 1260 728 iisdem
1277 702 1353 730 horis
1370 703 1520 739 implentur
1534 706 1636 739 omnia,
1653 708 1809 736 reductiora

1022 752 1089 772 vero
1118 744 1235 779 tardius,
1259 748 1391 776 nonnulla
1417 748 1600 779 diversimode
1626 752 1662 780 ob
1684 753 1809 783 diversos

1022 791 1118 818 oceani
1132 792 1234 819 aditus.

1056 836 1137 872 lbid.,
1154 838 1201 865 lin.
1217 838 1262 866 53.
1282 839 1419 867 Κάτωθεν
1432 841 1489 876 γὰρ
1508 842 1528 876 ἠ
1549 843 1677 878 σελήνη.
1699 844 1729 873 ln
1742 846 1809 874 ecli-

1020 882 1117 918 psibus
1131 884 1279 917 solaribus,
1294 893 1412 921 quanam
1428 887 1536 916 ratione
1550 889 1617 916 solis
1633 890 1702 917 radii
1714 891 1807 919 lunam

1018 936 1074 956 non
1081 934 1234 964 penetrent,
1246 935 1273 958 et
1288 932 1427 966 quomodo
1444 933 1521 966 luna,
1536 941 1598 962 cum
1610 935 1648 963 sit
1662 936 1742 973 longe
1756 939 1808 965 rui-

1019 983 1080 1008 nor,
1098 980 1183 1003 totum
1201 981 1293 1005 tamen
1309 978 1394 1006 solem
1412 979 1554 1014 obscuret,
1572 982 1674 1011 diserte
1687 984 1807 1019 explicat

1016 1021 1186 1055 Cleomedes,
1199 1021 1308 1050 Πειθοῖ.
1322 1023 1369 1051 lib.
1383 1032 1414 1057 ιι,
1435 1033 1496 1061 pag.
1515 1026 1550 1054 80
1567 1026 1696 1056 editionis
1715 1028 1804 1057 Paris.

1051 1064 1132 1100 lbid.,
1159 1068 1208 1095 lin.
1233 1068 1279 1096 55.
1304 1069 1387 1104 Μέγα
1406 1069 1441 1096 δὲ
1461 1071 1511 1098 καὶ
1530 1071 1607 1106 αὐτὴ
1634 1073 1653 1106 ἠ
1675 1073 1802 1108 σελήνη.

1017 1112 1054 1141 De
1069 1114 1256 1149 magnitudine
1273 1114 1354 1148 luna,
1367 1119 1395 1143 et
1410 1115 1527 1143 aliorum
1539 1117 1709 1152 planetarum
1724 1119 1804 1154 plura

1015 1159 1174 1188 Cleomedes
1204 1161 1265 1188 loco
1289 1161 1317 1189 d.
1349 1166 1374 1189 et
1401 1162 1458 1190 alii.
1483 1163 1660 1199 Anaxagoras
1691 1170 1804 1194 auctore

1015 1205 1164 1234 Plutarcho
1178 1207 1270 1234 lunam
1288 1208 1396 1236 dicebat
1413 1216 1475 1236 esse
1494 1217 1587 1244 parem
1601 1209 1801 1246 Peloponneso.

1014 1251 1170 1280 Ludovicus
1183 1252 1285 1282 Fidelis
1301 1253 1339 1282 Ds
1354 1263 1428 1281 mun.
1441 1259 1501 1287 str.,
1519 1255 1537 1283 l.
1550 1263 1577 1288 ν,
1593 1263 1618 1284 c.
1638 1256 1666 1289 7,
1680 1264 1803 1292 quaerere

1014 1301 1097 1333 atque
1117 1299 1236 1326 scrutari
1253 1299 1288 1326 de
1302 1300 1490 1335 magnitudine
1505 1305 1532 1328 et
1563 1302 1718 1336 quantitate
1737 1304 1803 1331 solis

1013 1347 1041 1371 et
1055 1344 1126 1371 lunze
1136 1352 1269 1380 arrogans
1286 1352 1349 1373 esse
1365 1345 1519 1378 contendit,
1538 1353 1643 1383 n05que
1657 1353 1802 1376 contentos

1010 1391 1075 1417 esse
1088 1389 1188 1417 debere
1207 1389 1347 1425 descripto
1360 1390 1438 1423 solis,
1463 1395 1491 1418 et
1510 1391 1591 1424 lunae,
1608 1398 1640 1419 ac
1660 1391 1803 1420 stellarum

1013 1434 1066 1462 hoc
1078 1443 1201 1468 munere,
1219 1441 1247 1463 ut
1267 1437 1308 1463 sol
1324 1436 1390 1468 diei,
1408 1440 1436 1464 et
1452 1436 1516 1464 luna
1535 1438 1609 1465 nocti
1620 1438 1745 1473 praesint,
1762 1438 1803 1466 di-

1013 1480 1161 1517 vidantque
1174 1482 1246 1508 inter
1256 1482 1344 1510 lucem
1360 1485 1387 1509 et
1408 1482 1546 1515 tenebras,
1558 1481 1630 1510 diem
1641 1487 1668 1510 et
1679 1488 1802 1512 noctem.

1017 1525 1121 1554 Vanum
1134 1533 1174 1555 est
1193 1528 1274 1560 enim.
1290 1528 1390 1564 inquit,
1409 1528 1568 1563 praeclarum
1589 1533 1670 1556 terere
1687 1534 1801 1565 tempus,

1011 1577 1036 1600 et
1057 1573 1154 1601 sudore
1180 1574 1263 1601 multo
1281 1575 1427 1609 exquirere,
1458 1582 1517 1602 aute
1537 1574 1608 1602 Deus
1634 1575 1724 1611 ignota
1744 1583 1801 1603 esse

1011 1619 1102 1647 voluit.

1046 1665 1113 1693 ibid.
1133 1666 1228 1693 Μῦοοι
1247 1665 1281 1692 δὲ
1293 1667 1438 1701 ληρώδεις
1450 1666 1510 1695 ὑπὸ
1520 1668 1702 1702 μεθυόντων.
1722 1668 1800 1695 Basi-

1010 1710 1072 1742 lius,
1090 1711 1163 1738 hom.
1179 1711 1196 1738 6
1214 1721 1219 1738 :
1236 1711 1322 1738 Μῦοοί
1339 1721 1412 1744 τινες
1427 1713 1636 1747 καταγέλαστα,
1651 1713 1704 1739 ὑπὸ
1721 1715 1799 1749 γραῖ-

1007 1757 1070 1785 διων
1087 1757 1315 1794 κωθωνιζομένων
1338 1758 1587 1794 παραληρούμενοι,
1615 1758 1752 1794 πανταχοῦ
1763 1758 1799 1785 δι-

1007 1804 1153 1840 εδόθησαν,
1180 1805 1222 1832 ὅτι
1241 1805 1421 1840 μαγγανείαις
1437 1806 1493 1832 τισὶ
1507 1806 1557 1841 τῆς
1582 1806 1685 1837 οἰκείας
1717 1805 1799 1841 ἕδρας

1006 1851 1201 1886 ἁποκινηθεῐσα
1222 1851 1321 1887 σελήνη
1347 1851 1417 1886 πρὸς
1438 1851 1491 1886 γῆν
1513 1851 1706 1887 καταφέρεται.
1734 1853 1798 1884 Πῶς

1007 1897 1057 1932 μὲν
1077 1895 1123 1924 οὖν
1137 1898 1230 1933 κινήσε
1262 1898 1367 1932 γοήτων
1380 1897 1546 1933 ὲπαοιδὴ,ἠν
1563 1897 1643 1930 αὐτὸς
1655 1897 1798 1933 ἐθεμελίω-

1007 1951 1052 1969 σεν
1066 1943 1081 1968 ὁ
1089 1942 1230 1977 ’Υψιστος-
1239 1944 1314 1975 ποῖος
1330 1943 1352 1969 δ’
1361 1943 1394 1969 ἂν
1406 1944 1453 1970 καὶ
1462 1944 1544 1976 τόπος
1558 1944 1797 1970 κατασπασθεῖσαν

1005 1989 1090 2025 αὐτὴν
1109 1989 1271 2022 iamuicto;
1295 1989 1392 2025 Sagas,
1415 1998 1564 2025 magosque
1585 1991 1684 2018 ctelum
1712 1991 1798 2025 depo-

1006 2043 1082 2068 nere,
1103 2039 1203 2063 terram
1226 2035 1404 2070 suspendere,
1429 2040 1458 2063 ut
1473 2036 1564 2064 verbis
1591 2036 1697 2071 Apuleii
1722 2041 1794 2070 utar,

1006 2081 1095 2109 fontes
1110 2081 1220 2114 durare,
1239 2087 1346 2109 montes
1375 2081 1490 2114 diluere,
1515 2089 1611 2110 manes
1634 2083 1793 2116 sublimare,

1003 2128 1070 2156 deos
1087 2128 1234 2161 infirmare,
1250 2128 1340 2156 sidera
1354 2129 1539 2164 exstinguere.
1555 2133 1688 2158 tartarum
1703 2129 1794 2165 ipsum

1004 2174 1170 2206 illuminare,
1184 2182 1259 2202 mare
1271 2174 1380 2210 pigrum
1401 2175 1541 2210 colligare.
1556 2176 1641 2202 solem
1658 2175 1792 2207 inhibere,

1004 2221 1096 2248 lunam
1127 2220 1272 2254 deducere,
1300 2221 1394 2248 stellas
1421 2221 1547 2252 evellere,
1569 2225 1596 2248 et
1626 2221 1679 2247 alia
1706 2222 1792 2248 multa

163 2259 191 2287 in
208 2259 262 2286 illis
276 2259 395 2294 partibus
411 2260 576 2287 crebrescunt
593 2258 701 2293 ﬂuctus,
725 2259 751 2286 in
768 2259 801 2286 iis
821 2266 880 2285 vero
892 2267 951 2294 qua
967 2265 1009 2293 »ε

946 2268 951 2283 ⁵
967 2265 990 2293 D
1003 2266 1078 2294 dictu
1093 2267 1196 2302 gravia,
1212 2272 1238 2294 et
1253 2267 1378 2294 maxima:
1394 2266 1593 2299 admirationis,
1610 2267 1669 2295 suis
1686 2267 1792 2303 magnis

164 2304 199 2331 ad
210 2308 297 2330 ortum
309 2309 426 2338 spectant
438 2304 629 2335 detumescunt,
644 2303 720 2338 idque
734 2303 898 2339 afﬂuentibus
912 2304 951 2330 vel

163 2350 270 2385 parcius
286 2357 334 2384 pro
348 2351 506 2377 incremento
532 2350 684 2384 de,ectuquc
700 2350 766 2376 lucis
777 2357 856 2384 quam
872 2349 951 2376 lulia-

162 2404 204 2423 res
219 2396 290 2422 radii
303 2395 435 2423 exhibent.
451 2396 555 2424 Cretera
579 2396 613 2423 ad
631 2396 683 2423 hoc
706 2395 778 2422 idem
798 2396 950 2430 spectantia

161 2444 222 2479 lege
239 2442 310 2478 apud
331 2442 431 2478 ipsum.
453 2442 573 2471 Joannes
589 2443 740 2478 Kepplerus
770 2442 798 2469 in
821 2441 949 2469 Introdu-

163 2490 254 2517 ctione
280 2488 314 2516 ad
342 2496 420 2516 suam
446 2490 624 2524 Astrologiam
648 2497 742 2516 novam
766 2488 952 2523 αἰτιολόγητον

163 2536 285 2562 rationes
307 2534 396 2562 liuxus
411 2538 439 2562 et
458 2534 579 2563 relluxus
600 2535 684 2563 maris
703 2535 740 2563 ita
756 2534 876 2562 insinuat
891 2544 898 2561 :
912 2535 950 2561 lu-

162 2589 226 2608 nam
238 2581 342 2609 scilicet
355 2588 406 2609 sua
430 2582 590 2609 attractoria
605 2583 642 2615 vi,
662 2590 724 2618 qua:
743 2581 777 2608 ad
796 2586 884 2609 terras
905 2589 949 2609 uss

162 2635 216 2663 que
237 2627 396 2664 porrigitur,
413 2635 499 2663 aquas
521 2628 573 2656 sub
589 2636 685 2656 zonam
705 2628 838 2656 torridam
859 2628 950 2663 prole-

162 2679 249 2707 ctare,
267 2681 322 2710 quo
341 2674 414 2718 facta
426 2674 523 2701 nudari
539 2675 633 2702 littora
657 2683 799 2708 zonarum,
815 2680 842 2703 et
857 2675 950 2703 clima-

162 2724 220 2748 tum
237 2721 401 2749 lateralium.
420 2720 513 2756 itaque
527 2721 606 2757 aquis
627 2722 655 2749 in
670 2722 761 2750 latiori
777 2722 854 2750 alveo
867 2729 916 2749 oce
939 2736 949 2741 -

163 2768 192 2795 ni
209 2767 429 2802 assurgentibus,
457 2766 515 2794 ﬁeri
533 2769 634 2802 potest,
656 2772 686 2795 ut
701 2767 729 2795 in
743 2767 948 2803 angustioribus

163 2813 223 2848 ejus
236 2813 363 2845 sinubus,
375 2813 455 2841 modo
465 2820 519 2840 non
532 2812 614 2840 nimis
625 2817 700 2841 arcte
709 2813 858 2846 conclusis,
869 2820 948 2849 aqua:

164 2864 298 2894 praesente
321 2860 386 2888 luna
407 2860 489 2888 etiam
516 2859 647 2895 aufugero
672 2861 708 2888 ab
733 2867 766 2888 ea
792 2860 944 2888 videantur.

163 2905 232 2934 Cum
249 2911 339 2935 autem
356 2914 432 2942 aqua:
452 2906 544 2934 lunam
558 2907 696 2941 _verticem
715 2908 840 2937 celeriter
854 2912 947 2936 trans-

321 2953 452 2984 ΡΑτιιοι.
470 2953 528 2984 (in.
544 2953 659 2985 XVIII.

1003 2313 1249 2346 susurraminibus,
1270 2313 1500 2349 quandocuuque,
1527 2316 1554 2340 et
1577 2312 1733 2348 ubicunque
1760 2314 1792 2340 li-

1002 2359 1093 2386 buerit
1107 2359 1184 2386 multi
1207 2360 1358 2392 credidere,
1375 2363 1402 2387 et
1420 2361 1538 2387 maxime
1555 2359 1677 2386 omnium
1695 2365 1789 2395 poeta).

1002 2404 1070 2432 Dido
1096 2404 1128 2431 ad
1154 2405 1260 2433 Annam
1278 2414 1400 2434 sororcm
1418 2407 1467 2437 ait,
1498 2405 1545 2434 lib.
1561 2413 1587 2432 tv
1602 2404 1710 2432 .Encid.
1727 2405 1790 2433 Vir-

1000 2451 1107 2486 gilianae
1123 2460 1129 2478 :

1002 2509 1071 2537 Hinc
1086 2509 1150 2536 mihi
1166 2509 1290 2545 Massyla;-
1309 2510 1391 2545 gentis
1404 2513 1552 2536 monstrata
1567 2510 1690 2536 sacerdos
1706 2516 1715 2535 :

1003 2545 1066 2572 llaec
1082 2553 1109 2573 se
1125 2545 1288 2572 carminibus
1306 2545 1437 2579 promittit
1453 2545 1551 2572 solvere
1566 2550 1663 2571 mentes

1000 2580 1074 2613 Quas
1090 2581 1159 2612 velit,
1174 2585 1217 2607 ast
1234 2580 1296 2607 aliis
1310 2579 1392 2607 duras
1405 2580 1544 2606 immittere
1555 2587 1645 2612 curas,

1000 2615 1100 2643 Sistere
1113 2623 1209 2650 aquam
1223 2615 1322 2649 ﬂuuiis,
1335 2621 1361 2642 et
1378 2616 1490 2650 [lumina
1505 2621 1602 2642 vertere
1615 2620 1696 2646 retro.

999 2650 1202 2685 Not-turnusque
1218 2652 1267 2678 ciet
1278 2659 1368 2678 manes
1382 2659 1390 2678 :
1403 2651 1502 2686 mugire
1514 2650 1611 2677 uidebis

999 2686 1054 2714 Sub
1069 2686 1177 2720 pedibus
1193 2691 1301 2717 terram,
1317 2690 1342 2712 et
1351 2687 1504 2714 descendere
1520 2687 1651 2713 montibus
1659 2695 1747 2713 ornos.

998 2741 1166 2778 Propertius,
1183 2741 1257 2778 Eleg.
1272 2743 1318 2770 lib.
1338 2751 1358 2775 ι,
1375 2744 1443 2778 eleg.
1459 2743 1472 2769 1
1493 2753 1499 2770 ;

997 2801 1033 2828 At
1047 2809 1089 2828 vos
1104 2800 1220 2828 deducite
1234 2801 1327 2835 quibus
1337 2805 1376 2828 est
1390 2800 1501 2835 fallacia
1516 2800 1585 2826 lunia.-

1034 2836 1068 2863 Et
1084 2836 1158 2863 labor
1171 2836 1200 2863 in
1215 2837 1325 2870 magicis
1339 2844 1418 2863 sacra
1429 2836 1504 2870 piare
1518 2835 1595 2869 focis.

999 2871 1039 2899 En
1053 2871 1163 2907 agedum
1175 2872 1288 2898 dominre
1301 2876 1412 2898 mentem
1429 2871 1568 2907 convertite
1583 2874 1693 2900 nostrw,

1035 2906 1162 2942 Et'facite
1172 2907 1220 2934 illa
1233 2914 1289 2934 meo
1303 2907 1400 2941 pal!eut
1412 2914 1457 2933 ore
1474 2906 1567 2940 magis.

1626 2950 1665 2980 :28
