2143 3163
327 178 380 208 879

329 239 421 270 αὐτοῖς
435 238 480 265 διὰ
489 237 592 265 τούτων
609 234 688 264 εἶναι.
714 235 832 270 Plinius,
854 235 902 263 lib.
927 242 967 267 at,
982 241 1046 270 cap.
1070 234 1115 267 57,
1133 236 1157 265 Α

328 293 379 313 sua
392 285 427 312 ab
436 284 584 312 Aristotele
599 287 751 315 mutuatus,
765 282 793 310 in
805 289 889 310 causa
901 284 994 309 tamen
1006 280 1118 308 tradem

328 332 361 359 da
371 332 405 359 ab
416 339 450 359 eo
460 331 610 366 discrepat,
619 329 746 358 convenit
755 336 819 357 cum
829 327 987 356 Eustatbio.
1001 327 1122 355 Piscium

327 378 453 406 omnibus’
462 377 570 410 serrati,
582 381 679 411 prater
689 383 796 403 scarum
807 382 816 401 :
827 374 888 401 huic
898 374 946 401 uni
960 373 1121 408 aquatilium

326 424 411 459 plani.
425 423 557 452 therum
566 422 657 450 multis
668 431 759 450 eorum
774 423 802 449 in
813 422 949 457 lingua,et
967 425 1022 448 toto
1033 427 1078 446 ore
1092 424 1121 446 ut

328 470 407 497 turba
430 470 569 497 vulnerum
587 468 721 502 molliant,
738 477 798 504 qua
822 467 918 495 attritu
934 467 1054 502 subigere
1068 474 1121 493 non

326 521 434 553 queant.
450 515 544 543 Multis
555 519 581 543 et
601 515 629 542 in
650 515 754 550 palato,
775 519 853 549 atque
868 514 950 541 etiam
975 513 1004 540 in
1022 513 1119 540 cauda.

327 563 463 591 Prceterea
473 563 500 589 in
517 571 546 590 os
557 566 699 597 vergentes,
710 569 741 588 ne
754 560 879 588 excidant
892 560 936 586 ubi
951 559 1057 586 nullum
1071 559 1121 585 ha-

328 607 447 635 bentibus
465 606 597 634 retinendi
613 606 818 634 adminiculum.

362 697 443 730 Ibid.,
456 697 505 724 lin.
519 697 564 724 '57.
582 695 752 730 Μηρυκὰζει
767 694 802 722 δὲ
818 694 910 721 οὐδὲν
927 693 1015 721 ἄλλο.
1042 692 1120 721 Basi-

326 744 392 777 lius,
408 744 482 771 bom.
501 743 526 775 7,
539 743 655 770 AriSIot.
673 750 691 769 ιι
705 741 743 768 De
758 741 821 767 hist.
835 740 932 769 anim..
954 747 1015 774 cap.
1035 739 1080 770 l7,
1094 742 1121 765 et

326 792 376 819 lib.
388 799 448 824 vui,
464 798 526 826 cap.
543 790 572 817 2.
585 789 669 820 Idem,
686 796 716 816 ιιι
732 788 771 815 De
782 793 852 822 part.
869 787 993 818 animal.,
1011 793 1072 821 cap.
1085 786 1121 813 ιι

326 842 355 866 et
366 838 441 865 alibi.
455 836 573 867 Plinius,
589 836 636 863 lib.
653 843 691 868 ix,
705 843 766 870 cap.
781 835 812 862 t7
832 843 838 861 :
854 833 935 862 Solus
951 833 1065 867 piscium
1078 833 1121 860 di-

326 885 396 912 citur
414 884 560 916 ruminare,
578 882 715 917 herbisque
735 882 813 913 vesci.
831 889 884 907 non
908 880 971 907 aliis
990 879 1118 914 piscibus,

325 931 396 958 mari
406 929 551 964 Carpathio
564 929 678 955 maxime
692 927 826 963 frequens.
842 926 901 954 Etsi
917 926 1007 954 Horus
1019 926 1118 961 Apollo
1134 923 1156 950 Β

325 977 407 1004 aliter
421 976 533 1007 sentiat,
557 974 596 1002 ait
614 975 690 1002 enim
717 974 791 1001 hunc
817 980 914 1001 omnes
936 977 1118 1001 occursantes

325 1022 475 1059 pisciculos
501 1021 642 1049 devorare.
667 1018 752 1052 Οὗτος
777 1020 832 1055 γὰρ
849 1020 930 1055 μόνος
944 1019 999 1046 τῶν
1018 1018 1118 1055 ἰχθύων

327 1070 485 1106 μηρυκᾶται
514 1069 562 1095 καὶ.
589 1068 678 1094 πάιτα
708 1066 743 1094 τὰ
774 1067 980 1101 προσπίπτοντα
1008 1066 1114 1102 ιχθύδια

326 1117 422 1144 ισθίει.
435 1115 503 1143 Vide
519 1115 660 1142 Elianum
670 1113 707 1141 De
716 1113 811 1141 histor.
830 1114 926 1145 anim.,
943 1113 991 1140 lib.
1011 1121 1031 1146 I,
1047 1120 1072 1139 e.
1089 1112 1118 1145 2,

323 1163 376 1192 lib.
402 1170 434 1193 ιι,
462 1169 522 1196 cap.
541 1160 588 1192 54.
610 1160 660 1187 lib.
685 1167 735 1192 xu,
765 1167 827 1195 cap.
853 1159 907 1194 d2;
941 1159 1118 1187 Ambrosium

328 1209 456 1237 Hexaem.
477 1208 526 1235 lib.
551 1215 579 1239 v,
596 1213 657 1241 cap.
671 1206 704 1238 5;
728 1205 887 1233 Atlienmum
912 1204 959 1233 lib.
984 1213 1041 1238 vn;
1062 1204 1120 1232 Ma-

325 1255 462 1287 crobium,
491 1261 521 1281 ιιι
539 1252 662 1284 Saturn.,
687 1259 749 1287 cap.
771 1250 822 1284 l6;
852 1250 974 1279 Isidorus
996 1251 1046 1278 lib.
1066 1258 1117 1282 xu,

325 1311 386 1338 cap.
396 1302 423 1334 6,
431 1308 557 1329 escarum
567 1304 647 1327 vocat
655 1298 795 1330 :Escarus,
807 1297 906 1333 inquit,
916 1297 1001 1324 dictus
1010 1305 1040 1324 eo
1049 1296 1119 1332 quod

325 1350 398 1377 solus
409 1355 501 1376 ‘eseam
524 1347 659 1374 ruminarc
678 1345 838 1378 perhibetur.
856 1344 974 1379 Denique
1001 1343 1051 1370 alii
1073 1343 1117 1378 pi.

325 1404 381 1424 sees
397 1403 448 1422 non
459 1395 605 1421 ruminant,
623 1392 696 1420 Idem
723 1395 815 1418 tamen
833 1390 958 1418 scribunt
982 1389 1067 1417 Arist.
1090 1396 1118 1416 ix

325 1441 400 1469 Hist.
414 1448 510 1472 anim,
528 1447 589 1474 cap.
607 1439 670 1469 ult.,
685 1438 719 1465 de
732 1440 851 1472 quodam
867 1436 953 1472 pisce,
968 1436 1013 1471 qui
1029 1435 1119 1471 μήρυξ

325 1490 451 1519 vocatur.
466 1485 513 1521 qui
527 1492 561 1512 an
573 1492 647 1512 unus
667 1491 730 1510 cum
744 1490 826 1511 scaro
844 1490 900 1509 non
919 1484 962 1509 est
975 1481 1119 1517 praesentis

325 1534 437 1570 negotii.
465 1532 533 1559 lllud
553 1538 620 1559 sane
644 1530 792 1558 ridiculum
818 1532 871 1560 est,
887 1535 901 1555 a
919 1526 1117 1558 Ritterslmsio,

325 1587 431 1608 murem
439 1579 579 1615 ponticam
586 1578 658 1605 inter
668 1578 758 1612 pisces
767 1574 944 1603 adnumerari
950 1575 1023 1602 notis
1033 1574 1061 1602 in
1067 1574 1119 1610 0p-
1132 1594 1154 1624 ο

325 1627 400 1662 pian.
415 1626 538 1653 Ἁλιευτ.
548 1624 566 1651 l.
577 1632 595 1655 ι,
609 1630 681 1650 vers.
692 1622 742 1649 tat
754 1643 760 1655 ,
773 1621 928 1649 Aristotelis
944 1621 1035 1649 verbis
1048 1621 1120 1648 male

326 1673 472 1702 intellectis
486 1672 609 1706 decepto.
622 1669 699 1698 Dicto
709 1669 782 1697 enim
805 1669 866 1695 loco
884 1667 921 1695 ait
942 1667 1121 1694 Aristoteles:

326 1725 470 1755 postquam
494 1716 723 1745 determinaverat
739 1714 867 1742 animalia
877 1734 885 1746 ,
900 1721 961 1749 qua:
980 1713 1123 1748 superiore

326 1765 423 1792 ordine
458 1764 581 1791 dentium
609 1765 720 1794 carent,
739 1761 879 1788 ruminare
892 1763 921 1787 ut
940 1759 1034 1791 boves,
1045 1767 1121 1791 oves,

326 1817 415 1845 caprae
445 1813 473 1837 et
503 1809 566 1841 alia,
581 1807 696 1835 dubium
723 1806 814 1834 adhuc
841 1805 1009 1838 remanebat,
1034 1812 1069 1832 an
1089 1813 1123 1833 ex

326 1856 445 1885 deutalis
467 1856 597 1890 utrinque
608 1855 644 1882 sit
661 1853 762 1881 animal
786 1852 897 1888 aliquod
918 1853 1074 1885 ruminans,
1097 1856 1124 1879 et

326 1901 517 1937 respondendo
532 1901 570 1927 ait
581 1907 642 1928 esse
654 1899 797 1931 nonnulla,
811 1903 841 1925 ut
853 1906 946 1926 mures
964 1897 1085 1929 Pontici.
1096 1902 1124 1925 et

327 1950 427 1985 pisces,
448 1953 474 1976 et
500 1948 546 1983 qui
564 1948 599 1975 ob
622 1955 682 1975 eam
710 1953 767 1974 rem
791 1945 937 1972 ruminalis
965 1952 979 1971 a
1008 1944 1123 1979 quibus-

326 1996 389 2023 dam
407 1994 568 2029 appellatur.
587 1992 625 2020 lta
641 1992 714 2020 enim
731 1992 808 2019 locus
828 1990 874 2017 ille
891 1990 1040 2018 vertendus
1053 1994 1123 2022 erat,

326 2041 524 2077 Μηρυκάρζουσι
534 2040 562 2066 δὲ
574 2039 621 2066 καὶ
634 2038 687 2065 τῶν
703 2037 878 2073 ἀμφοδόντων
894 2037 962 2069 ἔνια,
972 2037 998 2064 οἴ
1014 2045 1044 2063 τε
1058 2036 1124 2072 μύες

326 2089 350 2114 οἱ
365 2087 501 2118 Ποντικοὶ,
514 2087 561 2113 καὶ
576 2086 601 2112 οἱ
622 2086 722 2121 ἰχθύες,
738 2085 785 2111 καὶ
797 2084 826 2110 ὃν
843 2083 971 2111 καλοῦσιν
989 2084 1055 2110 ἔνιοι
1070 2083 1125 2110 ἀπὸ

326 2131 373 2159 τοῦ
388 2132 469 2168 ἔργου
482 2130 685 2168 ΜήρυκαῺυω
700 2130 792 2161 verba,
807 2128 934 2164 quamvis
948 2128 985 2155 ita
997 2128 1125 2164 legantur

327 2180 362 2207 ab
380 2180 519 2210 omnibus,
543 2181 674 2212 corrupta
690 2183 751 2204 esse
768 2175 881 2203 minime
901 2174 1063 2206 dubitarim,
1081 2173 1123 2201 vel

327 2230 402 2254 certe
416 2225 573 2252 Aristotelis
594 2223 713 2250 maxima
727 2221 978 2256 deprehenderetur
1000 2220 1122 2247 inscitia.

1000 174 1125 203 LEONIS
1142 173 1282 202 ALLATII

1169 236 1259 260 autem
1283 232 1321 260 sit
1341 231 1394 260 bac
1415 230 1586 268 μηρυκάζειν
1611 230 1712 266 optime
1731 228 1851 265 explicat
1870 227 1974 265 Oppia-

1172 287 1237 312 nus,
1262 278 1446 319 'A.2tsvms.t
1466 287 1474 305 :

1172 337 1227 365 Καὶ
1252 336 1381 373 σκάρον,
1404 337 1439 372 ὃς
1467 337 1506 372 δὴ
1525 335 1641 371 μοῦνος
1663 335 1698 363 ἐν
1719 334 1844 370 ισχθύσι
1875 331 1972 360 πᾶσιν·

1814 367 1972 396 ιὰναύδοιο

1866 376 1955 396 avoc:

1172 413 1331 448 Φθέτγεται
1356 407 1504 446 ὶκμαλέην
1529 406 1682 441 λαλατὴν,
1699 405 1748 432 καὶ
1771 368 1973 474 μὲιῗῖῑὲέέ

1949 447 1968 464 r

1175 484 1329 519 Ἀψορῤον
1354 480 1498 519 πρρΐῃσιν
1519 477 1579 519 ora
1600 476 1700 519 στρμα
1709 475 1866 519 ,δεύτερα
1883 471 1973 507 άῦθις

1171 509 1519 554 Ᾰᾶἷνίῦᾖέγοςάιήλὸισιν
1530 509 1692 541 ἀναπτύών
1708 512 1762 538 lca
1773 509 1900 546 φὸρϐήν.

1172 565 1206 593 Et
1222 564 1351 592 Elianus
1370 561 1456 590 Suida
1472 561 1585 593 citante,
1601 558 1690 590 Μόνος
1707 558 1722 584 ὁ
1740 556 1887 588 θαλάσσιος
1905 555 1973 583 σχά-

1173 619 1220 647 ρος
1235 610 1285 646 τὴν
1298 608 1403 646 τροφὴν
1417 606 1551 635 ἀναπλεῖ
1577 605 1673 640 ὥσπερ
1699 603 1746 630 καὶ
1766 602 1800 630 τὰ
1824 602 1971 638 βλήχοντα,

1171 658 1190 686 ἃ
1205 658 1238 693 δὴ
1250 657 1419 693 μηρυκᾶται.
1428 654 1519 687 llujus
1529 652 1652 681 nominis
1665 650 1839 687 ignoratione
1851 649 1973 676 maxime

1172 704 1359 732 ballueinatus
1367 705 1410 730 est
1423 701 1521 729 Billius
1529 700 1557 728 in
1563 699 1691 728 versione
1701 697 1811 725 illomm
1824 696 1972 724 verborum

1172 750 1269 779 lsidori
1285 749 1431 777 Pelusiotae
1455 748 1518 776 libr.
1535 754 1568 779 ιι,
1583 745 1665 781 epist.
1682 743 1822 772 ll9z’l‘6w
1838 741 1919 775 ζώων
1938 740 1973 768 τὰ

1174 798 1222 833 μὲν
1238 794 1453 832 διαμασσώμενα
1473 793 1524 830 τὴν
1541 791 1646 828 τροκθὴν
1661 790 1805 823 ζωοτοκεῖ,
1821 789 1858 816 τὰ
1874 788 1905 815 δὲ
1922 797 1972 816 κα-

1171 843 1319 871 ταπίνοντα
1334 841 1458 869 ἀητοκεῖ.
1477 838 1524 867 Sic
1544 839 1618 867 enim
1642 837 1744 865 vertit:
1759 835 1802 863 Ea:
1819 835 1971 863 animanti-

1172 889 1219 917 bus
1232 897 1270 917 €¢
1280 896 1340 924 quae
1356 888 1443 916 cibum
1459 886 1607 918 ruminant,
1623 884 1754 911 animalia
1767 883 1899 918 pariant;
1912 889 1971 917 qua

1171 940 1259 963 autem
1276 935 1379 968 bibunt,
1392 942 1441 962 ova
1453 936 1603 969 procreant.
1611 930 1750 966 llultiplex
1765 928 1947 957 hallucinatio
1960 936 1969 957 :

1170 983 1264 1018 plures
1291 982 1446 1009 animantes
1475 983 1541 1008 sunt
1560 978 1692 1013 viviparaa
1703 984 1785 1012 quam
1804 982 1867 1011 quat
1881 974 1971 1002 rumi-

1170 1033 1247 1056 nant.
1265 1026 1294 1056 Si
1324 1034 1422 1056 omnes
1448 1033 1510 1062 quae
1538 1024 1640 1053 bibunt
1671 1023 1826 1051 animantes
1850 1021 1971 1057 ovipara

1170 1080 1247 1108 sunt,
1271 1078 1300 1103 et
1311 1080 1406 1103 vacca
1428 1072 1524 1109 igitur,
1539 1075 1567 1100 et
1590 1070 1668 1106 equi,
1683 1074 1710 1097 et
1723 1076 1798 1103 oves,
1811 1071 1880 1101 etc.;
1896 1067 1970 1095 aliud

1170 1127 1214 1152 est
1225 1117 1429 1157 διαμασσᾶοθαι
1444 1118 1496 1155 τὴν
1516 1117 1634 1154 τροφήν,
1649 1115 1723 1144 aliud
1739 1115 1877 1152 μηρυχᾷν,
1894 1112 1971 1141 aliud

1169 1169 1328 1198 masticare.
1344 1165 1420 1193 aliud
1440 1165 1593 1196 ruminare,
1608 1162 1684 1191 aliud
1707 1161 1807 1194 πίνειν,
1825 1159 1903 1188 aliud
1920 1168 1971 1187 κα-

1169 1213 1294 1242 ταπινειν
1310 1231 1318 1243 .
1342 1210 1412 1239 illud
1444 1210 1541 1239 bibere
1565 1207 1722 1245 signiﬁcat,
1744 1206 1798 1234 b'oc
1821 1205 1969 1242 deglutire.

1170 1260 1261 1294 Quare
1278 1259 1381 1294 optime
1397 1256 1595 1285 animadvertit
1618 1256 1648 1283 in
1672 1253 1801 1282 eumdem
1817 1252 1923 1284 locum,
1943 1255 1971 1279 et

1170 1304 1252 1332 vertit
1277 1300 1711 1331 Rittershusius':Animantium
1740 1306 1772 1325 ea
1798 1305 1859 1334 qui:
1883 1296 1971 1324 cibum

1170 1351 1324 1382 masticant,
1337 1354 1416 1385 atque
1430 1348 1614 1377 comminuunt
1627 1346 1753 1381 uiuiparos
1760 1349 1833 1379 sunt,
1841 1351 1901 1380 qua
1910 1351 1971 1371 sero

1169 1397 1317 1432 deglutiunt
1342 1397 1486 1431 integrum,
1499 1395 1630 1429 cuipam.
1643 1392 1685 1421 De
1708 1391 1895 1419 ruminatione
1910 1390 1971 1418 ani-

1170 1443 1282 1470 malium
1314 1442 1401 1469 multa
1428 1441 1572 1469 adnotavit
1598 1438 1759 1474 Hierbnym.
1776 1437 1968 1470 Mercurialis,

1170 1487 1232 1515 libr.
1258 1495 1274 1514 v
1293 1486 1401 1514 Variar.
1428 1486 1581 1518 lectionum,
1606 1492 1668 1520 cap.
1693 1483 1739 1516 15,
1760 1487 1787 1511 et
1810 1483 1902 1511 tribus
1926 1490 1970 1511 se-

1170 1535 1269 1568 quent.

1206 1577 1274 1605 Ibid.
1295 1577 1345 1605 lin.
1374 1575 1419 1604 58.
1449 1575 1539 1603 Ἐστι
1557 1575 1592 1603 δὲ
1608 1573 1659 1602 και
1674 1575 1695 1609 ἡ
1711 1573 1819 1609 τροφή.
1836 1573 1969 1606 Basilius,

1173 1623 1248 1651 hom.
1270 1624 1287 1650 7
1300 1633 1306 1650 :
1319 1623 1414 1659 Τροφὴ
1436 1621 1466 1648 δὲ
1489 1621 1593 1659 ἰχθύων
1603 1619 1694 1652 ἄλλοις
1707 1619 1776 1655 ἄλλη
1799 1619 1872 1646 κατὰ
1891 1619 1972 1654 γένος

1173 1655 1352 1707 διωρισμένηί
1373 1655 1414 1697 ὀί
1436 1669 1486 1705 μὲν
1499 1655 1564 1704 γίγάρ
1579 1655 1634 1694 ῖλύῖ
1645 1667 1803 1703 τρέφονται,
1820 1666 1846 1693 at
1865 1665 1895 1692 δὲ
1914 1667 1972 1698 τοῖς

1174 1716 1293 1753 φυκιοις,
1312 1715 1385 1744 ἄλλα
1401 1714 1431 1743 δὲ
1451 1716 1512 1748 ταῖς
1528 1714 1655 1750 βοτάναις
1676 1715 1737 1745 ταῖς
1756 1712 1972 1749 ἐντρεφομέναις

1174 1764 1212 1799 τῷ
1226 1763 1301 1790 ὕδατι
1318 1761 1476 1799 ἀρκοῦνται.
1497 1761 1695 1798 Ἀλληλοφάγοι
1713 1760 1743 1788 δὲ
1757 1760 1813 1787 τῶν
1831 1759 1934 1795 ἰχθύων
1947 1759 1980 1791 οε,

1174 1810 1309 1836 πλεῖστοι·
1322 1809 1369 1836 καὶ
1380 1809 1395 1835 ό
1411 1808 1572 1845 μικρότερος
1584 1808 1650 1843 παρ’
1661 1807 1777 1838 ἐκείνοις
1798 1806 1901 1842 βρῶμά
1913 1806 1973 1833 ἐστι

1174 1857 1222 1884 ταῦ
1235 1856 1366 1892 μείζονος.
1378 1854 1438 1883 Κάν
1450 1863 1516 1882 ποτε
1529 1854 1620 1891 συμϐῇ
1631 1853 1679 1880 τὸν
1690 1852 1737 1880 τοῦ
1750 1853 1892 1884 ἐλάττονος
1904 1860 1973 1888 κρα-

1174 1903 1296 1938 τήσαντα
1326 1901 1420 1938 ἑτέρου
1444 1900 1573 1936 γενέσθαι
1602 1900 1726 1936 θήραμα.
1751 1898 1803 1925 ὑπὸ
1827 1897 1879 1934 τὴν
1907 1897 1972 1934 μίαν

1175 1949 1287 1983 ἄγονται
1314 1947 1436 1984 γαστέρα
1447 1947 1495 1975 τοῦ
1514 1946 1681 1974 τελευταίου.
1696 1944 1734 1974 De
1748 1945 1867 1980 piscium
1886 1951 1972 1980 gene-

1176 1995 1263 2026 ribus,
1289 1993 1463 2026 ditl‘erentiis,
1488 1991 1715 2029 proprietatibus,
1729 1998 1761 2019 ac
1786 1991 1868 2025 cibis,
1892 1992 1972 2027 plura

1175 2039 1348 2071 Aristoteles.
1371 2038 1490 2071 Plinius,
1507 2037 1643 2070 Elianus,
1656 2037 1801 2066 Conradus
1816 2037 1970 2071 Gemens.

1175 2085 1296 2112 Achilles
1311 2084 1519 2116 Aldrovandus,
1534 2088 1562 2112 et
1577 2084 1634 2111 alii.

1211 2131 1293 2166 lbid.,
1310 2133 1359 2160 lin.
1377 2132 1421 2160 62.
1446 2133 1473 2159 ’0
1491 2131 1585 2167 πρίων
1599 2130 1758 2167 πτέρυγας.
1782 2130 1846 2160 Haec
1874 2130 1971 2160 eadem

1176 2179 1214 2206 ita
1228 2183 1322 2210 narrat
1338 2178 1438 2207 Petrus
1453 2177 1615 2210 Damianus,
1632 2178 1680 2206 lib.
1696 2186 1727 2211 ιι,
1743 2178 1824 2214 epist.
1839 2178 1894 2207 £8:
1908 2177 1972 2206 Ser-

1176 2233 1218 2257 ra,
1234 2225 1340 2252 marina
1356 2224 1457 2252 scilicet
1469 2223 1569 2256 bellua,
1585 2232 1644 2259 quia
1664 2233 1724 2252 cum
1740 2224 1860 2258 prolixa;
1874 2223 1972 2252 habeat

328 2271 470 2307 Quomodo
494 2271 567 2299 enim
593 2270 683 2304 pisces
710 2268 861 2300 ruminant,
888 2275 950 2294 cum
978 2267 1049 2294 inter
1075 2273 1122 2294 eos
1140 2267 1161 2295 Ι)
1175 2279 1285 2306 pennas,
1312 2278 1373 2298 mos:
1388 2275 1418 2297 ut
1435 2269 1529 2298 viderit
1549 2278 1640 2297 navem
1661 2270 1848 2305 veli/icantem,
1863 2270 1972 2298 alarum

327 2320 404 2348 solus
428 2325 526 2346 scarus
551 2316 577 2343 id
597 2315 691 2342 faciat.
710 2314 742 2341 Ει
758 2314 780 2341 si
796 2315 848 2341 iste
865 2313 955 2350 μήρυξ
970 2314 1053 2349 piscis
1069 2316 1122 2345 est,

327 2374 390 2394 cum
409 2365 480 2392 inter
496 2364 586 2399 pisces
610 2362 770 2389 includatur
795 2361 896 2387 frustra
926 2361 955 2386 tit
970 2359 1031 2393 ejus
1047 2366 1125 2386 men-

326 2413 383 2446 tio;
400 2412 425 2439 si
455 2418 509 2437 non
538 2409 634 2445 piscis,
658 2415 744 2443 quare
775 2407 901 2434 muribus
924 2405 1046 2433 Ponticis
1069 2413 1123 2432 non

328 2457 482 2492 conjunxit.
504 2455 558 2483 Sed
587 2456 711 2483 sinamus
739 2454 806 2481 lucc.
821 2453 902 2481 Certe
920 2461 953 2480 ex
969 2453 1012 2480 bis
1032 2453 1124 2480 verbis

329 2511 468 2539 nunquam
486 2509 592 2529 murem
612 2500 756 2528 Ponticum
773 2508 833 2527 esse
849 2500 953 2535 piscem
969 2500 1124 2535 deprehen-

328 2550 435 2581 demus,
447 2555 510 2575 cum
525 2554 588 2574 eum
603 2546 766 2573 Aristoteles
783 2553 798 2572 a
815 2545 937 2580 piscibus
954 2549 1122 2580 separatum,

328 2600 355 2623 et
371 2599 500 2630 tanquam
513 2593 579 2628 quid
599 2592 738 2620 diversum
753 2592 787 2618 ab
803 2592 858 2618 illis
874 2592 900 2618 in
915 2590 1036 2619 llistoria
1053 2592 1124 2618 refc-

340 2645 379 2667 at.
402 2639 536 2667 Praeterea
560 2639 721 2666 Aristoteles
749 2637 812 2665 libr.
828 2645 876 2663 vui
893 2636 931 2664 De
948 2637 1124 2677 Itistqrz‘ani-

337 2688 407 2719 nal.,
423 2686 502 2721 capit.
524 2686 567 2717 l7,
586 2686 682 2714 scribit
710 2693 814 2712 murem
842 2683 987 2711 Ponticum
1008 2673 1121 2716 ‘albmn,

335 2732 409 2760 sicuti
421 2737 448 2760 et
459 2732 541 2767 glires
557 2731 584 2758 in
598 2731 745 2759 arboribus
761 2729 889 2758 conditos
901 2730 1010 2757 latitare
1021 2730 1121 2757 hieme.

330 2778 479 2806 Conﬁrmat
500 2777 605 2805 Plinius
625 2777 688 2804 lihr.
707 2785 767 2809 vtu.
788 2777 873 2812 capit.
889 2776 1122 2811 37;u..l:‘l'~anus

330 2824 368 2852 De
390 2825 483 2852 histor.
507 2823 618 2851 animal.
636 2824 698 2852 libr.
724 2832 763 2855 vr,
792 2823 875 2857 capit.
895 2823 941 2855 ll,
960 2824 987 2851 in
1001 2829 1121 2851 montem

330 2878 406 2898 more
424 2870 561 2898 exercitus
577 2869 635 2896 acie
648 2870 783 2897 instructa
799 2869 932 2897 decedere
952 2873 1049 2897 narrat
1062 2876 1123 2904 qua:

330 2917 420 2945 nullus
439 2916 473 2945 de
495 2917 629 2952 piscibus,
644 2916 698 2944 nisi
720 2917 861 2945 somnians
876 2916 1032 2945 allirmaret.
1050 2915 1121 2949 Quid

1175 2323 1200 2344 et
1215 2318 1273 2352 ipsa
1297 2317 1443 2352 prwcincta
1462 2316 1579 2352 remigiis
1598 2317 1732 2344 contendit
1753 2317 1887 2351 eeli/icare
1912 2320 1972 2351 post

1176 2373 1278 2391 narem.
1295 2364 1347 2392 Sed
1363 2364 1406 2391 vix
1421 2370 1467 2398 per
1482 2363 1662 2399 quadraginta
1674 2363 1763 2391 studia
1781 2364 1808 2390 iu
1825 2364 1973 2399 hujuscem-

1177 2411 1283 2437 taminis
1300 2410 1390 2437 labore
1405 2410 1550 2443 persistens
1567 2410 1666 2445 deﬁcit,
1687 2416 1713 2438 et
1730 2411 1769 2438 sic
1787 2410 1893 2445 defessa
1912 2410 1973 2439 alas

1175 2456 1244 2483 inter
1269 2456 1429 2483 discrimina
1456 2455 1560 2482 marina
1584 2456 1702 2490 deponit,
1717 2456 1800 2490 ﬂuctu
1822 2457 1912 2491 itaque
1928 2465 1973 2483 eo-

1175 2503 1247 2529 laute
1277 2502 1457 2537 compellitur,
1472 2506 1498 2529 et
1521 2502 1554 2529 ad
1571 2503 1657 2529 locum
1672 2502 1742 2529 unde
1760 2503 1908 2537 remigrare
1919 2510 1973 2529 ατο

1175 2554 1261 2583 perat,
1287 2549 1385 2575 iterum
1415 2548 1555 2576 relabitur.
1584 2547 1675 2577 Serrze
1690 2548 1777 2584 piscis
1799 2549 1929 2576 meminit
1944 2554 1973 2577 et

1175 2595 1281 2622 Plinius
1312 2594 1374 2622 libr.
1404 2602 1478 2621 x-xxu
1497 2593 1595 2621 Natur.
1612 2594 1720 2626 histor.,
1747 2594 1833 2629 capit.
1854 2594 1899 2622 ll.
1917 2593 1971 2623 Sed

1175 2641 1288 2669 dubium
1303 2644 1357 2672 est,
1374 2648 1408 2667 n
1422 2641 1455 2667 de
1470 2640 1520 2667 hoc
1536 2641 1680 2675 intelligat,
1697 2648 1759 2667 cum
1776 2648 1827 2668 nec
1843 2641 1871 2669 in
1883 2641 1972 2677 expli-

1175 2687 1264 2714 canda
1281 2695 1363 2713 serra:
1380 2687 1464 2721 piscis
1481 2692 1579 2714 natura
1594 2688 1761 2715 conveniant
1778 2691 1919 2717 auctores.

1209 2732 1292 2764 ιδιά..
1310 2733 1359 2759 lin.
1376 2733 1418 2760 50.
1439 2733 1473 2760 Τὸ
1490 2734 1523 2760 δὲ
1549 2735 1639 2769 κῆτος
1654 2734 1669 2760 ὅ
1688 2734 1821 2762 καλεῖται
1833 2734 1903 2770 μέν.
1915 2734 1970 2762 Ba-

1175 2779 1264 2809 silius,
1279 2778 1352 2804 lmm.
1369 2778 1383 2803 7
1401 2788 1406 2804 :
1431 2778 1498 2804 Ἀλλ’
1513 2779 1606 2814 ἐπειδὴ
1622 2781 1679 2810 τοῖς
1693 2779 1831 2814 μεγίστοις
1842 2779 1920 2814 ὀρεσι
1931 2778 1970 2814 τῷ

1174 2824 1248 2860 ﬁxe)
1264 2825 1309 2851 τοῦ
1333 2824 1455 2859 σώματος
1473 2825 1665 2861 παρισάζεται,
1676 2825 1733 2860 ἆγε
1744 2826 1790 2852 καὶ
1800 2827 1892 2862 νήσων
1905 2825 1970 2852 uoi-

1174 2871 1253 2902 λάκις
1278 2871 1427 2906 φαντασίαν
1455 2872 1615 2907 παρέχεται,
1635 2871 1746 2899 ἐπειδάν
1765 2879 1830 2898 ποτε
1856 2871 1905 2898 ἐπὶ
1921 2870 1970 2907 τὴν

1174 2916 1261 2952 ἄκραν
1289 2917 1450 2951 ἐπιφάνειαν
1473 2918 1520 2945 τοῦ
1548 2918 1645 2950 Muto;
1674 2918 1853 2954 ἁνανήχηταιθ
1883 2916 1971 2945 ταῦτα
