2143 3163
330 187 384 215 903

1000 179 1123 208 ιωιιιε
1140 178 1280 208 Αιωτιι

332 241 385 269 bus
399 240 527 269 omnibus
542 248 597 268 non
616 239 756 272 convenit,
782 246 838 266 non
852 238 886 266 ab
899 238 966 271 illis,
984 236 1032 265 sed
1047 240 1120 267 a‘re.
1135 236 1158 264 Α
1171 239 1294 270 pretatus
1307 240 1350 265 est
1364 237 1446 265 verba
1460 237 1555 267 Greca
1568 238 1702 276 Georgius
1714 240 1806 269 Dousa
1822 241 1853 270 in
1866 241 1959 271 ϐοομ

331 287 367 315 de
380 286 470 323 quaid
485 286 558 322 quod
576 293 624 321 per
638 293 739 313 nomen
754 285 908 320 explicatur
920 283 1035 315 dicitur,
1051 286 1078 309 at
1087 280 1122 308 de

332 334 441 361 vulture
461 333 487 360 id
501 336 608 360 tantum
634 339 730 359 verum
747 338 825 365 esse;
847 329 986 366 quomodo
999 335 1064 363 ergo
1078 328 1122 354 ἀν-

331 380 453 410 τοιωνεῖν
464 378 491 406 id
506 379 666 414 explicaret.
691 377 744 406 Sed
770 377 911 413 Scaligero
926 376 999 404 sicut
1022 378 1120 402 sonant

332 425 436 457 omnia,
450 425 488 452 ita
503 425 610 458 ethoc;
631 428 660 452 et
676 423 799 459 Scaliger
816 424 854 450 ita
879 421 990 457 etlingit.
1009 419 1122 448 Graecus

333 479 389 499 non
404 471 481 502 item,
491 470 550 506 qui,
563 471 586 498 si
600 477 615 497 a
632 470 741 497 vulture
752 469 779 496 id
793 469 874 496 vellet
886 468 1014 500 formare,
1027 465 1122 501 utique

333 524 385 545 nec
399 517 551 551 incongrue
574 516 678 543 diceret
706 514 903 549 ἀντιγνπίζειν,
935 517 964 541 ιιι
995 517 1121 540 naturam

333 562 405 589 hanc
415 561 533 589 vulturis
543 561 719 596 exprimeret,
737 560 810 588 sicut
818 559 852 587 ad
865 560 979 587 ciconia
995 563 1121 585 naturam

332 603 538 639 exprimendam
560 603 768 639 ἁντιπελαργεῖν
788 602 922 630 vocabulo
935 608 1003 629 usus
1018 600 1119 627 fuerat.

332 648 374 676 En
389 648 526 676 Graeculos
536 649 727 684 sciolos,quos
739 653 769 676 tu
783 648 854 675 male
870 651 967 675 contra
983 646 1024 673 ias
1035 652 1119 672 omne

332 695 438 723 laceras
452 695 574 730 iniquus.
602 698 664 722 utut
675 698 750 726 sunt,
763 698 825 722 tuas
836 699 927 721 tamen
938 695 1119 731 cognoscunt,

330 746 361 770 et
387 742 524 774 inscitias,
540 746 568 770 et
592 745 777 776 nugamenta:
793 741 854 768 aliis
872 740 976 767 fumum
992 737 1119 771 vendita;

330 787 372 816 illi
384 788 472 816 lucem
486 787 638 823 possident.

368 833 453 869 Egre
469 833 523 862 fert
537 834 659 861 calamus
680 832 848 860 ciconiarum
864 832 891 859 in
912 832 1058 868 Byzantios
1074 833 1121 861 be~

334 879 424 907 nolicii
445 887 499 906 non
526 878 710 909 comminisci,
729 885 844 913 quarum
868 886 919 913 ope
943 878 1040 906 civitas
1072 880 1116 906 illa

332 931 432 952 noxam
450 928 608 959 serpentum
626 923 740 958 depulit.
764 922 857 951 Dinnao
875 931 993 959 namque
1017 924 1122 960 Byzan-

332 970 435 998 tiorum
451 970 521 997 duce
540 969 649 1005 plurimi
665 969 799 997 dracones
813 969 886 996 illam
902 969 1077 1002 infestabant,
1094 975 1121 998 et

331 1016 480 1053 perniciem
496 1016 602 1043 civibus
615 1014 778 1048 aﬂerebant;
792 1023 840 1043 eos
855 1015 1028 1043 inductarum
1046 1016 1121 1044 cico-

331 1061 441 1088 niarum
458 1068 509 1096 ope
521 1059 700 1088 sustulerunt.
713 1058 810 1086 Postea
824 1066 886 1085 cum
902 1059 1016 1086 ciconiae
1032 1058 1121 1086 noxiae

331 1109 425 1134 essent
440 1105 545 1132 civibus
572 1103 720 1138 multiSque
737 1107 851 1131 mortem
878 1103 1019 1135 all'errent,
1046 1104 1119 1138 quod

331 1155 474 1187 serpentes
492 1151 519 1178 in
531 1154 628 1185 puteos
641 1149 795 1184 injicerent,
805 1149 899 1184 sicque
914 1156 1000 1184 aquas
1012 1149 1121 1177 infesta-

331 1201 405 1228 rent,
430 1197 471 1224 vel
483 1195 556 1231 quod
571 1195 598 1222 in
614 1196 688 1222 cives
702 1195 729 1222 in
743 1194 832 1222 triviis
847 1194 987 1230 insperato
1001 1195 1118 1230 projice-

331 1246 403 1275 rent,
419 1242 520 1278 populo
534 1245 606 1268 metu
616 1241 709 1271 anxio,
720 1244 747 1268 et
763 1240 871 1268 concilii
889 1240 964 1275 inopi
982 1248 1060 1275 opem
1074 1244 1119 1267 tu-

331 1289 362 1315 lit
376 1287 502 1324 Tyaneus
515 1286 676 1321 Apollonius
690 1286 778 1313 tribus
791 1285 906 1313 ciconiis
916 1293 932 1313 e
944 1285 1032 1320 lapide
1047 1285 1118 1313 inter

331 1341 362 1362 se
376 1333 502 1361 obversis
525 1331 635 1364 erectis,
652 1339 713 1367 quae
732 1330 860 1366 deinceps
878 1331 939 1359 aliis
954 1331 1068 1358 ciconils
1084 1339 1118 1358 ne

331 1379 428 1407 urbem
445 1377 625 1405 ascenderent
641 1381 719 1405 erant
739 1377 945 1412 impedimento.
972 1376 1060 1412 Hujus
1075 1377 1118 1404 lii-

331 1425 425 1453 storiae
439 1427 534 1451 auctor
550 1427 591 1451 est
605 1422 756 1458 Hesychius
772 1422 894 1450 Milesius
910 1423 1001 1450 libello
1017 1422 1054 1450 De
1075 1431 1118 1449 re-

332 1471 380 1498 bus
391 1470 486 1505 patriis
508 1468 821 1502 Constantinopolitanis.
836 1467 924 1496 Verba
949 1469 1009 1503 ejus
1025 1474 1091 1496 sunt
1107 1477 1114 1495 :

331 1515 437 1551 Μικρὸν
453 1515 502 1550 μὲν
524 1514 637 1549 ὕστερον
659 1513 764 1544 nam;
783 1512 893 1540 Dinaaus
910 1521 1018 1548 nempe.
1032 1514 1060 1539 ὲν
1081 1514 1115 1549 τῇ

1173 279 1209 315 gii
1222 280 1319 308 Cadini
1332 282 1424 311 libello
1435 283 1475 312 De
1488 285 1564 313 rebus
1574 287 1671 322 patriis
1678 285 1958 322 Constantinopoleos.

1171 332 1235 353 cum
1249 327 1287 354 ita
1298 328 1439 364 scripserit
1451 338 1458 357 :
1476 329 1538 358 Non
1553 331 1628 367 longe
1641 336 1711 366 post,
1725 340 1785 359 cum
1799 340 1860 361 aves
1872 334 1959 362 inimi-

1171 379 1231 399 cum
1244 374 1364 400 ani-turn
1375 374 1533 408 induissent,
1545 382 1656 405 mortem
1670 378 1921 413 insuperinfernnt,
1933 384 1963 407 el

1172 422 1304 451 serpentes
1320 418 1348 445 in
1365 426 1435 454 aqua
1455 426 1546 455 captos
1562 422 1591 449 in
1603 422 1674 449 uiam
1694 422 1829 458 publicani
1842 423 1961 459 projice-

1171 466 1239 493 rent,
1258 463 1326 489 cives
1338 467 1444 497 stupore
1451 464 1574 498 perculsi
1586 470 1673 493 nant.

1206 506 1288 540 lbid.,
1303 506 1353 535 lin.
1363 508 1407 536 si.
1430 511 1465 537 Al
1485 509 1520 537 δὲ
1536 509 1655 546 γέρανοι
1669 511 1744 547 ὁμοῦ
1759 511 1864 540 πᾶσαι.
1883 512 1964 543 Βίοι-

1172 552 1236 587 lius,
1259 553 1333 581 hom.
1352 554 1384 582 8:
1400 556 1462 588 Πῶς
1481 557 1531 592 μὲν
1548 558 1576 584 αἱ
1592 557 1704 594 γέρανοι
1717 559 1768 592 τὰς
1782 561 1812 587 tv
1830 562 1866 597 τῇ
1880 562 1963 589 νυκτὶ.

1172 599 1295 634 φυλακὰς
1319 601 1353 628 ἐκ
1378 602 1546 638 περιτροπῆς
1565 603 1757 639 ὕποδέχονται;
1782 606 1829 633 καὶ
1854 607 1884 634 ¢l
1908 607 1961 643 μὶν

1171 644 1358 678 καθεύδουσιν,
1367 647 1396 673 αἱ
1408 647 1437 674 δὲ
1447 648 1540 684 κΰκλῳ
1550 649 1705 684 περιϊοῦσαι
1719 651 1810 678 πᾶσαν
1819 652 1916 685 αὐταῖς
1928 653 1962 681 ιν

1170 689 1209 726 τῷ
1224 690 1302 727 ὕπνῳ
1313 693 1478 728 παρέχονται
1489 694 1540 730 τὴν
1549 695 1710 730 ἀσφάλειαν.
1723 694 1791 724 Εἶτα
1799 697 1846 725 τοῦ
1860 697 1960 736 καιροῦ

1170 736 1220 771 τῆς
1244 737 1367 773 φυλακῆς
1394 739 1597 776 πληρουμένου,
1622 741 1640 776 ἠ
1672 740 1723 777 μὲν
1740 740 1864 778 Monac
1889 743 1961 780 πρδς

1171 780 1255 809 ὕπνον
1270 783 1416 818 ιτράπτο,
1431 786 1447 820 η
1462 785 1491 811 δι
1501 785 1551 821 τὴν
1565 786 1691 823 διαδοχὴν
1708 786 1906 826 suasum,
1924 787 1961 826 ἧς

1172 826 1267 862 ἔτυχεν
1279 828 1428 862 ἀσφαλείας
1434 829 1583 857 ἀντέδωκεν
1595 831 1625 858 ὲν
1640 830 1680 866 τῷ
1694 832 1782 867 μέρει.
1795 833 1906 869 Ταύτην
1912 834 1961 861 καὶ

1175 872 1204 898 ιν
1216 874 1249 908 τῇ
1258 874 1414 910 πτήσειτὴν
1425 875 1551 908 εὐταξίαν
1564 875 1687 911 κατόψει.
1702 876 1813 905 ’Δλλστι
1828 878 1960 915 γὰράλλη

1174 918 1224 952 τὴν
1238 919 1349 954 ὁδηγιαν
1362 921 1513 956 ἐκδέχεται,
1530 922 1577 948 καὶ
1594 923 1693 950 τακτόν
1704 932 1765 951 τινα
1779 924 1876 960 χρόνον
1889 933 1961 960 προ-

1175 961 1388 999 καθηγησαμένη
1401 964 1451 999 τῆς
1466 965 1603 1001 πτήσεως,
1619 967 1660 999 εις
1674 967 1705 995 τὸ
1720 969 1835 996 κατόπιν
1850 969 1962 1005 περιελ-

1175 1006 1260 1034 θοῦσα
1277 1010 1309 1044 τῇ
1323 1008 1382 1043 μεθ’
1394 1010 1479 1046 αὐτὴν
1495 1011 1544 1046 τὴν
1556 1012 1706 1048 ἠγεμονίαν
1715 1014 1765 1050 τῆς
1777 1014 1837 1041 ὁδοῦ
1849 1015 1963 1051 παραδι-

1173 1051 1266 1079 δωοιν.
1284 1051 1390 1080 Similia
1407 1055 1503 1082 scribit
1519 1056 1692 1090 Aristoteles.
1716 1058 1765 1086 lib.
1788 1067 1815 1087 ιι
1831 1059 1872 1087 De
1894 1059 1961 1089 hist.

1174 1098 1270 1131 enim,
1285 1106 1346 1134 cap.
1360 1100 1410 1134 l0;
1424 1100 1541 1134 Plinius,
1555 1102 1604 1130 lib.
1620 1111 1649 1136 ι,
1665 1110 1725 1139 cap.
1738 1104 1794 1138 25;
1815 1104 1904 1139 Phile,
1928 1106 1959 1135 in

1174 1143 1292 1177 lambis;
1306 1144 1441 1179 Elianus,
1457 1147 1506 1175 lib.
1524 1155 1544 1175 ιι
1560 1147 1599 1176 De
1610 1148 1673 1177 hist.
1688 1149 1784 1182 enim,
1798 1159 1861 1187 cap.
1878 1152 1906 1179 Ι.

1208 1189 1268 1217 Col.
1285 1190 1348 1225 735,
1366 1191 1415 1219 lin.
1434 1193 1459 1220 l.
1490 1193 1542 1221 Ἐν
1556 1193 1591 1221 δὲ
1605 1194 1646 1227 τῷ
1659 1195 1826 1223 καθεύδειν.
1839 1195 1959 1231 Plinius,

1173 1235 1220 1263 lib.
1235 1244 1265 1269 ι,
1279 1243 1339 1272 cap.
1365 1237 1417 1271 23;
1443 1237 1620 1272 Plutarchus,
1643 1239 1684 1268 De
1710 1241 1801 1268 solert.
1832 1243 1960 1276 animal;

1172 1279 1275 1313 ilorus,
1288 1282 1338 1310 lib.
1353 1290 1383 1315 ιι,
1399 1290 1460 1318 cap.
1475 1283 1528 1318 9L;
1553 1284 1728 1319 Aristoteles.
1742 1287 1791 1315 lib.
1808 1295 1847 1320 Ix,
1860 1288 1901 1316 De
1917 1289 1960 1316 ki-

1171 1330 1238 1355 star.
1266 1328 1392 1360 animoL,
1422 1337 1483 1364 cap.
1515 1330 1565 1364 to;
1589 1330 1738 1365 Gregorius
1756 1332 1961 1370 Naziamenus.

1171 1377 1241 1400 orat.
1258 1374 1285 1406 2,
1302 1374 1336 1402 de
1363 1374 1529 1410 Theologia;
1547 1376 1687 1411 Elianus,
1706 1380 1753 1408 lib.
1773 1387 1817 1413 ιιι,
1838 1381 1878 1409 De
1892 1382 1958 1409 In'st.

1171 1421 1266 1453 enim,
1284 1428 1345 1456 cap.
1362 1421 1411 1454 l3;
1427 1421 1562 1452 Maximus
1573 1424 1685 1460 Tyrius,
1697 1431 1768 1455 orat.
1781 1427 1833 1461 40;
1848 1428 1958 1462 Cicero,

1171 1472 1190 1491 ιι
1208 1465 1245 1492 De
1259 1471 1357 1493 natura
1383 1466 1514 1500 dearum;
1537 1468 1661 1501 Solinus,
1676 1470 1800 1500 Andreas
1822 1473 1960 1506 Aleiatus,

1170 1511 1217 1538 lib.
1236 1511 1416 1547 il’arergon.,
1432 1520 1493 1548 cap.
1508 1513 1554 1546 20,
1571 1516 1618 1549 qui
1636 1521 1693 1543 tum
1706 1516 1740 1544 de
1758 1525 1857 1552 gruum
1874 1526 1960 1546 excu-

331 1561 421 1593 πόλει,
433 1560 480 1587 καὶ
491 1561 554 1591 τοὺς
564 1558 718 1595 βαρϐάρους
731 1559 924 1605 ἀπωσάμενος,
931 1559 1116 1605 αῢτδςνὲστρα-
1131 1576 1152 1605 c
1170 1558 1177 1585 l

1111 1573 1116 1577 -
1131 1576 1152 1605 ε
1170 1558 1233 1590 biis,
1259 1561 1318 1585 tum
1332 1559 1435 1605 Avolatu
1452 1563 1583 1588 tractant.
1599 1561 1632 1588 Et
1646 1562 1839 1596 Cassiodorus,
1850 1564 1899 1592 lib.
1916 1573 1957 1598 ix.

331 1608 436 1643 τήγησε
450 1606 498 1633 τοῦ
514 1606 600 1641 δήμου
616 1605 670 1632 τῶν
689 1604 850 1637 Βυζαντίων.
870 1604 938 1631 Καθ’
952 1604 999 1635 οὓς
1011 1604 1043 1640 δὴ
1057 1604 1118 1640 χρι-

331 1661 394 1684 νους
411 1652 458 1679 καὶ
470 1652 624 1687 δρακόντων
637 1651 751 1677 πλεῖστα
761 1650 827 1684 γένη
844 1650 1006 1685 ὲπεφοίτησε
1017 1651 1050 1685 τῇ
1067 1650 1117 1676 πό,

330 1698 384 1730 λει,
400 1697 438 1730 ὡς
447 1698 511 1729 τοὺς
525 1697 665 1728 οἰκοῦντας
679 1696 763 1726 αὐτὴν
775 1695 977 1731 διαφθείρεσθαι
995 1704 1002 1710 ·
1026 1695 1072 1728 οὒς
1085 1696 1117 1730 δὴ

331 1744 366 1778 τῇ
382 1741 437 1768 τῶν
452 1741 626 1777 καλουμένων
642 1741 787 1776 πελαργῶν
800 1740 914 1776 ὀρνίθων
936 1741 1056 1776 ὲπιφορᾷ
1079 1741 1118 1767 δι-

331 1789 494 1824 εχρήσαντο,
511 1787 686 1819 Ποσειδῶνος,
700 1787 738 1818 ὥς
747 1795 822 1821 φασι,
840 1787 1064 1822 συνεργήσαντος.
1078 1788 1116 1814 Οὐ

332 1833 403 1869 μετὰ
421 1833 488 1860 πολὺ
500 1832 529 1859 δὲ
544 1833 590 1859 καὶ
606 1832 660 1859 τῶν
674 1832 789 1868 ὀρνίθων
806 1832 897 1864 αὐτοῖς
921 1832 1030 1859 ἐναντία.
1051 1841 1117 1867 φρο-

330 1880 460 1911 νούντων,
487 1880 535 1907 καὶ
561 1879 685 1906 θανάτων
710 1880 800 1907 αἰτίαν
816 1880 982 1914 ἐπαγόντων,
999 1878 1062 1910 τούς
1087 1887 1116 1905 τε

331 1925 528 1961 ἁλισκομένους
540 1926 632 1957 αὐτοῖς
641 1925 717 1960 ὄφεις
732 1925 800 1960 πρὸς
810 1925 857 1957 τὰς
866 1925 919 1951 τῶν
931 1925 1033 1952 ὑδάτων
1041 1925 1117 1957 δεξα-

332 1972 417 2008 μενὰς
442 1971 646 2003 ἀκοντιζόντων,
672 1971 718 1997 καὶ
746 1972 802 2002 τοῖς
815 1979 846 2004 γε
865 1970 987 2001 πολίταις
1007 1970 1116 2005 ἀφανῶς

330 2018 540 2049 ἐπιϐαλλόντων,
553 2017 582 2043 ὲν
593 2017 698 2052 ἀφασίᾳ
711 2016 853 2043 διετέλουν.
877 2016 958 2052 ’Λνὴρ
970 2016 998 2043 δέ
1012 2024 1053 2048 τις
1064 2017 1116 2043 τῶν

330 2063 364 2089 ὲκ
369 2063 491 2094 Τυάνων,
499 2061 617 2097 τοῦνομα
624 2061 810 2093 Ἀπολλώνιος,
820 2062 851 2088 ὲκ
859 2061 932 2088 λίθου
941 2060 1033 2094 ξεστοῦ
1044 2063 1117 2096 τρεῖς

331 2110 498 2143 ἀνεστήσατο
512 2108 663 2143 πελαργοὺς
674 2106 888 2143 ἁντιτιροσώπως
899 2107 1022 2142 ἀλλήλοις
1032 2107 1116 2141 ὀρῶν-

331 2163 392 2186 τας,
409 2154 433 2180 οἳ
450 2154 497 2180 καὶ
512 2154 592 2189 μέχρι
609 2153 663 2180 τῶν
679 2153 726 2180 νῦν
746 2152 903 2189 διαμένουσι
928 2152 983 2179 τῶν
1001 2153 1114 2188 χρόνων,

331 2200 362 2225 οὺ
378 2198 580 2234 συγχωροῦντες
604 2198 776 2233 ἐπιφοιτῆσαι
804 2199 836 2232 τῇ
859 2197 935 2223 πόλει
953 2197 983 2223 τὸ
998 2197 1052 2223 τῶν
1072 2205 1116 2223 πε-

1168 1603 1249 1638 epist.
1266 1603 1284 1630 2
1299 1613 1306 1630 :
1325 1602 1408 1631 Grues
1420 1605 1548 1632 moralem
1564 1612 1689 1634 nouerunt
1708 1616 1828 1636 exercere
1846 1618 1958 1638 concor-

1169 1650 1241 1676 diam
1257 1658 1266 1676 :
1281 1651 1350 1677 inter
1368 1659 1433 1686 quas
1459 1651 1550 1679 nullus
1579 1654 1711 1687 primatus
1735 1657 1958 1692 quaeritantium

1168 1695 1317 1729 iniquitatis
1333 1695 1448 1723 ambitus
1460 1705 1512 1723 non
1536 1697 1658 1725 habetur.
1688 1698 1806 1733 Vigilant
1826 1700 1955 1736 nit-issine,

1168 1742 1301 1768 communi
1316 1750 1344 1768 se
1357 1742 1462 1770 cautela
1478 1742 1641 1776 custodiunt,
1659 1744 1713 1778 ipse
1723 1750 1815 1779 pastus
1836 1747 1957 1775 alternus

1167 1791 1216 1814 est.
1233 1786 1278 1814 Sic
1292 1786 1376 1814 honor
1387 1788 1468 1815 nullis
1481 1788 1620 1822 adimitur,
1636 1789 1700 1816 dum
1720 1791 1809 1827 omnia
1824 1791 1872 1818 sub
1887 1800 1960 1819 cont-

1168 1832 1290 1859 mtmt'one
1304 1838 1451 1861 seruantur.
1464 1833 1514 1861 llis
1525 1835 1606 1861 etiam
1619 1834 1723 1862 uolatus
1734 1835 1833 1862 vicaria
1846 1839 1958 1872 equali-

1169 1882 1222 1904 tate
1236 1878 1396 1912 dispertitur,
1419 1880 1516 1906 ultima
1529 1880 1561 1914 ﬁt
1579 1880 1677 1914 prima,
1699 1885 1725 1907 et
1739 1888 1797 1916 qua:
1812 1881 1957 1915 primatum

1169 1924 1251 1950 tenuit
1263 1932 1318 1951 esse
1331 1926 1460 1959 posterior
1473 1934 1525 1952 non
1541 1930 1655 1953 recusat.
1678 1925 1723 1953 Sic
1737 1926 1853 1961 quadam
1882 1935 1956 1955 com-

1168 1969 1291 1996 munione
1312 1970 1420 1997 sociatm
1431 1970 1482 1997 sibi
1501 1971 1557 1997 sine
1574 1970 1678 2006 regibus
1693 1970 1882 2006 obsequuntur,
1897 1973 1956 2000 sine

1167 2013 1305 2041 dominatu
1318 2020 1421 2049 parcnt,
1434 2016 1490 2042 sine
1504 2021 1604 2043 terrore
1627 2016 1803 2050 famulantur.
1825 2017 1956 2046 Volunta-

1167 2059 1215 2086 ria:
1239 2059 1374 2086 serviendo
1403 2060 1491 2087 libera:
1511 2065 1583 2094 sunt,
1602 2065 1627 2087 et
1643 2061 1752 2088 invicem
1769 2070 1796 2089 se
1819 2063 1955 2098 diligendo

1167 2106 1331 2132 muniuntur.
1342 2105 1461 2137 Quarum
1472 2114 1561 2133 rerum
1574 2107 1725 2140 scriptores,
1744 2116 1833 2135 rerum
1845 2114 1957 2136 natura-

1168 2149 1231 2175 lium
1246 2154 1408 2184 contuentes,
1433 2151 1554 2186 politiam
1570 2151 1764 2186 quodammodo
1788 2154 1857 2181 inter
1882 2155 1954 2188 ipsos

1166 2203 1222 2222 esse
1238 2203 1453 2230 commemorant,
1462 2206 1528 2231 quas
1536 2199 1617 2225 civica
1630 2199 1726 2233 affectu
1737 2199 1818 2227 vicere
1829 2208 1955 2235 cognove-

332 2244 441 2279 λαργῶν
467 2244 554 2277 γένος.
577 2242 643 2275 Qua:
659 2250 799 2278 perperam
814 2243 893 2269 aliter
908 2241 1004 2268 Latine
1029 2241 1114 2268 intcr-
1130 2250 1154 2279 ι)
1168 2245 1239 2267 runt.
1266 2241 1343 2274 Quod
1371 2246 1461 2269 autem
1490 2243 1567 2269 multi
1590 2247 1702 2270 narrant
1725 2244 1760 2272 de
1776 2244 1876 2279 lapide,
1898 2253 1955 2280 quo

334 2295 438 2325 prelata
455 2293 529 2321 sunt,
552 2296 614 2316 cum
631 2288 772 2316 sententize
800 2287 922 2314 auctoris
945 2286 1046 2314 Cnet-ie
1061 2286 1113 2314 La-

333 2337 390 2363 tina
406 2342 460 2361 non
475 2333 668 2368 respondeant.
685 2332 745 2360 Non
761 2332 833 2359 enim
851 2333 964 2360 ciconia:
981 2340 1014 2360 ex
1034 2334 1114 2367 aquis

332 2380 690 2416 extrahebant_serpentes,
718 2386 787 2412 quos
816 2377 843 2404 in
862 2378 965 2413 plateas
992 2378 1114 2413 publicas

332 2427 512 2463 projicerent;
532 2425 580 2452 sed
596 2424 709 2451 ciconia:
727 2424 848 2450 sublatus
878 2428 1030 2458 serpentes,
1051 2431 1115 2458 par-

331 2473 382 2501 tim
398 2473 425 2499 in
440 2476 549 2506 puteos,
566 2470 623 2497 sive
639 2470 774 2496 cisternas
793 2468 982 2500 demittebant,
997 2477 1113 2504 quorum

332 2525 438 2546 veneno
454 2524 531 2551 aqum
546 2515 748 2546 inliciebantur,
767 2515 882 2549 ideoque
895 2514 1002 2542 civibus
1017 2515 1114 2543 biben-

332 2565 406 2592 tibus
417 2564 516 2594 tioxiaz,
532 2562 574 2590 vel
588 2561 682 2588 saltem
695 2565 828 2595 suspecta:
842 2560 1035 2594 reddebantur,
1052 2569 1114 2596 par-

334 2612 381 2638 tim
399 2610 565 2645 supcripsos
580 2608 653 2635 cives
666 2607 739 2634 aliud
752 2610 876 2641 agentes,
892 2606 934 2633 vel
953 2607 1037 2635 rebus
1051 2607 1113 2634 aliis

334 2656 361 2683 in
383 2656 472 2683 triviis
497 2659 524 2682 et
545 2654 642 2689 plateis
668 2652 783 2688 publicis
810 2652 998 2680 incumbentes
1016 2657 1112 2687 praeter

333 2709 420 2737 spem,
439 2707 465 2728 et
476 2700 618 2735 absqueco
631 2698 702 2733 quod
718 2698 769 2732 ipsi
786 2697 812 2724 id
824 2698 1014 2731 odorarentur,
1027 2699 1115 2733 conji-

334 2747 451 2774 ciebant.
463 2745 553 2779 Quare
566 2746 640 2772 cives
655 2747 682 2771 et
705 2746 778 2769 metu
799 2743 923 2777 periculi,
949 2748 976 2770 et
1003 2744 1114 2771 remedii

334 2792 432 2827 ignari,
442 2791 568 2819 maximis
578 2790 742 2825 urgebantur
753 2789 898 2822 angustiis.
911 2789 997 2816 Simili
1010 2797 1113 2821 errore,

333 2844 359 2864 et
373 2838 432 2873 pari
452 2837 591 2865 sententiis
604 2836 774 2872 ignoratione
784 2835 811 2862 in
832 2835 967 2863 similibus
981 2836 1072 2865 verbis
1087 2840 1115 2863 et

335 2883 431 2912 eadem
448 2884 573 2916 materia,
588 2882 710 2918 quamvis
728 2881 755 2909 in
777 2884 888 2909 auclore
899 2881 1006 2910 diverso
1023 2882 1109 2909 inter-

1166 2293 1248 2318 grues
1269 2290 1399 2322 tanquam
1427 2286 1585 2314 fulcilnento
1608 2292 1734 2320 utuntur,
1757 2288 1822 2315 dum
1847 2289 1952 2321 volant,

1167 2330 1264 2358 falsum
1294 2341 1354 2359 esse
1376 2333 1440 2358 dicit
1465 2332 1634 2366 Aristotcles,
1668 2334 1714 2361 lib.
1741 2343 1799 2364 vm,
1826 2333 1865 2361 De
1887 2335 1950 2362 hist.

1166 2380 1259 2409 anim.,
1278 2388 1337 2413 cap.
1356 2378 1403 2404 19.:
1422 2378 1472 2404 Sed
1492 2379 1577 2404 avium
1590 2388 1676 2413 grues,
1699 2385 1726 2405 ul
1740 2381 1838 2406 dictum
1852 2385 1903 2411 est,
1919 2389 1953 2407 cz

1166 2425 1266 2452 ultimis
1281 2426 1305 2450 iu
1318 2425 1413 2450 ultima
1428 2424 1533 2455 abeunt,
1554 2426 1641 2451 volant
1656 2426 1722 2459 [lam
1735 2426 1857 2453 scrundo.
1874 2426 1952 2459 Quod

1164 2470 1197 2497 de
1210 2470 1297 2504 lapide
1317 2474 1437 2499 narraui,
1462 2469 1558 2502 falsum
1576 2476 1624 2499 est.
1640 2471 1751 2504 lapidem
1768 2472 1837 2497 enim
1852 2479 1897 2497 eas
1911 2476 1951 2498 te-

1165 2524 1225 2543 nere
1241 2516 1405 2550 {illt‘lnll’lll0,
1424 2523 1496 2549 quem
1513 2516 1555 2541 ulli
1570 2516 1706 2548 decidcrll,
1723 2517 1807 2550 accipi
1818 2516 1907 2543 utilem
1916 2516 1952 2542 ad

1166 2562 1413 2597 auriprubulimzcm
1431 2561 1516 2586 aiunt.
1540 2561 1631 2596 Neque
1650 2563 1760 2590 silentio
1783 2566 1952 2597 praetereun-

1165 2608 1230 2635 dum
1262 2607 1333 2642 quod
1359 2606 1446 2633 Julius
1465 2605 1587 2642 Scaliger
1610 2608 1636 2634 in
1664 2607 1778 2634 Poeticis
1795 2608 1822 2634 in
1840 2606 1951 2636 timeas

1166 2654 1367 2681 animadvertit.
1390 2651 1518 2679 Fabulam
1531 2661 1591 2680 esse
1605 2644 1759 2687 grmculam.
1777 2661 1837 2687 qua:
1851 2652 1952 2682 Home-

1165 2706 1213 2726 rus
1227 2698 1310 2725 rclcrl
1325 2697 1357 2723 de
1378 2704 1474 2730 gruum
1501 2705 1561 2724 cum
1589 2698 1719 2733 pygmzcis
1746 2705 1846 2733 pugna.
1871 2698 1951 2731 Quod

1166 2752 1227 2772 cum
1254 2748 1327 2770 esset
1352 2742 1536 2775 Homericum.
1552 2745 1585 2771 ab
1609 2744 1725 2770 Homero
1744 2743 1857 2777 dictum,
1882 2745 1951 2772 nihil

1166 2790 1264 2817 mirum
1288 2790 1309 2814 si
1326 2797 1378 2815 non
1402 2789 1503 2816 arridet
1516 2790 1664 2825 Scaligero.
1682 2789 1748 2816 Illud
1765 2790 1863 2817 mirum
1878 2798 1951 2826 quo-

1165 2835 1247 2862 modo
1264 2835 1303 2861 illi
1323 2843 1377 2861 non
1390 2835 1521 2867 arriserit,
1542 2836 1611 2862 idem
1629 2835 1779 2863 allirmantc
1790 2836 1950 2864 Aristotele.

1166 2880 1215 2908 llic
1231 2888 1358 2915 namque,
1387 2881 1432 2907 lib.
1452 2889 1499 2908 \‘Iil
1527 2882 1563 2908 De
1582 2882 1643 2909 hist.
1662 2882 1756 2914 anim.,
1776 2890 1836 2912 cap.
1855 2882 1890 2910 12
1905 2882 1950 2910 νει

2004 3128 2058 3148 3:;
