  <div class='ocr_page' id='page_1' title='image "/cluster/home/n/w/nwhite01/storage/ocr_20150623/18/njp.32101064224536/475.png"; bbox 0 0 2143 3163; ppageno 0'>
   <div class='ocr_carea' id='block_1_1' title="bbox 335 176 388 204">
    <p class='ocr_par' dir='ltr' id='par_1_1' title="bbox 335 176 388 204">
     <span class='ocr_line' id='line_1_1' title="bbox 335 176 388 204; baseline -0.019 0"><span class='ocrx_word' id='word_1_1' title='bbox 335 176 388 204; x_wconf 77' lang='grc' dir='ltr'><strong>9οἸ</strong></span> 
     </span>
    </p>
   </div>
   <div class='ocr_carea' id='block_1_2' title="bbox 336 278 1122 315">
    <p class='ocr_par' dir='ltr' id='par_1_2' title="bbox 336 278 1122 315">
     <span class='ocr_line' id='line_1_2' title="bbox 336 278 1122 315; baseline -0.001 -8"><span class='ocrx_word' id='word_1_2' title='bbox 336 280 477 315; x_wconf 74' lang='lat' dir='ltr'><strong>gnitudine</strong></span> <span class='ocrx_word' id='word_1_3' title='bbox 494 283 520 307; x_wconf 85' lang='lat' dir='ltr'><strong>et</strong></span> <span class='ocrx_word' id='word_1_4' title='bbox 534 283 615 306; x_wconf 88' lang='lat' dir='ltr'><strong>cantu</strong></span> <span class='ocrx_word' id='word_1_5' title='bbox 630 289 635 307; x_wconf 91' lang='lat'>:</span> <span class='ocrx_word' id='word_1_6' title='bbox 654 283 681 306; x_wconf 91' lang='lat' dir='ltr'><strong>ct</strong></span> <span class='ocrx_word' id='word_1_7' title='bbox 702 279 822 306; x_wconf 82' lang='lat' dir='ltr'><strong>minores</strong></span> <span class='ocrx_word' id='word_1_8' title='bbox 841 279 869 305; x_wconf 90' lang='lat' dir='ltr'><strong>in</strong></span> <span class='ocrx_word' id='word_1_9' title='bbox 890 278 1061 306; x_wconf 87' lang='lat' dir='ltr'><strong>arundinetis</strong></span> <span class='ocrx_word' id='word_1_10' title='bbox 1077 286 1122 306; x_wconf 90' lang='lat' dir='ltr'><strong>ca-</strong></span> 
     </span>
    </p>
   </div>
   <div class='ocr_carea' id='block_1_3' title="bbox 337 323 1123 360">
    <p class='ocr_par' dir='ltr' id='par_1_3' title="bbox 337 323 1123 360">
     <span class='ocr_line' id='line_1_3' title="bbox 337 323 1123 360; baseline -0.003 -8"><span class='ocrx_word' id='word_1_11' title='bbox 337 334 411 353; x_wconf 82' lang='lat' dir='ltr'><strong>nere.</strong></span> <span class='ocrx_word' id='word_1_12' title='bbox 426 325 512 352; x_wconf 79' lang='lat' dir='ltr'><strong>Mares</strong></span> <span class='ocrx_word' id='word_1_13' title='bbox 527 325 608 360; x_wconf 89' lang='lat' dir='ltr'><strong>ceryli</strong></span> <span class='ocrx_word' id='word_1_14' title='bbox 628 329 770 355; x_wconf 80' lang='lat' dir='ltr'><strong>vocamur,</strong></span> <span class='ocrx_word' id='word_1_15' title='bbox 787 329 817 350; x_wconf 94' lang='lat' dir='ltr'><strong>ut</strong></span> <span class='ocrx_word' id='word_1_16' title='bbox 832 323 1023 351; x_wconf 76' lang='lat' dir='ltr'><strong>animadvertit</strong></span> <span class='ocrx_word' id='word_1_17' title='bbox 1045 324 1123 351; x_wconf 87' lang='lat' dir='ltr'><strong>Anti—</strong></span> 
     </span>
    </p>
   </div>
   <div class='ocr_carea' id='block_1_4' title="bbox 335 369 1121 406">
    <p class='ocr_par' dir='ltr' id='par_1_4' title="bbox 335 369 1121 406">
     <span class='ocr_line' id='line_1_4' title="bbox 335 369 1121 406; baseline -0.001 -8"><span class='ocrx_word' id='word_1_18' title='bbox 335 378 422 406; x_wconf 77' lang='lat' dir='ltr'><strong>gonus</strong></span> <span class='ocrx_word' id='word_1_19' title='bbox 438 371 582 401; x_wconf 77' lang='lat' dir='ltr'><strong>Caristius,</strong></span> <span class='ocrx_word' id='word_1_20' title='bbox 598 371 643 397; x_wconf 84' lang='lat' dir='ltr'><strong>lib.</strong></span> <span class='ocrx_word' id='word_1_21' title='bbox 664 370 699 397; x_wconf 88' lang='lat' dir='ltr'><strong>De</strong></span> <span class='ocrx_word' id='word_1_22' title='bbox 715 370 830 396; x_wconf 79' lang='lat' dir='ltr'><strong>mirabil.</strong></span> <span class='ocrx_word' id='word_1_23' title='bbox 849 374 953 396; x_wconf 87' lang='lat' dir='ltr'><strong>narrat.</strong></span> <span class='ocrx_word' id='word_1_24' title='bbox 967 369 1039 402; x_wconf 86' lang='lat' dir='ltr'><strong>Qui,</strong></span> <span class='ocrx_word' id='word_1_25' title='bbox 1059 378 1121 397; x_wconf 90' lang='lat' dir='ltr'><strong>cum</strong></span> 
     </span>
    </p>
   </div>
   <div class='ocr_carea' id='block_1_5' title="bbox 335 415 1122 450">
    <p class='ocr_par' dir='ltr' id='par_1_5' title="bbox 335 415 1122 450">
     <span class='ocr_line' id='line_1_5' title="bbox 335 415 1122 450; baseline -0.001 -6"><span class='ocrx_word' id='word_1_26' title='bbox 335 417 412 444; x_wconf 87' lang='lat' dir='ltr'><strong>senio</strong></span> <span class='ocrx_word' id='word_1_27' title='bbox 437 417 541 444; x_wconf 86' lang='lat' dir='ltr'><strong>viribus</strong></span> <span class='ocrx_word' id='word_1_28' title='bbox 564 416 684 447; x_wconf 86' lang='lat' dir='ltr'><strong>amissis,</strong></span> <span class='ocrx_word' id='word_1_29' title='bbox 700 416 791 443; x_wconf 90' lang='lat' dir='ltr'><strong>volare</strong></span> <span class='ocrx_word' id='word_1_30' title='bbox 816 423 897 450; x_wconf 86' lang='lat' dir='ltr'><strong>posse</strong></span> <span class='ocrx_word' id='word_1_31' title='bbox 917 415 1057 447; x_wconf 87' lang='lat' dir='ltr'><strong>desinunt,</strong></span> <span class='ocrx_word' id='word_1_32' title='bbox 1074 424 1122 450; x_wconf 77' lang='lat' dir='ltr'><strong>ge-</strong></span> 
     </span>
    </p>
   </div>
   <div class='ocr_carea' id='block_1_6' title="bbox 335 461 1124 495">
    <p class='ocr_par' dir='ltr' id='par_1_6' title="bbox 335 461 1124 495">
     <span class='ocr_line' id='line_1_6' title="bbox 335 461 1124 495; baseline -0.001 -6"><span class='ocrx_word' id='word_1_33' title='bbox 335 467 445 489; x_wconf 85' lang='lat' dir='ltr'><strong>stantur</strong></span> <span class='ocrx_word' id='word_1_34' title='bbox 465 462 516 489; x_wconf 87' lang='lat' dir='ltr'><strong>alis</strong></span> <span class='ocrx_word' id='word_1_35' title='bbox 542 462 720 489; x_wconf 82' lang='lat' dir='ltr'><strong>lemcllarum.</strong></span> <span class='ocrx_word' id='word_1_36' title='bbox 746 461 801 488; x_wconf 88' lang='lat' dir='ltr'><strong>lloc</strong></span> <span class='ocrx_word' id='word_1_37' title='bbox 826 469 907 488; x_wconf 92' lang='lat' dir='ltr'><strong>senex</strong></span> <span class='ocrx_word' id='word_1_38' title='bbox 931 461 987 495; x_wconf 82' lang='lat' dir='ltr'><strong>jam</strong></span> <span class='ocrx_word' id='word_1_39' title='bbox 1007 465 1034 488; x_wconf 88' lang='lat' dir='ltr'><strong>et</strong></span> <span class='ocrx_word' id='word_1_40' title='bbox 1053 469 1124 495; x_wconf 55' lang='lat' dir='ltr'><strong>eger</strong></span> 
     </span>
    </p>
   </div>
   <div class='ocr_carea' id='block_1_7' title="bbox 334 506 1122 541">
    <p class='ocr_par' dir='ltr' id='par_1_7' title="bbox 334 506 1122 541">
     <span class='ocr_line' id='line_1_7' title="bbox 334 506 1122 541; baseline 0 -7"><span class='ocrx_word' id='word_1_41' title='bbox 334 508 460 540; x_wconf 85' lang='lat' dir='ltr'><strong>Alcman,</strong></span> <span class='ocrx_word' id='word_1_42' title='bbox 477 515 527 534; x_wconf 86' lang='lat' dir='ltr'><strong>nec</strong></span> <span class='ocrx_word' id='word_1_43' title='bbox 544 515 595 534; x_wconf 87' lang='lat' dir='ltr'><strong>una</strong></span> <span class='ocrx_word' id='word_1_44' title='bbox 610 514 672 534; x_wconf 90' lang='lat' dir='ltr'><strong>cum</strong></span> <span class='ocrx_word' id='word_1_45' title='bbox 690 507 786 541; x_wconf 90' lang='lat' dir='ltr'><strong>puellis</strong></span> <span class='ocrx_word' id='word_1_46' title='bbox 800 509 900 533; x_wconf 86' lang='lat' dir='ltr'><strong>choros</strong></span> <span class='ocrx_word' id='word_1_47' title='bbox 915 506 1015 533; x_wconf 92' lang='lat' dir='ltr'><strong>duccrc</strong></span> <span class='ocrx_word' id='word_1_48' title='bbox 1028 507 1122 535; x_wconf 85' lang='lat' dir='ltr'><strong>valens</strong></span> 
     </span>
    </p>
   </div>
   <div class='ocr_carea' id='block_1_8' title="bbox 335 553 1124 589">
    <p class='ocr_par' dir='ltr' id='par_1_8' title="bbox 335 553 1124 589">
     <span class='ocr_line' id='line_1_8' title="bbox 335 553 1124 589; baseline 0.001 -9"><span class='ocrx_word' id='word_1_49' title='bbox 335 554 368 580; x_wconf 76' lang='lat' dir='ltr'><strong>all</strong></span> <span class='ocrx_word' id='word_1_50' title='bbox 386 553 537 588; x_wconf 88' lang='lat' dir='ltr'><strong>cerylorum</strong></span> <span class='ocrx_word' id='word_1_51' title='bbox 562 553 767 580; x_wconf 72' lang='lat' dir='ltr'><strong>similitudinem</strong></span> <span class='ocrx_word' id='word_1_52' title='bbox 791 553 867 587; x_wconf 91' lang='lat' dir='ltr'><strong>cupit</strong></span> <span class='ocrx_word' id='word_1_53' title='bbox 883 553 983 587; x_wconf 87' lang='lat' dir='ltr'><strong>gestari</strong></span> <span class='ocrx_word' id='word_1_54' title='bbox 1003 560 1018 580; x_wconf 87' lang='lat' dir='ltr'><strong>a</strong></span> <span class='ocrx_word' id='word_1_55' title='bbox 1041 554 1124 589; x_wconf 83' lang='lat' dir='ltr'><strong>virgi-</strong></span> 
     </span>
    </p>
   </div>
   <div class='ocr_carea' id='block_1_9' title="bbox 335 599 426 627">
    <p class='ocr_par' dir='ltr' id='par_1_9' title="bbox 335 599 426 627">
     <span class='ocr_line' id='line_1_9' title="bbox 335 599 426 627; baseline 0.011 -1"><span class='ocrx_word' id='word_1_56' title='bbox 335 599 426 627; x_wconf 71' lang='lat' dir='ltr'><strong>nibus.</strong></span> 
     </span>
    </p>
   </div>
   <div class='ocr_carea' id='block_1_10' title="bbox 331 653 1019 688">
    <p class='ocr_par' dir='ltr' id='par_1_10' title="bbox 331 653 1019 688">
     <span class='ocr_line' id='line_1_10' title="bbox 331 653 1019 688; baseline 0.001 -8"><span class='ocrx_word' id='word_1_57' title='bbox 331 656 372 681; x_wconf 73' lang='grc' dir='ltr'><strong>Οὔ</strong></span> <span class='ocrx_word' id='word_1_58' title='bbox 386 655 415 688; x_wconf 81' lang='grc' dir='ltr'><strong>μ’</strong></span> <span class='ocrx_word' id='word_1_59' title='bbox 430 654 472 681; x_wconf 75' lang='grc' dir='ltr'><strong>ἔτι</strong></span> <span class='ocrx_word' id='word_1_60' title='bbox 489 655 662 688; x_wconf 77' lang='grc' dir='ltr'><strong>παρθενικαὶ</strong></span> <span class='ocrx_word' id='word_1_61' title='bbox 675 653 854 688; x_wconf 71' lang='grc' dir='ltr'><strong>μελιγάρυες</strong></span> <span class='ocrx_word' id='word_1_62' title='bbox 865 653 1019 687; x_wconf 66' lang='grc' dir='ltr'><strong>ιερόφωνοι</strong></span> 
     </span>
    </p>
   </div>
   <div class='ocr_carea' id='block_1_11' title="bbox 333 688 1124 723">
    <p class='ocr_par' dir='ltr' id='par_1_11' title="bbox 333 688 1124 723">
     <span class='ocr_line' id='line_1_11' title="bbox 333 688 1124 723; baseline 0 -7"><span class='ocrx_word' id='word_1_63' title='bbox 333 690 409 717; x_wconf 82' lang='grc' dir='ltr'><strong>Γυῑα</strong></span> <span class='ocrx_word' id='word_1_64' title='bbox 430 689 530 723; x_wconf 69' lang='grc' dir='ltr'><strong>φέρειν</strong></span> <span class='ocrx_word' id='word_1_65' title='bbox 551 689 684 716; x_wconf 81' lang='grc' dir='ltr'><strong>δύναται.</strong></span> <span class='ocrx_word' id='word_1_66' title='bbox 707 689 785 715; x_wconf 72' lang='grc' dir='ltr'><em>Βάλε</em></span> <span class='ocrx_word' id='word_1_67' title='bbox 800 688 849 721; x_wconf 81' lang='grc' dir='ltr'><strong>δὴ,</strong></span> <span class='ocrx_word' id='word_1_68' title='bbox 870 688 961 719; x_wconf 78' lang='grc' dir='ltr'><strong>βάλε.</strong></span> <span class='ocrx_word' id='word_1_69' title='bbox 987 690 1124 723; x_wconf 71' lang='grc' dir='ltr'><strong>Κηρύλος</strong></span> 
     </span>
    </p>
   </div>
   <div class='ocr_carea' id='block_1_12' title="bbox 335 724 1125 793">
    <p class='ocr_par' dir='ltr' id='par_1_12' title="bbox 335 724 1125 793">
     <span class='ocr_line' id='line_1_12' title="bbox 335 724 1125 793; baseline 0 -8"><span class='ocrx_word' id='word_1_70' title='bbox 335 760 414 786; x_wconf 79' lang='grc' dir='ltr'><strong>”(’στ“</strong></span> <span class='ocrx_word' id='word_1_71' title='bbox 429 759 477 785; x_wconf 70' lang='grc' dir='ltr'><strong>ἐπὶ</strong></span> <span class='ocrx_word' id='word_1_72' title='bbox 492 759 622 792; x_wconf 49' lang='grc' dir='ltr'><strong>κάματος</strong></span> <span class='ocrx_word' id='word_1_73' title='bbox 637 759 728 791; x_wconf 74' lang='grc' dir='ltr'>ἄνθος</span> <span class='ocrx_word' id='word_1_74' title='bbox 738 758 786 792; x_wconf 77' lang='grc' dir='ltr'><strong>ἅμ’</strong></span> <span class='ocrx_word' id='word_1_75' title='bbox 800 724 1125 793; x_wconf 41' lang='grc' dir='ltr'><strong>ἀλκυόνεσσὲῗὲἆται</strong></span> 
     </span>
    </p>
   </div>
   <div class='ocr_carea' id='block_1_13' title="bbox 334 792 1052 828">
    <p class='ocr_par' dir='ltr' id='par_1_13' title="bbox 334 792 1052 828">
     <span class='ocr_line' id='line_1_13' title="bbox 334 792 1052 828; baseline 0 -8"><span class='ocrx_word' id='word_1_76' title='bbox 334 794 447 828; x_wconf 76' lang='grc' dir='ltr'><strong>Λ“ηλεές</strong></span> <span class='ocrx_word' id='word_1_77' title='bbox 460 792 531 827; x_wconf 80' lang='grc' dir='ltr'><strong>ἦτορ</strong></span> <span class='ocrx_word' id='word_1_78' title='bbox 543 794 621 828; x_wconf 78' lang='grc' dir='ltr'><strong>ἔχων</strong></span> <span class='ocrx_word' id='word_1_79' title='bbox 631 794 836 827; x_wconf 60' lang='grc' dir='ltr'><em>άιιπόρφυρος</em></span> <span class='ocrx_word' id='word_1_80' title='bbox 849 796 947 827; x_wconf 78' lang='grc' dir='ltr'><strong>εἴαρος</strong></span> <span class='ocrx_word' id='word_1_81' title='bbox 960 794 1052 827; x_wconf 81' lang='grc' dir='ltr'><strong>ὄρνις.</strong></span> 
     </span>
    </p>
   </div>
   <div class='ocr_carea' id='block_1_14' title="bbox 334 849 1123 886">
    <p class='ocr_par' dir='ltr' id='par_1_14' title="bbox 334 849 1123 886">
     <span class='ocr_line' id='line_1_14' title="bbox 334 849 1123 886; baseline -0.001 -9"><span class='ocrx_word' id='word_1_82' title='bbox 334 850 401 877; x_wconf 89' lang='lat' dir='ltr'><strong>lilnd</strong></span> <span class='ocrx_word' id='word_1_83' title='bbox 420 850 602 886; x_wconf 65' lang='grc' dir='ltr'>ἁλιπόρφυρος</span> <span class='ocrx_word' id='word_1_84' title='bbox 626 849 658 876; x_wconf 73' lang='lat' dir='ltr'><strong>ad</strong></span> <span class='ocrx_word' id='word_1_85' title='bbox 685 850 806 885; x_wconf 90' lang='lat' dir='ltr'><strong>cerylnm</strong></span> <span class='ocrx_word' id='word_1_86' title='bbox 827 851 916 885; x_wconf 92' lang='lat' dir='ltr'><strong>ipsum</strong></span> <span class='ocrx_word' id='word_1_87' title='bbox 945 854 1062 885; x_wconf 75' lang='lat' dir='ltr'><strong>spectat,</strong></span> <span class='ocrx_word' id='word_1_88' title='bbox 1076 849 1123 884; x_wconf 91' lang='lat' dir='ltr'><strong>qui</strong></span> 
     </span>
    </p>
   </div>
   <div class='ocr_carea' id='block_1_15' title="bbox 333 895 1122 931">
    <p class='ocr_par' dir='ltr' id='par_1_15' title="bbox 333 895 1122 931">
     <span class='ocr_line' id='line_1_15' title="bbox 333 895 1122 931; baseline -0.001 -8"><span class='ocrx_word' id='word_1_89' title='bbox 333 896 472 923; x_wconf 81' lang='lat' dir='ltr'><strong>caloribus</strong></span> <span class='ocrx_word' id='word_1_90' title='bbox 490 903 593 930; x_wconf 81' lang='lat' dir='ltr'><strong>cyaneo</strong></span> <span class='ocrx_word' id='word_1_91' title='bbox 608 903 799 930; x_wconf 85' lang='lat' dir='ltr'><strong>purpureoque</strong></span> <span class='ocrx_word' id='word_1_92' title='bbox 814 896 1001 931; x_wconf 84' lang='lat' dir='ltr'><strong>distinguitur,</strong></span> <span class='ocrx_word' id='word_1_93' title='bbox 1019 904 1073 922; x_wconf 90' lang='lat' dir='ltr'><strong>non</strong></span> <span class='ocrx_word' id='word_1_94' title='bbox 1089 895 1122 922; x_wconf 91' lang='lat' dir='ltr'><strong>ad</strong></span> 
     </span>
    </p>
   </div>
   <div class='ocr_carea' id='block_1_16' title="bbox 334 940 1122 977">
    <p class='ocr_par' dir='ltr' id='par_1_16' title="bbox 334 940 1122 977">
     <span class='ocr_line' id='line_1_16' title="bbox 334 940 1122 977; baseline 0.001 -9"><span class='ocrx_word' id='word_1_95' title='bbox 334 942 421 969; x_wconf 85' lang='lat' dir='ltr'><strong>undas</strong></span> <span class='ocrx_word' id='word_1_96' title='bbox 448 942 567 968; x_wconf 86' lang='lat' dir='ltr'><strong>marinas</strong></span> <span class='ocrx_word' id='word_1_97' title='bbox 600 946 629 968; x_wconf 92' lang='lat' dir='ltr'><strong>ut</strong></span> <span class='ocrx_word' id='word_1_98' title='bbox 660 940 821 969; x_wconf 80' lang='lat' dir='ltr'><strong>Cailielmus</strong></span> <span class='ocrx_word' id='word_1_99' title='bbox 849 941 995 977; x_wconf 73' lang='lat' dir='ltr'><strong>:Xylander</strong></span> <span class='ocrx_word' id='word_1_100' title='bbox 1021 946 1122 969; x_wconf 81' lang='lat' dir='ltr'><strong>temere</strong></span> 
     </span>
    </p>
   </div>
   <div class='ocr_carea' id='block_1_17' title="bbox 335 988 426 1014">
    <p class='ocr_par' dir='ltr' id='par_1_17' title="bbox 335 988 426 1014">
     <span class='ocr_line' id='line_1_17' title="bbox 335 988 426 1014; baseline 0 0"><span class='ocrx_word' id='word_1_101' title='bbox 335 988 426 1014; x_wconf 83' lang='lat' dir='ltr'><strong>vertit.</strong></span> 
     </span>
    </p>
   </div>
   <div class='ocr_carea' id='block_1_18' title="bbox 369 1030 1122 1065">
    <p class='ocr_par' dir='ltr' id='par_1_18' title="bbox 369 1030 1122 1065">
     <span class='ocr_line' id='line_1_18' title="bbox 369 1030 1122 1065; baseline -0.004 -6"><span class='ocrx_word' id='word_1_102' title='bbox 369 1031 448 1062; x_wconf 80' lang='lat' dir='ltr'><strong>Ibid..</strong></span> <span class='ocrx_word' id='word_1_103' title='bbox 467 1031 514 1058; x_wconf 91' lang='lat' dir='ltr'><strong>lin.</strong></span> <span class='ocrx_word' id='word_1_104' title='bbox 538 1032 584 1059; x_wconf 82' lang='lat'><strong>&#39;50.</strong></span> <span class='ocrx_word' id='word_1_105' title='bbox 610 1032 664 1058; x_wconf 80' lang='lat' dir='ltr'><strong>Kal</strong></span> <span class='ocrx_word' id='word_1_106' title='bbox 687 1031 765 1065; x_wconf 79' lang='grc' dir='ltr'><strong>παρὰ</strong></span> <span class='ocrx_word' id='word_1_107' title='bbox 790 1031 858 1064; x_wconf 81' lang='grc' dir='ltr'><strong>τοὺς</strong></span> <span class='ocrx_word' id='word_1_108' title='bbox 883 1031 937 1065; x_wconf 85' lang='grc' dir='ltr'><strong>τῆς</strong></span> <span class='ocrx_word' id='word_1_109' title='bbox 963 1030 1122 1064; x_wconf 74' lang='grc' dir='ltr'><strong>θαλάττης.</strong></span> 
     </span>
    </p>
   </div>
   <div class='ocr_carea' id='block_1_19' title="bbox 332 1076 1125 1111">
    <p class='ocr_par' dir='ltr' id='par_1_19' title="bbox 332 1076 1125 1111">
     <span class='ocr_line' id='line_1_19' title="bbox 332 1076 1125 1111; baseline -0.004 -6"><span class='ocrx_word' id='word_1_110' title='bbox 332 1077 508 1108; x_wconf 75' lang='lat' dir='ltr'><strong>Plutarchus.</strong></span> <span class='ocrx_word' id='word_1_111' title='bbox 523 1077 571 1104; x_wconf 87' lang='lat' dir='ltr'><strong>lib.</strong></span> <span class='ocrx_word' id='word_1_112' title='bbox 589 1076 627 1103; x_wconf 88' lang='lat' dir='ltr'><strong>De</strong></span> <span class='ocrx_word' id='word_1_113' title='bbox 639 1084 728 1103; x_wconf 88' lang='lat' dir='ltr'><strong>amore</strong></span> <span class='ocrx_word' id='word_1_114' title='bbox 740 1081 878 1110; x_wconf 88' lang='lat' dir='ltr'><strong>parentum</strong></span> <span class='ocrx_word' id='word_1_115' title='bbox 897 1077 924 1102; x_wconf 88' lang='lat' dir='ltr'><strong>in</strong></span> <span class='ocrx_word' id='word_1_116' title='bbox 937 1076 1020 1110; x_wconf 80' lang='lat' dir='ltr'><strong>ﬁlios,</strong></span> <span class='ocrx_word' id='word_1_117' title='bbox 1034 1076 1125 1111; x_wconf 84' lang='lat' dir='ltr'><strong>alcyo-</strong></span> 
     </span>
    </p>
   </div>
   <div class='ocr_carea' id='block_1_20' title="bbox 334 1122 1124 1157">
    <p class='ocr_par' dir='ltr' id='par_1_20' title="bbox 334 1122 1124 1157">
     <span class='ocr_line' id='line_1_20' title="bbox 334 1122 1124 1157; baseline 0 -7"><span class='ocrx_word' id='word_1_118' title='bbox 334 1124 376 1150; x_wconf 89' lang='lat' dir='ltr'><strong>nei</strong></span> <span class='ocrx_word' id='word_1_119' title='bbox 402 1122 458 1149; x_wconf 89' lang='lat' dir='ltr'><strong>nidi</strong></span> <span class='ocrx_word' id='word_1_120' title='bbox 484 1127 649 1150; x_wconf 74' lang='lat' dir='ltr'><strong>structuram</strong></span> <span class='ocrx_word' id='word_1_121' title='bbox 678 1122 774 1148; x_wconf 93' lang='lat' dir='ltr'><strong>miram</strong></span> <span class='ocrx_word' id='word_1_122' title='bbox 801 1122 1012 1157; x_wconf 72' lang='lat' dir='ltr'><strong>elegantissimis</strong></span> <span class='ocrx_word' id='word_1_123' title='bbox 1033 1123 1124 1150; x_wconf 84' lang='lat' dir='ltr'><strong>verbis</strong></span> 
     </span>
    </p>
   </div>
   <div class='ocr_carea' id='block_1_21' title="bbox 333 1167 1124 1205">
    <p class='ocr_par' dir='ltr' id='par_1_21' title="bbox 333 1167 1124 1205">
     <span class='ocr_line' id='line_1_21' title="bbox 333 1167 1124 1205; baseline -0.001 -10"><span class='ocrx_word' id='word_1_124' title='bbox 333 1169 517 1205; x_wconf 84' lang='lat' dir='ltr'><strong>prosequitur,</strong></span> <span class='ocrx_word' id='word_1_125' title='bbox 545 1168 617 1202; x_wconf 89' lang='lat' dir='ltr'><strong>quod</strong></span> <span class='ocrx_word' id='word_1_126' title='bbox 648 1167 781 1202; x_wconf 77' lang='lat' dir='ltr'><strong>prolixius</strong></span> <span class='ocrx_word' id='word_1_127' title='bbox 813 1168 984 1202; x_wconf 83' lang='lat' dir='ltr'><strong>exsequitur,</strong></span> <span class='ocrx_word' id='word_1_128' title='bbox 1011 1168 1058 1194; x_wconf 87' lang='lat' dir='ltr'><strong>lib.</strong></span> <span class='ocrx_word' id='word_1_129' title='bbox 1086 1167 1124 1194; x_wconf 90' lang='lat' dir='ltr'><strong>De</strong></span> 
     </span>
    </p>
   </div>
   <div class='ocr_carea' id='block_1_22' title="bbox 332 1211 1122 1246">
    <p class='ocr_par' dir='ltr' id='par_1_22' title="bbox 332 1211 1122 1246">
     <span class='ocr_line' id='line_1_22' title="bbox 332 1211 1122 1246; baseline 0.001 -7"><span class='ocrx_word' id='word_1_130' title='bbox 332 1214 465 1246; x_wconf 63' lang='lat' dir='ltr'><strong>industria</strong></span> <span class='ocrx_word' id='word_1_131' title='bbox 483 1213 650 1240; x_wconf 80' lang='lat' dir='ltr'><strong>animalium.</strong></span> <span class='ocrx_word' id='word_1_132' title='bbox 672 1212 739 1241; x_wconf 79' lang='lat' dir='ltr'><strong>Vide</strong></span> <span class='ocrx_word' id='word_1_133' title='bbox 760 1213 872 1240; x_wconf 87' lang='lat' dir='ltr'><strong>omnino</strong></span> <span class='ocrx_word' id='word_1_134' title='bbox 895 1211 1047 1244; x_wconf 66' lang='lat' dir='ltr'><strong>Elianum,</strong></span> <span class='ocrx_word' id='word_1_135' title='bbox 1073 1212 1122 1240; x_wconf 89' lang='lat' dir='ltr'><strong>lib.</strong></span> 
     </span>
    </p>
   </div>
   <div class='ocr_carea' id='block_1_23' title="bbox 334 1257 1122 1293">
    <p class='ocr_par' dir='ltr' id='par_1_23' title="bbox 334 1257 1122 1293">
     <span class='ocr_line' id='line_1_23' title="bbox 334 1257 1122 1293; baseline -0.001 -8"><span class='ocrx_word' id='word_1_136' title='bbox 334 1267 375 1291; x_wconf 74' lang='lat' dir='ltr'><strong>Ix,</strong></span> <span class='ocrx_word' id='word_1_137' title='bbox 404 1258 440 1285; x_wconf 86' lang='lat' dir='ltr'><strong>De</strong></span> <span class='ocrx_word' id='word_1_138' title='bbox 464 1259 558 1286; x_wconf 76' lang='lat' dir='ltr'><strong>histor.</strong></span> <span class='ocrx_word' id='word_1_139' title='bbox 581 1259 705 1289; x_wconf 86' lang='lat' dir='ltr'><strong>animal.,</strong></span> <span class='ocrx_word' id='word_1_140' title='bbox 727 1266 787 1293; x_wconf 86' lang='lat' dir='ltr'><strong>cap.</strong></span> <span class='ocrx_word' id='word_1_141' title='bbox 812 1258 856 1290; x_wconf 79' lang='grc'><strong>17,</strong></span> <span class='ocrx_word' id='word_1_142' title='bbox 890 1258 937 1293; x_wconf 92' lang='lat' dir='ltr'><strong>qui</strong></span> <span class='ocrx_word' id='word_1_143' title='bbox 969 1257 1122 1285; x_wconf 79' lang='lat' dir='ltr'><strong>admirabili</strong></span> 
     </span>
    </p>
   </div>
   <div class='ocr_carea' id='block_1_24' title="bbox 333 1304 1069 1339">
    <p class='ocr_par' dir='ltr' id='par_1_24' title="bbox 333 1304 1069 1339">
     <span class='ocr_line' id='line_1_24' title="bbox 333 1304 1069 1339; baseline 0 -9"><span class='ocrx_word' id='word_1_144' title='bbox 333 1305 476 1332; x_wconf 74' lang='lat' dir='ltr'><strong>verborum</strong></span> <span class='ocrx_word' id='word_1_145' title='bbox 493 1305 601 1339; x_wconf 86' lang='lat' dir='ltr'><strong>eloquio</strong></span> <span class='ocrx_word' id='word_1_146' title='bbox 617 1305 679 1331; x_wconf 88' lang='lat' dir='ltr'><strong>talis</strong></span> <span class='ocrx_word' id='word_1_147' title='bbox 696 1304 751 1331; x_wconf 93' lang='lat' dir='ltr'><strong>nidi</strong></span> <span class='ocrx_word' id='word_1_148' title='bbox 765 1309 934 1331; x_wconf 85' lang='lat' dir='ltr'><strong>structuram</strong></span> <span class='ocrx_word' id='word_1_149' title='bbox 948 1304 1069 1339; x_wconf 84' lang='lat' dir='ltr'><strong>exponit.</strong></span> 
     </span>
    </p>
   </div>
   <div class='ocr_carea' id='block_1_25' title="bbox 368 1348 1120 1385">
    <p class='ocr_par' dir='ltr' id='par_1_25' title="bbox 368 1348 1120 1385">
     <span class='ocr_line' id='line_1_25' title="bbox 368 1348 1120 1385; baseline 0 -8"><span class='ocrx_word' id='word_1_150' title='bbox 368 1350 449 1382; x_wconf 84' lang='lat' dir='ltr'><strong>lbid.,</strong></span> <span class='ocrx_word' id='word_1_151' title='bbox 464 1351 510 1378; x_wconf 93' lang='lat' dir='ltr'><strong>lin.</strong></span> <span class='ocrx_word' id='word_1_152' title='bbox 527 1351 666 1377; x_wconf 77' lang='grc' dir='ltr'><strong>15.’οταν</strong></span> <span class='ocrx_word' id='word_1_153' title='bbox 678 1348 735 1377; x_wconf 84' lang='grc' dir='ltr'>οὖν</span> <span class='ocrx_word' id='word_1_154' title='bbox 745 1350 916 1383; x_wconf 79' lang='grc' dir='ltr'><em>ἐπωάζηται.</em></span> <span class='ocrx_word' id='word_1_155' title='bbox 930 1349 1047 1385; x_wconf 85' lang='lat' dir='ltr'><strong>Ideoque</strong></span> <span class='ocrx_word' id='word_1_156' title='bbox 1061 1350 1120 1378; x_wconf 85' lang='lat' dir='ltr'><strong>dies</strong></span> 
     </span>
    </p>
   </div>
   <div class='ocr_carea' id='block_1_26' title="bbox 333 1396 1121 1432">
    <p class='ocr_par' dir='ltr' id='par_1_26' title="bbox 333 1396 1121 1432">
     <span class='ocr_line' id='line_1_26' title="bbox 333 1396 1121 1432; baseline 0 -9"><span class='ocrx_word' id='word_1_157' title='bbox 333 1397 370 1423; x_wconf 89' lang='lat' dir='ltr'><strong>illi</strong></span> <span class='ocrx_word' id='word_1_158' title='bbox 399 1396 555 1432; x_wconf 87' lang='lat' dir='ltr'><strong>alcyonides</strong></span> <span class='ocrx_word' id='word_1_159' title='bbox 577 1400 720 1429; x_wconf 82' lang='lat' dir='ltr'><strong>vocantur,</strong></span> <span class='ocrx_word' id='word_1_160' title='bbox 743 1396 777 1423; x_wconf 87' lang='lat' dir='ltr'><strong>de</strong></span> <span class='ocrx_word' id='word_1_161' title='bbox 805 1396 980 1430; x_wconf 81' lang='lat' dir='ltr'><strong>tranquillam</strong></span> <span class='ocrx_word' id='word_1_162' title='bbox 1003 1401 1030 1423; x_wconf 90' lang='lat' dir='ltr'><strong>et</strong></span> <span class='ocrx_word' id='word_1_163' title='bbox 1049 1397 1121 1423; x_wconf 87' lang='lat' dir='ltr'><strong>otio-</strong></span> 
     </span>
    </p>
   </div>
   <div class='ocr_carea' id='block_1_27' title="bbox 333 1441 1034 1477">
    <p class='ocr_par' dir='ltr' id='par_1_27' title="bbox 333 1441 1034 1477">
     <span class='ocr_line' id='line_1_27' title="bbox 333 1441 1034 1477; baseline -0.003 -8"><span class='ocrx_word' id='word_1_164' title='bbox 333 1449 390 1469; x_wconf 84' lang='lat' dir='ltr'><strong>sam</strong></span> <span class='ocrx_word' id='word_1_165' title='bbox 409 1442 491 1468; x_wconf 84' lang='lat' dir='ltr'><strong>vitam</strong></span> <span class='ocrx_word' id='word_1_166' title='bbox 506 1442 659 1477; x_wconf 77' lang='lat' dir='ltr'><strong>agentibus.</strong></span> <span class='ocrx_word' id='word_1_167' title='bbox 675 1441 873 1476; x_wconf 86' lang='lat' dir='ltr'><strong>Aristophanes</strong></span> <span class='ocrx_word' id='word_1_168' title='bbox 889 1442 915 1468; x_wconf 95' lang='lat' dir='ltr'><strong>in</strong></span> <span class='ocrx_word' id='word_1_169' title='bbox 928 1441 1034 1468; x_wconf 75' lang='lat' dir='ltr'><strong>Avibus.</strong></span> 
     </span>
    </p>
   </div>
   <div class='ocr_carea' id='block_1_28' title="bbox 410 1487 954 1521">
    <p class='ocr_par' dir='ltr' id='par_1_28' title="bbox 410 1487 954 1521">
     <span class='ocr_line' id='line_1_28' title="bbox 410 1487 954 1521; baseline -0.006 -6"><span class='ocrx_word' id='word_1_170' title='bbox 410 1487 603 1519; x_wconf 80' lang='grc' dir='ltr'><strong>’Λλκυονίδας</strong></span> <span class='ocrx_word' id='word_1_171' title='bbox 625 1487 649 1513; x_wconf 79' lang='grc' dir='ltr'><strong>τ’</strong></span> <span class='ocrx_word' id='word_1_172' title='bbox 671 1487 751 1521; x_wconf 77' lang='grc' dir='ltr'><strong>ἤγεθ’</strong></span> <span class='ocrx_word' id='word_1_173' title='bbox 771 1487 883 1520; x_wconf 76' lang='grc' dir='ltr'><strong>ἡμέρας</strong></span> <span class='ocrx_word' id='word_1_174' title='bbox 898 1487 954 1513; x_wconf 83' lang='grc' dir='ltr'><strong>ἀεί.</strong></span> 
     </span>
    </p>
   </div>
   <div class='ocr_carea' id='block_1_29' title="bbox 331 1532 1116 1568">
    <p class='ocr_par' dir='ltr' id='par_1_29' title="bbox 331 1532 1116 1568">
     <span class='ocr_line' id='line_1_29' title="bbox 331 1532 1116 1568; baseline -0.003 -7"><span class='ocrx_word' id='word_1_175' title='bbox 331 1534 451 1561; x_wconf 86' lang='lat' dir='ltr'><strong>Consule</strong></span> <span class='ocrx_word' id='word_1_176' title='bbox 480 1533 593 1560; x_wconf 85' lang='lat' dir='ltr'><strong>Luciani</strong></span> <span class='ocrx_word' id='word_1_177' title='bbox 620 1532 760 1568; x_wconf 80' lang='lat' dir='ltr'><strong>Dialogum</strong></span> <span class='ocrx_word' id='word_1_178' title='bbox 786 1534 830 1559; x_wconf 95' lang='lat' dir='ltr'><strong>cui</strong></span> <span class='ocrx_word' id='word_1_179' title='bbox 861 1533 957 1561; x_wconf 84' lang='lat' dir='ltr'><strong>titulus</strong></span> <span class='ocrx_word' id='word_1_180' title='bbox 974 1532 1116 1560; x_wconf 80' lang='grc' dir='ltr'><strong>Ἀλκυὼν,</strong></span> 
     </span>
    </p>
   </div>
   <div class='ocr_carea' id='block_1_30' title="bbox 333 1579 1152 1615">
    <p class='ocr_par' dir='ltr' id='par_1_30' title="bbox 333 1579 1152 1615">
     <span class='ocr_line' id='line_1_30' title="bbox 333 1579 1152 1615; baseline 0.001 -10"><span class='ocrx_word' id='word_1_181' title='bbox 333 1580 462 1614; x_wconf 66' lang='lat' dir='ltr'><strong>Virgilius</strong></span> <span class='ocrx_word' id='word_1_182' title='bbox 478 1581 549 1607; x_wconf 91' lang='lat' dir='ltr'><strong>inter</strong></span> <span class='ocrx_word' id='word_1_183' title='bbox 564 1580 738 1615; x_wconf 76' lang='lat' dir='ltr'><strong>prognostica</strong></span> <span class='ocrx_word' id='word_1_184' title='bbox 761 1579 861 1605; x_wconf 69' lang='lat' dir='ltr'><strong>futurae</strong></span> <span class='ocrx_word' id='word_1_185' title='bbox 884 1580 1053 1613; x_wconf 82' lang='lat' dir='ltr'><strong>tempestatis</strong></span> <span class='ocrx_word' id='word_1_186' title='bbox 1066 1579 1117 1606; x_wconf 86' lang='lat' dir='ltr'><strong>hoc</strong></span> <span class='ocrx_word' id='word_1_187' title='bbox 1132 1585 1152 1613; x_wconf 77' lang='grc' dir='ltr'>ο</span> 
     </span>
    </p>
   </div>
   <div class='ocr_carea' id='block_1_31' title="bbox 331 1625 559 1660">
    <p class='ocr_par' dir='ltr' id='par_1_31' title="bbox 331 1625 559 1660">
     <span class='ocr_line' id='line_1_31' title="bbox 331 1625 559 1660; baseline -0.004 -7"><span class='ocrx_word' id='word_1_188' title='bbox 331 1633 440 1660; x_wconf 86' lang='lat' dir='ltr'><strong>quoque</strong></span> <span class='ocrx_word' id='word_1_189' title='bbox 455 1625 538 1653; x_wconf 77' lang='lat' dir='ltr'><strong>refert</strong></span> <span class='ocrx_word' id='word_1_190' title='bbox 553 1634 559 1652; x_wconf 92' lang='lat'><em>:</em></span> 
     </span>
    </p>
   </div>
   <div class='ocr_carea' id='block_1_32' title="bbox 333 1680 1114 1715">
    <p class='ocr_par' dir='ltr' id='par_1_32' title="bbox 333 1680 1114 1715">
     <span class='ocr_line' id='line_1_32' title="bbox 333 1680 1114 1715; baseline 0 -7"><span class='ocrx_word' id='word_1_191' title='bbox 333 1681 394 1708; x_wconf 84' lang='lat' dir='ltr'><strong>Non</strong></span> <span class='ocrx_word' id='word_1_192' title='bbox 418 1682 532 1715; x_wconf 81' lang='lat' dir='ltr'><strong>tepidum</strong></span> <span class='ocrx_word' id='word_1_193' title='bbox 557 1681 589 1708; x_wconf 88' lang='lat' dir='ltr'><strong>ad</strong></span> <span class='ocrx_word' id='word_1_194' title='bbox 608 1682 688 1708; x_wconf 78' lang='lat' dir='ltr'><strong>solem</strong></span> <span class='ocrx_word' id='word_1_195' title='bbox 710 1689 809 1715; x_wconf 84' lang='lat' dir='ltr'><strong>pennas</strong></span> <span class='ocrx_word' id='word_1_196' title='bbox 832 1682 859 1707; x_wconf 84' lang='lat' dir='ltr'><strong>in</strong></span> <span class='ocrx_word' id='word_1_197' title='bbox 886 1681 975 1708; x_wconf 85' lang='lat' dir='ltr'><strong>littore</strong></span> <span class='ocrx_word' id='word_1_198' title='bbox 995 1680 1114 1714; x_wconf 80' lang='lat' dir='ltr'><strong>pandunt</strong></span> 
     </span>
    </p>
   </div>
   <div class='ocr_carea' id='block_1_33' title="bbox 331 1717 710 1751">
    <p class='ocr_par' dir='ltr' id='par_1_33' title="bbox 331 1717 710 1751">
     <span class='ocr_line' id='line_1_33' title="bbox 331 1717 710 1751; baseline 0 -8"><span class='ocrx_word' id='word_1_199' title='bbox 331 1717 442 1743; x_wconf 71' lang='lat' dir='ltr'><strong>Dilecta:</strong></span> <span class='ocrx_word' id='word_1_200' title='bbox 458 1717 560 1744; x_wconf 80' lang='lat' dir='ltr'><strong>Thetidi</strong></span> <span class='ocrx_word' id='word_1_201' title='bbox 578 1718 710 1751; x_wconf 74' lang='lat' dir='ltr'><strong>alcyones.</strong></span> 
     </span>
    </p>
   </div>
   <div class='ocr_carea' id='block_1_34' title="bbox 331 1772 810 1800">
    <p class='ocr_par' dir='ltr' id='par_1_34' title="bbox 331 1772 810 1800">
     <span class='ocr_line' id='line_1_34' title="bbox 331 1772 810 1800; baseline 0 -1"><span class='ocrx_word' id='word_1_202' title='bbox 331 1773 370 1799; x_wconf 86' lang='lat' dir='ltr'><strong>Ad</strong></span> <span class='ocrx_word' id='word_1_203' title='bbox 387 1773 438 1799; x_wconf 87' lang='lat' dir='ltr'><strong>hoc</strong></span> <span class='ocrx_word' id='word_1_204' title='bbox 457 1773 548 1800; x_wconf 89' lang='lat' dir='ltr'><strong>allusit</strong></span> <span class='ocrx_word' id='word_1_205' title='bbox 564 1777 590 1800; x_wconf 88' lang='lat' dir='ltr'><strong>et</strong></span> <span class='ocrx_word' id='word_1_206' title='bbox 605 1772 766 1799; x_wconf 83' lang='lat' dir='ltr'><strong>Theocritus</strong></span> <span class='ocrx_word' id='word_1_207' title='bbox 784 1772 810 1799; x_wconf 93' lang='lat' dir='ltr'><strong>in</strong></span> 
     </span>
    </p>
   </div>
   <div class='ocr_carea' id='block_1_35' title="bbox 330 1839 1114 1909">
    <p class='ocr_par' dir='ltr' id='par_1_35' title="bbox 330 1839 1114 1909">
     <span class='ocr_line' id='line_1_35' title="bbox 330 1839 1114 1909; baseline -0.001 -43"><span class='ocrx_word' id='word_1_208' title='bbox 330 1840 503 1872; x_wconf 77' lang='grc' dir='ltr'><strong>Χὰλκυόνες</strong></span> <span class='ocrx_word' id='word_1_209' title='bbox 520 1840 713 1873; x_wconf 81' lang='grc' dir='ltr'><strong>στορεσεῦντι</strong></span> <span class='ocrx_word' id='word_1_210' title='bbox 737 1839 773 1865; x_wconf 81' lang='grc' dir='ltr'><em>τὰ</em></span> <span class='ocrx_word' id='word_1_211' title='bbox 794 1840 920 1873; x_wconf 81' lang='grc' dir='ltr'><strong>κύματα,</strong></span> <span class='ocrx_word' id='word_1_212' title='bbox 938 1839 1000 1909; x_wconf 44' lang='grc' dir='ltr'><strong>τοῖν-ι</strong></span> <span class='ocrx_word' id='word_1_213' title='bbox 1013 1848 1044 1866; x_wconf 84' lang='grc' dir='ltr'><strong>τε</strong></span> <span class='ocrx_word' id='word_1_214' title='bbox 1064 1839 1114 1866; x_wconf 80' lang='grc' dir='ltr'><strong>θά-</strong></span> 
     </span>
     <span class='ocr_line' id='line_1_36' title="bbox 1002 1882 1114 1904; baseline 0 -4"><span class='ocrx_word' id='word_1_215' title='bbox 1002 1882 1114 1904; x_wconf 74' lang='lat' dir='ltr'><strong>atra-ar.</strong></span> 
     </span>
    </p>
   </div>
   <div class='ocr_carea' id='block_1_36' title="bbox 1002 1882 1114 1904">
    <p class='ocr_par' dir='ltr' id='par_1_36' title="bbox 1002 1882 1114 1904">
     <span class='ocr_line' id='line_1_37' title="bbox 1002 1882 1114 1904; baseline 0 -4"><span class='ocrx_word' id='word_1_216' title='bbox 1002 1882 1114 1904; x_wconf 70' lang='lat' dir='ltr'><strong>atro-ar.</strong></span> 
     </span>
    </p>
   </div>
   <div class='ocr_carea' id='block_1_37' title="bbox 334 1907 1113 1944">
    <p class='ocr_par' dir='ltr' id='par_1_37' title="bbox 334 1907 1113 1944">
     <span class='ocr_line' id='line_1_38' title="bbox 334 1907 1113 1944; baseline 0 -9"><span class='ocrx_word' id='word_1_217' title='bbox 334 1910 388 1936; x_wconf 83' lang='grc' dir='ltr'><strong>Τόν</strong></span> <span class='ocrx_word' id='word_1_218' title='bbox 402 1918 432 1935; x_wconf 86' lang='grc' dir='ltr'><em>τε</em></span> <span class='ocrx_word' id='word_1_219' title='bbox 441 1910 540 1940; x_wconf 78' lang='grc' dir='ltr'>νότον,</span> <span class='ocrx_word' id='word_1_220' title='bbox 552 1909 605 1935; x_wconf 85' lang='grc' dir='ltr'><strong>τόν</strong></span> <span class='ocrx_word' id='word_1_221' title='bbox 618 1910 641 1936; x_wconf 80' lang='grc' dir='ltr'><strong>τ’</strong></span> <span class='ocrx_word' id='word_1_222' title='bbox 652 1907 754 1942; x_wconf 70' lang='grc' dir='ltr'><strong>εὖρον,</strong></span> <span class='ocrx_word' id='word_1_223' title='bbox 762 1909 795 1941; x_wconf 78' lang='grc' dir='ltr'><em>ὃς</em></span> <span class='ocrx_word' id='word_1_224' title='bbox 805 1910 918 1944; x_wconf 75' lang='grc' dir='ltr'><strong>ἔσχατα</strong></span> <span class='ocrx_word' id='word_1_225' title='bbox 927 1907 1020 1943; x_wconf 52' lang='lat' dir='ltr'><strong>grvida</strong></span> <span class='ocrx_word' id='word_1_226' title='bbox 1030 1909 1113 1935; x_wconf 82' lang='grc' dir='ltr'><em>κινεῖ.</em></span> 
     </span>
    </p>
   </div>
   <div class='ocr_carea' id='block_1_38' title="bbox 337 1944 1046 1978">
    <p class='ocr_par' dir='ltr' id='par_1_38' title="bbox 337 1944 1046 1978">
     <span class='ocr_line' id='line_1_39' title="bbox 337 1944 1046 1978; baseline -0.001 -7"><span class='ocrx_word' id='word_1_227' title='bbox 337 1944 497 1976; x_wconf 60' lang='grc' dir='ltr'><em>Ἀλχιιιόνες</em></span> <span class='ocrx_word' id='word_1_228' title='bbox 511 1944 654 1978; x_wconf 78' lang='grc' dir='ltr'><strong>γλαυκαῙς</strong></span> <span class='ocrx_word' id='word_1_229' title='bbox 670 1946 796 1977; x_wconf 73' lang='grc' dir='ltr'><strong>Νηρηΐσι</strong></span> <span class='ocrx_word' id='word_1_230' title='bbox 810 1946 857 1971; x_wconf 82' lang='grc' dir='ltr'><strong>ταί</strong></span> <span class='ocrx_word' id='word_1_231' title='bbox 874 1953 904 1970; x_wconf 83' lang='grc' dir='ltr'><strong>τε</strong></span> <span class='ocrx_word' id='word_1_232' title='bbox 913 1944 1046 1977; x_wconf 74' lang='grc' dir='ltr'><em>μάλιστα</em></span> 
     </span>
    </p>
   </div>
   <div class='ocr_carea' id='block_1_39' title="bbox 335 1978 1085 2013">
    <p class='ocr_par' dir='ltr' id='par_1_39' title="bbox 335 1978 1085 2013">
     <span class='ocr_line' id='line_1_40' title="bbox 335 1978 1085 2013; baseline 0 -8"><span class='ocrx_word' id='word_1_233' title='bbox 335 1979 472 2013; x_wconf 71' lang='grc' dir='ltr'><strong>ὐρνίυων</strong></span> <span class='ocrx_word' id='word_1_234' title='bbox 484 1980 653 2013; x_wconf 69' lang='grc' dir='ltr'><em>Ἐφίλιιθεν,</em></span> <span class='ocrx_word' id='word_1_235' title='bbox 668 1979 755 2012; x_wconf 85' lang='grc' dir='ltr'><em>ὅσαις</em></span> <span class='ocrx_word' id='word_1_236' title='bbox 770 1978 799 2005; x_wconf 87' lang='grc' dir='ltr'><em>τέ</em></span> <span class='ocrx_word' id='word_1_237' title='bbox 810 1987 864 2013; x_wconf 79' lang='grc' dir='ltr'><strong>περ</strong></span> <span class='ocrx_word' id='word_1_238' title='bbox 875 1980 908 2011; x_wconf 80' lang='grc' dir='ltr'><strong>ἐξ</strong></span> <span class='ocrx_word' id='word_1_239' title='bbox 918 1979 991 2011; x_wconf 71' lang='grc' dir='ltr'><em>ἁλὸς</em></span> <span class='ocrx_word' id='word_1_240' title='bbox 1001 1979 1085 2013; x_wconf 62' lang='grc' dir='ltr'><em>ἄχεα.</em></span> 
     </span>
    </p>
   </div>
   <div class='ocr_carea' id='block_1_40' title="bbox 365 2032 1115 2069">
    <p class='ocr_par' dir='ltr' id='par_1_40' title="bbox 365 2032 1115 2069">
     <span class='ocr_line' id='line_1_41' title="bbox 365 2032 1115 2069; baseline -0.001 -7"><span class='ocrx_word' id='word_1_241' title='bbox 365 2036 444 2067; x_wconf 89' lang='lat' dir='ltr'><strong>lbid.,</strong></span> <span class='ocrx_word' id='word_1_242' title='bbox 467 2036 515 2063; x_wconf 91' lang='lat' dir='ltr'><strong>lin.</strong></span> <span class='ocrx_word' id='word_1_243' title='bbox 540 2035 582 2062; x_wconf 69' lang='lat'><strong>18.</strong></span> <span class='ocrx_word' id='word_1_244' title='bbox 606 2035 743 2062; x_wconf 72' lang='grc' dir='ltr'><em>Ἐπειδὰν</em></span> <span class='ocrx_word' id='word_1_245' title='bbox 757 2032 815 2063; x_wconf 84' lang='grc' dir='ltr'>οὖν</span> <span class='ocrx_word' id='word_1_246' title='bbox 831 2036 1011 2069; x_wconf 73' lang='grc' dir='ltr'><strong>περιγλύψῃ.</strong></span> <span class='ocrx_word' id='word_1_247' title='bbox 1028 2034 1115 2062; x_wconf 72' lang='lat' dir='ltr'><strong>Varia:</strong></span> 
     </span>
    </p>
   </div>
   <div class='ocr_carea' id='block_1_41' title="bbox 330 2081 1114 2116">
    <p class='ocr_par' dir='ltr' id='par_1_41' title="bbox 330 2081 1114 2116">
     <span class='ocr_line' id='line_1_42' title="bbox 330 2081 1114 2116; baseline -0.001 -7"><span class='ocrx_word' id='word_1_248' title='bbox 330 2083 411 2109; x_wconf 84' lang='lat' dir='ltr'><strong>etiam</strong></span> <span class='ocrx_word' id='word_1_249' title='bbox 443 2087 505 2109; x_wconf 84' lang='lat' dir='ltr'><strong>sunt</strong></span> <span class='ocrx_word' id='word_1_250' title='bbox 532 2082 695 2116; x_wconf 89' lang='lat' dir='ltr'><strong>scriptorum</strong></span> <span class='ocrx_word' id='word_1_251' title='bbox 723 2082 876 2116; x_wconf 79' lang='lat' dir='ltr'><strong>opiniones.</strong></span> <span class='ocrx_word' id='word_1_252' title='bbox 900 2081 1071 2113; x_wconf 84' lang='lat' dir='ltr'><strong>Aristoteles,</strong></span> <span class='ocrx_word' id='word_1_253' title='bbox 1088 2085 1114 2108; x_wconf 79' lang='lat' dir='ltr'><strong>et</strong></span> 
     </span>
    </p>
   </div>
   <div class='ocr_carea' id='block_1_42' title="bbox 332 2126 1112 2162">
    <p class='ocr_par' dir='ltr' id='par_1_42' title="bbox 332 2126 1112 2162">
     <span class='ocr_line' id='line_1_43' title="bbox 332 2126 1112 2162; baseline -0.004 -8"><span class='ocrx_word' id='word_1_254' title='bbox 332 2126 484 2155; x_wconf 87' lang='lat' dir='ltr'><strong>Simonides</strong></span> <span class='ocrx_word' id='word_1_255' title='bbox 510 2127 639 2162; x_wconf 85' lang='lat' dir='ltr'><strong>quinque,</strong></span> <span class='ocrx_word' id='word_1_256' title='bbox 670 2126 835 2161; x_wconf 83' lang='lat' dir='ltr'><strong>Demagoras</strong></span> <span class='ocrx_word' id='word_1_257' title='bbox 854 2126 972 2154; x_wconf 80' lang='lat' dir='ltr'><strong>_Samius</strong></span> <span class='ocrx_word' id='word_1_258' title='bbox 998 2130 1112 2161; x_wconf 86' lang='lat' dir='ltr'><strong>septem,</strong></span> 
     </span>
    </p>
   </div>
   <div class='ocr_carea' id='block_1_43' title="bbox 330 2171 1114 2206">
    <p class='ocr_par' dir='ltr' id='par_1_43' title="bbox 330 2171 1114 2206">
     <span class='ocr_line' id='line_1_44' title="bbox 330 2171 1114 2206; baseline -0.003 -7"><span class='ocrx_word' id='word_1_259' title='bbox 330 2173 507 2200; x_wconf 80' lang='lat' dir='ltr'><strong>Philochorus</strong></span> <span class='ocrx_word' id='word_1_260' title='bbox 534 2181 640 2204; x_wconf 86' lang='lat' dir='ltr'><strong>novem,</strong></span> <span class='ocrx_word' id='word_1_261' title='bbox 658 2172 783 2199; x_wconf 93' lang='lat' dir='ltr'><strong>nonnulli</strong></span> <span class='ocrx_word' id='word_1_262' title='bbox 806 2171 1021 2206; x_wconf 88' lang='lat' dir='ltr'><strong>quatuordccim.</strong></span> <span class='ocrx_word' id='word_1_263' title='bbox 1041 2171 1114 2198; x_wconf 77' lang='lat' dir='ltr'><strong>Con-</strong></span> 
     </span>
    </p>
   </div>
   <div class='ocr_carea' id='block_1_44' title="bbox 330 2217 1111 2253">
    <p class='ocr_par' dir='ltr' id='par_1_44' title="bbox 330 2217 1111 2253">
     <span class='ocr_line' id='line_1_45' title="bbox 330 2217 1111 2253; baseline -0.004 -7"><span class='ocrx_word' id='word_1_264' title='bbox 330 2219 388 2246; x_wconf 80' lang='lat' dir='ltr'><strong>sule</strong></span> <span class='ocrx_word' id='word_1_265' title='bbox 414 2218 588 2253; x_wconf 78' lang='lat' dir='ltr'><strong>Rodiginum.</strong></span> <span class='ocrx_word' id='word_1_266' title='bbox 604 2219 650 2245; x_wconf 88' lang='lat' dir='ltr'><strong>lib.</strong></span> <span class='ocrx_word' id='word_1_267' title='bbox 670 2226 725 2249; x_wconf 88' lang='lat' dir='ltr'><strong>xlv,</strong></span> <span class='ocrx_word' id='word_1_268' title='bbox 744 2225 804 2253; x_wconf 87' lang='lat' dir='ltr'><strong>cap.</strong></span> <span class='ocrx_word' id='word_1_269' title='bbox 819 2218 860 2244; x_wconf 87' lang='grc' dir='ltr'>Η.</span> <span class='ocrx_word' id='word_1_270' title='bbox 875 2217 989 2252; x_wconf 88' lang='lat' dir='ltr'><strong>Dignum</strong></span> <span class='ocrx_word' id='word_1_271' title='bbox 1003 2217 1111 2244; x_wconf 88' lang='lat' dir='ltr'><strong>tandem</strong></span> 
     </span>
    </p>
   </div>
   <div class='ocr_carea' id='block_1_45' title="bbox 330 2263 1152 2299">
    <p class='ocr_par' dir='ltr' id='par_1_45' title="bbox 330 2263 1152 2299">
     <span class='ocr_line' id='line_1_46' title="bbox 330 2263 1152 2299; baseline 0 -9"><span class='ocrx_word' id='word_1_272' title='bbox 330 2268 422 2291; x_wconf 87' lang='lat' dir='ltr'><strong>notalu</strong></span> <span class='ocrx_word' id='word_1_273' title='bbox 438 2270 489 2295; x_wconf 76' lang='lat' dir='ltr'><strong>est,</strong></span> <span class='ocrx_word' id='word_1_274' title='bbox 516 2264 588 2299; x_wconf 89' lang='lat' dir='ltr'><strong>quod</strong></span> <span class='ocrx_word' id='word_1_275' title='bbox 612 2265 645 2291; x_wconf 91' lang='lat' dir='ltr'><strong>dc</strong></span> <span class='ocrx_word' id='word_1_276' title='bbox 669 2264 813 2299; x_wconf 82' lang='lat' dir='ltr'><strong>alcyonum</strong></span> <span class='ocrx_word' id='word_1_277' title='bbox 838 2263 904 2295; x_wconf 84' lang='lat' dir='ltr'><strong>pelle</strong></span> <span class='ocrx_word' id='word_1_278' title='bbox 925 2264 1115 2291; x_wconf 86' lang='lat' dir='ltr'><strong>animadvertit</strong></span> <span class='ocrx_word' id='word_1_279' title='bbox 1133 2264 1152 2290; x_wconf 92' lang='lat' dir='ltr'><strong>D</strong></span> 
     </span>
    </p>
   </div>
   <div class='ocr_carea' id='block_1_46' title="bbox 328 2309 1112 2345">
    <p class='ocr_par' dir='ltr' id='par_1_46' title="bbox 328 2309 1112 2345">
     <span class='ocr_line' id='line_1_47' title="bbox 328 2309 1112 2345; baseline -0.003 -8"><span class='ocrx_word' id='word_1_280' title='bbox 328 2309 532 2345; x_wconf 80' lang='lat' dir='ltr'><strong>Theophrastus</strong></span> <span class='ocrx_word' id='word_1_281' title='bbox 576 2309 736 2337; x_wconf 86' lang='lat' dir='ltr'><strong>Paracelsus</strong></span> <span class='ocrx_word' id='word_1_282' title='bbox 768 2310 802 2337; x_wconf 87' lang='lat' dir='ltr'><strong>de</strong></span> <span class='ocrx_word' id='word_1_283' title='bbox 835 2310 941 2337; x_wconf 75' lang='lat' dir='ltr'><strong>cmlesti</strong></span> <span class='ocrx_word' id='word_1_284' title='bbox 967 2309 1112 2342; x_wconf 88' lang='lat' dir='ltr'><strong>medicina,</strong></span> 
     </span>
    </p>
   </div>
   <div class='ocr_carea' id='block_1_47' title="bbox 327 2355 1114 2389">
    <p class='ocr_par' dir='ltr' id='par_1_47' title="bbox 327 2355 1114 2389">
     <span class='ocr_line' id='line_1_48' title="bbox 327 2355 1114 2389; baseline -0.003 -7"><span class='ocrx_word' id='word_1_285' title='bbox 327 2360 408 2383; x_wconf 90' lang='lat' dir='ltr'><strong>tract.</strong></span> <span class='ocrx_word' id='word_1_286' title='bbox 427 2357 452 2386; x_wconf 77' lang='grc' dir='ltr'>Ι,</span> <span class='ocrx_word' id='word_1_287' title='bbox 467 2355 532 2383; x_wconf 88' lang='lat' dir='ltr'><strong>Item</strong></span> <span class='ocrx_word' id='word_1_288' title='bbox 547 2357 612 2383; x_wconf 80' lang='lat' dir='ltr'><strong>vires</strong></span> <span class='ocrx_word' id='word_1_289' title='bbox 633 2356 719 2382; x_wconf 89' lang='lat' dir='ltr'><strong>adhuc</strong></span> <span class='ocrx_word' id='word_1_290' title='bbox 739 2357 848 2383; x_wconf 83' lang='lat' dir='ltr'><strong>retinere</strong></span> <span class='ocrx_word' id='word_1_291' title='bbox 866 2360 925 2389; x_wconf 83' lang='lat' dir='ltr'><strong>post</strong></span> <span class='ocrx_word' id='word_1_292' title='bbox 936 2361 1045 2381; x_wconf 84' lang='lat' dir='ltr'><strong>mortem</strong></span> <span class='ocrx_word' id='word_1_293' title='bbox 1063 2355 1114 2381; x_wconf 86' lang='lat' dir='ltr'><strong>ali-</strong></span> 
     </span>
    </p>
   </div>
   <div class='ocr_carea' id='block_1_48' title="bbox 327 2400 1113 2436">
    <p class='ocr_par' dir='ltr' id='par_1_48' title="bbox 327 2400 1113 2436">
     <span class='ocr_line' id='line_1_49' title="bbox 327 2400 1113 2436; baseline -0.004 -8"><span class='ocrx_word' id='word_1_294' title='bbox 327 2409 379 2436; x_wconf 87' lang='lat' dir='ltr'><strong>qua</strong></span> <span class='ocrx_word' id='word_1_295' title='bbox 393 2403 473 2435; x_wconf 82' lang='lat' dir='ltr'><strong>probo</strong></span> <span class='ocrx_word' id='word_1_296' title='bbox 499 2410 544 2435; x_wconf 85' lang='lat' dir='ltr'><strong>per</strong></span> <span class='ocrx_word' id='word_1_297' title='bbox 568 2403 701 2436; x_wconf 77' lang='lat' dir='ltr'><strong>alcyonem</strong></span> <span class='ocrx_word' id='word_1_298' title='bbox 728 2409 812 2432; x_wconf 75' lang='grc' dir='ltr'><em>ιιι-ειη,</em></span> <span class='ocrx_word' id='word_1_299' title='bbox 831 2401 907 2435; x_wconf 83' lang='lat' dir='ltr'><strong>cujus</strong></span> <span class='ocrx_word' id='word_1_300' title='bbox 930 2400 1006 2435; x_wconf 86' lang='lat' dir='ltr'><strong>pellis</strong></span> <span class='ocrx_word' id='word_1_301' title='bbox 1028 2408 1043 2425; x_wconf 91' lang='lat' dir='ltr'><strong>a</strong></span> <span class='ocrx_word' id='word_1_302' title='bbox 1065 2407 1113 2426; x_wconf 75' lang='lat' dir='ltr'><strong>suo</strong></span> 
     </span>
    </p>
   </div>
   <div class='ocr_carea' id='block_1_49' title="bbox 326 2446 1111 2481">
    <p class='ocr_par' dir='ltr' id='par_1_49' title="bbox 326 2446 1111 2481">
     <span class='ocr_line' id='line_1_50' title="bbox 326 2446 1111 2481; baseline -0.001 -9"><span class='ocrx_word' id='word_1_303' title='bbox 326 2447 452 2473; x_wconf 76' lang='lat' dir='ltr'><strong>cadavere</strong></span> <span class='ocrx_word' id='word_1_304' title='bbox 466 2451 587 2481; x_wconf 82' lang='lat' dir='ltr'><strong>separata</strong></span> <span class='ocrx_word' id='word_1_305' title='bbox 603 2447 676 2473; x_wconf 80' lang='lat' dir='ltr'><strong>clavo</strong></span> <span class='ocrx_word' id='word_1_306' title='bbox 691 2454 818 2480; x_wconf 77' lang='lat' dir='ltr'><strong>suspensa</strong></span> <span class='ocrx_word' id='word_1_307' title='bbox 831 2452 855 2473; x_wconf 87' lang='lat' dir='ltr'><strong>et</strong></span> <span class='ocrx_word' id='word_1_308' title='bbox 868 2447 1002 2473; x_wconf 77' lang='lat' dir='ltr'><strong>exsiccata</strong></span> <span class='ocrx_word' id='word_1_309' title='bbox 1020 2446 1111 2479; x_wconf 79' lang='lat' dir='ltr'><strong>singu-</strong></span> 
     </span>
    </p>
   </div>
   <div class='ocr_carea' id='block_1_50' title="bbox 327 2493 1112 2529">
    <p class='ocr_par' dir='ltr' id='par_1_50' title="bbox 327 2493 1112 2529">
     <span class='ocr_line' id='line_1_51' title="bbox 327 2493 1112 2529; baseline -0.003 -9"><span class='ocrx_word' id='word_1_310' title='bbox 327 2495 359 2520; x_wconf 77' lang='lat' dir='ltr'><strong>lis</strong></span> <span class='ocrx_word' id='word_1_311' title='bbox 374 2494 449 2520; x_wconf 75' lang='lat' dir='ltr'><strong>armis</strong></span> <span class='ocrx_word' id='word_1_312' title='bbox 465 2495 568 2527; x_wconf 78' lang='lat' dir='ltr'><strong>plumas</strong></span> <span class='ocrx_word' id='word_1_313' title='bbox 580 2495 674 2528; x_wconf 84' lang='lat' dir='ltr'><strong>rejicit,</strong></span> <span class='ocrx_word' id='word_1_314' title='bbox 684 2495 794 2529; x_wconf 66' lang='lat' dir='ltr'><strong>alia&#39;que</strong></span> <span class='ocrx_word' id='word_1_315' title='bbox 807 2499 951 2520; x_wconf 85' lang='lat' dir='ltr'><strong>nascuntur</strong></span> <span class='ocrx_word' id='word_1_316' title='bbox 962 2494 996 2525; x_wconf 80' lang='lat' dir='ltr'><strong>ei,</strong></span> <span class='ocrx_word' id='word_1_317' title='bbox 1009 2502 1040 2520; x_wconf 90' lang='lat' dir='ltr'><strong>ne</strong></span> <span class='ocrx_word' id='word_1_318' title='bbox 1050 2493 1112 2519; x_wconf 87' lang='lat' dir='ltr'><strong>dum</strong></span> 
     </span>
    </p>
   </div>
   <div class='ocr_carea' id='block_1_51' title="bbox 326 2539 1066 2573">
    <p class='ocr_par' dir='ltr' id='par_1_51' title="bbox 326 2539 1066 2573">
     <span class='ocr_line' id='line_1_52' title="bbox 326 2539 1066 2573; baseline 0 -7"><span class='ocrx_word' id='word_1_319' title='bbox 326 2547 378 2566; x_wconf 78' lang='lat' dir='ltr'><strong>uno</strong></span> <span class='ocrx_word' id='word_1_320' title='bbox 394 2540 432 2566; x_wconf 75' lang='lat' dir='ltr'><strong>vel</strong></span> <span class='ocrx_word' id='word_1_321' title='bbox 444 2539 546 2566; x_wconf 82' lang='lat' dir='ltr'><strong>duobus</strong></span> <span class='ocrx_word' id='word_1_322' title='bbox 558 2540 644 2571; x_wconf 66' lang='lat' dir='ltr'><strong>annis,</strong></span> <span class='ocrx_word' id='word_1_323' title='bbox 657 2545 685 2566; x_wconf 89' lang='lat' dir='ltr'><strong>at</strong></span> <span class='ocrx_word' id='word_1_324' title='bbox 698 2539 818 2573; x_wconf 62' lang='lat' dir='ltr'><strong>pluribus</strong></span> <span class='ocrx_word' id='word_1_325' title='bbox 835 2548 886 2566; x_wconf 88' lang='lat' dir='ltr'><strong>uno</strong></span> <span class='ocrx_word' id='word_1_326' title='bbox 901 2544 959 2572; x_wconf 80' lang='lat' dir='ltr'><strong>post</strong></span> <span class='ocrx_word' id='word_1_327' title='bbox 974 2541 1066 2566; x_wconf 82' lang='lat' dir='ltr'><strong>alium.</strong></span> 
     </span>
    </p>
   </div>
   <div class='ocr_carea' id='block_1_52' title="bbox 363 2584 1112 2619">
    <p class='ocr_par' dir='ltr' id='par_1_52' title="bbox 363 2584 1112 2619">
     <span class='ocr_line' id='line_1_53' title="bbox 363 2584 1112 2619; baseline 0.001 -8"><span class='ocrx_word' id='word_1_328' title='bbox 363 2584 442 2617; x_wconf 82' lang='lat' dir='ltr'><strong>lbid.,</strong></span> <span class='ocrx_word' id='word_1_329' title='bbox 457 2585 505 2611; x_wconf 83' lang='lat' dir='ltr'><strong>liti.</strong></span> <span class='ocrx_word' id='word_1_330' title='bbox 521 2584 565 2610; x_wconf 72' lang='lat'><strong>21.</strong></span> <span class='ocrx_word' id='word_1_331' title='bbox 577 2585 706 2618; x_wconf 81' lang='grc' dir='ltr'><strong>Δολερὸν</strong></span> <span class='ocrx_word' id='word_1_332' title='bbox 719 2587 735 2612; x_wconf 83' lang='grc' dir='ltr'><em>ό</em></span> <span class='ocrx_word' id='word_1_333' title='bbox 751 2584 867 2618; x_wconf 79' lang='grc' dir='ltr'><strong>πέρδιξ.</strong></span> <span class='ocrx_word' id='word_1_334' title='bbox 883 2584 967 2611; x_wconf 84' lang='lat' dir='ltr'><strong>Multa</strong></span> <span class='ocrx_word' id='word_1_335' title='bbox 986 2585 1029 2612; x_wconf 94' lang='lat' dir='ltr'><strong>hic</strong></span> <span class='ocrx_word' id='word_1_336' title='bbox 1048 2592 1112 2619; x_wconf 91' lang='lat' dir='ltr'><strong>pos-</strong></span> 
     </span>
    </p>
   </div>
   <div class='ocr_carea' id='block_1_53' title="bbox 327 2630 1111 2665">
    <p class='ocr_par' dir='ltr' id='par_1_53' title="bbox 327 2630 1111 2665">
     <span class='ocr_line' id='line_1_54' title="bbox 327 2630 1111 2665; baseline 0 -8"><span class='ocrx_word' id='word_1_337' title='bbox 327 2635 397 2664; x_wconf 86' lang='lat' dir='ltr'><strong>sent,</strong></span> <span class='ocrx_word' id='word_1_338' title='bbox 417 2638 449 2658; x_wconf 86' lang='lat' dir='ltr'><strong>ex</strong></span> <span class='ocrx_word' id='word_1_339' title='bbox 468 2630 588 2663; x_wconf 60' lang='lat' dir='ltr'><strong>Alliano,</strong></span> <span class='ocrx_word' id='word_1_340' title='bbox 601 2630 700 2663; x_wconf 85' lang='lat' dir='ltr'><strong>Plinio,</strong></span> <span class='ocrx_word' id='word_1_341' title='bbox 716 2631 862 2658; x_wconf 84' lang='lat' dir='ltr'><strong>Aristotele</strong></span> <span class='ocrx_word' id='word_1_342' title='bbox 877 2631 993 2665; x_wconf 89' lang='lat' dir='ltr'><strong>aliisque</strong></span> <span class='ocrx_word' id='word_1_343' title='bbox 1007 2631 1111 2663; x_wconf 78' lang='lat' dir='ltr'><strong>aﬂerri,</strong></span> 
     </span>
    </p>
   </div>
   <div class='ocr_carea' id='block_1_54' title="bbox 325 2676 1111 2712">
    <p class='ocr_par' dir='ltr' id='par_1_54' title="bbox 325 2676 1111 2712">
     <span class='ocr_line' id='line_1_55' title="bbox 325 2676 1111 2712; baseline 0.001 -11"><span class='ocrx_word' id='word_1_344' title='bbox 325 2677 424 2710; x_wconf 69' lang='lat' dir='ltr'><strong>quibus</strong></span> <span class='ocrx_word' id='word_1_345' title='bbox 452 2676 503 2703; x_wconf 91' lang='lat' dir='ltr'><strong>hoc</strong></span> <span class='ocrx_word' id='word_1_346' title='bbox 531 2677 631 2703; x_wconf 84' lang='lat' dir='ltr'><strong>animal</strong></span> <span class='ocrx_word' id='word_1_347' title='bbox 654 2676 771 2712; x_wconf 72' lang='grc' dir='ltr'><strong>δολερὸν,</strong></span> <span class='ocrx_word' id='word_1_348' title='bbox 793 2676 957 2711; x_wconf 82' lang='grc' dir='ltr'><strong>πανοῦργον,</strong></span> <span class='ocrx_word' id='word_1_349' title='bbox 972 2677 1017 2702; x_wconf 74' lang='grc' dir='ltr'><strong>καὶ</strong></span> <span class='ocrx_word' id='word_1_350' title='bbox 1032 2676 1111 2711; x_wconf 82' lang='grc' dir='ltr'><strong>ζηλό-</strong></span> 
     </span>
    </p>
   </div>
   <div class='ocr_carea' id='block_1_55' title="bbox 325 2721 1110 2756">
    <p class='ocr_par' dir='ltr' id='par_1_55' title="bbox 325 2721 1110 2756">
     <span class='ocr_line' id='line_1_56' title="bbox 325 2721 1110 2756; baseline 0.001 -8"><span class='ocrx_word' id='word_1_351' title='bbox 325 2731 408 2749; x_wconf 57' lang='lat' dir='ltr'><strong>suum</strong></span> <span class='ocrx_word' id='word_1_352' title='bbox 431 2727 523 2756; x_wconf 86' lang='lat' dir='ltr'><strong>posset</strong></span> <span class='ocrx_word' id='word_1_353' title='bbox 547 2723 690 2756; x_wconf 81' lang='lat' dir='ltr'><strong>convinci;</strong></span> <span class='ocrx_word' id='word_1_354' title='bbox 708 2731 769 2750; x_wconf 92' lang='lat' dir='ltr'><strong>nam</strong></span> <span class='ocrx_word' id='word_1_355' title='bbox 784 2723 861 2756; x_wconf 80' lang='lat' dir='ltr'><strong>spina</strong></span> <span class='ocrx_word' id='word_1_356' title='bbox 880 2727 904 2749; x_wconf 90' lang='lat' dir='ltr'><strong>et</strong></span> <span class='ocrx_word' id='word_1_357' title='bbox 919 2722 1023 2756; x_wconf 81' lang='lat' dir='ltr'><strong>frutice,</strong></span> <span class='ocrx_word' id='word_1_358' title='bbox 1041 2721 1110 2749; x_wconf 81' lang='lat' dir='ltr'><strong>refe-</strong></span> 
     </span>
    </p>
   </div>
   <div class='ocr_carea' id='block_1_56' title="bbox 325 2769 1110 2804">
    <p class='ocr_par' dir='ltr' id='par_1_56' title="bbox 325 2769 1110 2804">
     <span class='ocr_line' id='line_1_57' title="bbox 325 2769 1110 2804; baseline -0.004 -6"><span class='ocrx_word' id='word_1_359' title='bbox 325 2774 400 2798; x_wconf 68' lang='lat' dir='ltr'><strong>rente</strong></span> <span class='ocrx_word' id='word_1_360' title='bbox 420 2769 517 2801; x_wconf 82' lang='lat' dir='ltr'><strong>Plinio,</strong></span> <span class='ocrx_word' id='word_1_361' title='bbox 535 2771 574 2797; x_wconf 84' lang='lat' dir='ltr'><strong>sic</strong></span> <span class='ocrx_word' id='word_1_362' title='bbox 600 2771 721 2797; x_wconf 78' lang='lat' dir='ltr'><strong>muniunt</strong></span> <span class='ocrx_word' id='word_1_363' title='bbox 747 2769 953 2804; x_wconf 78' lang='lat' dir='ltr'><strong>receptaculum,</strong></span> <span class='ocrx_word' id='word_1_364' title='bbox 973 2773 1110 2796; x_wconf 84' lang='lat' dir='ltr'><strong>utcontra</strong></span> 
     </span>
    </p>
   </div>
   <div class='ocr_carea' id='block_1_57' title="bbox 325 2814 1109 2850">
    <p class='ocr_par' dir='ltr' id='par_1_57' title="bbox 325 2814 1109 2850">
     <span class='ocr_line' id='line_1_58' title="bbox 325 2814 1109 2850; baseline -0.003 -8"><span class='ocrx_word' id='word_1_365' title='bbox 325 2816 395 2849; x_wconf 64' lang='lat' dir='ltr'><strong>[cras</strong></span> <span class='ocrx_word' id='word_1_366' title='bbox 421 2815 522 2842; x_wconf 82' lang='lat' dir='ltr'><strong>abunde</strong></span> <span class='ocrx_word' id='word_1_367' title='bbox 541 2816 681 2843; x_wconf 77' lang='lat' dir='ltr'><strong>vallentur.</strong></span> <span class='ocrx_word' id='word_1_368' title='bbox 701 2815 753 2848; x_wconf 81' lang='lat' dir='ltr'><strong>Qui</strong></span> <span class='ocrx_word' id='word_1_369' title='bbox 774 2815 933 2850; x_wconf 83' lang='lat' dir='ltr'><strong>stragulum,</strong></span> <span class='ocrx_word' id='word_1_370' title='bbox 958 2815 1031 2841; x_wconf 85' lang='lat' dir='ltr'><strong>molli</strong></span> <span class='ocrx_word' id='word_1_371' title='bbox 1049 2814 1109 2847; x_wconf 79' lang='lat' dir='ltr'><strong>pul-</strong></span> 
     </span>
    </p>
   </div>
   <div class='ocr_carea' id='block_1_58' title="bbox 324 2860 1108 2897">
    <p class='ocr_par' dir='ltr' id='par_1_58' title="bbox 324 2860 1108 2897">
     <span class='ocr_line' id='line_1_59' title="bbox 324 2860 1108 2897; baseline -0.004 -8"><span class='ocrx_word' id='word_1_372' title='bbox 324 2870 380 2889; x_wconf 83' lang='lat' dir='ltr'><strong>rcre</strong></span> <span class='ocrx_word' id='word_1_373' title='bbox 394 2863 587 2893; x_wconf 82' lang='lat' dir='ltr'><strong>cantumulant,</strong></span> <span class='ocrx_word' id='word_1_374' title='bbox 605 2870 649 2889; x_wconf 85' lang='lat' dir='ltr'><strong>nec</strong></span> <span class='ocrx_word' id='word_1_375' title='bbox 663 2862 690 2888; x_wconf 84' lang='lat' dir='ltr'><strong>in</strong></span> <span class='ocrx_word' id='word_1_376' title='bbox 705 2870 756 2897; x_wconf 89' lang='lat' dir='ltr'><strong>quo</strong></span> <span class='ocrx_word' id='word_1_377' title='bbox 769 2862 826 2889; x_wconf 88' lang='lat' dir='ltr'><strong>loco</strong></span> <span class='ocrx_word' id='word_1_378' title='bbox 839 2869 958 2896; x_wconf 82' lang='lat' dir='ltr'><strong>peperere</strong></span> <span class='ocrx_word' id='word_1_379' title='bbox 972 2860 1108 2892; x_wconf 87' lang='lat' dir='ltr'><strong>incubanl,</strong></span> 
     </span>
    </p>
   </div>
   <div class='ocr_carea' id='block_1_59' title="bbox 323 2908 1106 2943">
    <p class='ocr_par' dir='ltr' id='par_1_59' title="bbox 323 2908 1106 2943">
     <span class='ocr_line' id='line_1_60' title="bbox 323 2908 1106 2943; baseline -0.001 -8"><span class='ocrx_word' id='word_1_380' title='bbox 323 2915 383 2935; x_wconf 78' lang='lat' dir='ltr'><strong>nere</strong></span> <span class='ocrx_word' id='word_1_381' title='bbox 402 2909 442 2935; x_wconf 84' lang='lat' dir='ltr'><strong>cui</strong></span> <span class='ocrx_word' id='word_1_382' title='bbox 460 2908 619 2943; x_wconf 70' lang='lat' dir='ltr'><strong>frequentior</strong></span> <span class='ocrx_word' id='word_1_383' title='bbox 635 2909 798 2937; x_wconf 67' lang='lat' dir='ltr'><strong>conversatio</strong></span> <span class='ocrx_word' id='word_1_384' title='bbox 817 2909 851 2936; x_wconf 85' lang='lat' dir='ltr'><strong>sit</strong></span> <span class='ocrx_word' id='word_1_385' title='bbox 865 2913 996 2942; x_wconf 72' lang='lat' dir='ltr'><strong>suspecta,</strong></span> <span class='ocrx_word' id='word_1_386' title='bbox 1017 2912 1106 2934; x_wconf 72' lang='lat' dir='ltr'><strong>trans-</strong></span> 
     </span>
    </p>
   </div>
   <div class='ocr_carea' id='block_1_60' title="bbox 1004 173 1279 202">
    <p class='ocr_par' dir='ltr' id='par_1_60' title="bbox 1004 173 1279 202">
     <span class='ocr_line' id='line_1_61' title="bbox 1004 173 1279 202; baseline 0.004 -2"><span class='ocrx_word' id='word_1_387' title='bbox 1004 173 1127 202; x_wconf 73' lang='lat' dir='ltr'><strong>LEONIS</strong></span> <span class='ocrx_word' id='word_1_388' title='bbox 1146 173 1279 202; x_wconf 78' lang='lat' dir='ltr'><strong>ALLATll</strong></span> 
     </span>
    </p>
   </div>
   <div class='ocr_carea' id='block_1_61' title="bbox 286 232 1965 269">
    <p class='ocr_par' dir='ltr' id='par_1_61' title="bbox 286 232 1965 269">
     <span class='ocr_line' id='line_1_62' title="bbox 286 232 1965 269; baseline 0.001 -8"><span class='ocrx_word' id='word_1_389' title='bbox 286 238 289 240; x_wconf 74' lang='lat'><em>‘</em></span> <span class='ocrx_word' id='word_1_390' title='bbox 337 235 438 262; x_wconf 85' lang='lat' dir='ltr'><strong>llarum</strong></span> <span class='ocrx_word' id='word_1_391' title='bbox 464 234 518 262; x_wconf 87' lang='lat' dir='ltr'><strong>duo</strong></span> <span class='ocrx_word' id='word_1_392' title='bbox 541 240 639 269; x_wconf 74' lang='lat' dir='ltr'><strong>genera</strong></span> <span class='ocrx_word' id='word_1_393' title='bbox 659 233 780 264; x_wconf 84' lang='lat' dir='ltr'><strong>tradunt,</strong></span> <span class='ocrx_word' id='word_1_394' title='bbox 801 239 885 267; x_wconf 76' lang='lat' dir='ltr'><strong>eaque</strong></span> <span class='ocrx_word' id='word_1_395' title='bbox 911 232 1042 269; x_wconf 76' lang='lat' dir='ltr'><strong>distingui</strong></span> <span class='ocrx_word' id='word_1_396' title='bbox 1062 242 1122 260; x_wconf 85' lang='lat' dir='ltr'><strong>ma-</strong></span> <span class='ocrx_word' id='word_1_397' title='bbox 1137 236 1159 264; x_wconf 83' lang='grc' dir='ltr'><strong>Α</strong></span> <span class='ocrx_word' id='word_1_398' title='bbox 1174 233 1260 267; x_wconf 79' lang='lat' dir='ltr'><strong>{erunt</strong></span> <span class='ocrx_word' id='word_1_399' title='bbox 1291 233 1356 260; x_wconf 86' lang='lat' dir='ltr'><strong>alio.</strong></span> <span class='ocrx_word' id='word_1_400' title='bbox 1379 232 1439 260; x_wconf 66' lang='lat' dir='ltr'><strong>Illae</strong></span> <span class='ocrx_word' id='word_1_401' title='bbox 1458 233 1564 268; x_wconf 75' lang='lat' dir='ltr'><strong>quidem</strong></span> <span class='ocrx_word' id='word_1_402' title='bbox 1583 237 1609 260; x_wconf 88' lang='lat' dir='ltr'><strong>et</strong></span> <span class='ocrx_word' id='word_1_403' title='bbox 1631 233 1743 260; x_wconf 79' lang='lat' dir='ltr'><strong>maritos</strong></span> <span class='ocrx_word' id='word_1_404' title='bbox 1772 241 1834 261; x_wconf 66' lang='lat' dir='ltr'><strong>suos</strong></span> <span class='ocrx_word' id='word_1_405' title='bbox 1852 233 1965 268; x_wconf 70' lang='lat' dir='ltr'><strong>fallunt,</strong></span> 
     </span>
    </p>
   </div>
   <div class='ocr_carea' id='block_1_62' title="bbox 1172 279 1963 314">
    <p class='ocr_par' dir='ltr' id='par_1_62' title="bbox 1172 279 1963 314">
     <span class='ocr_line' id='line_1_63' title="bbox 1172 279 1963 314; baseline 0.004 -9"><span class='ocrx_word' id='word_1_406' title='bbox 1172 280 1297 314; x_wconf 81' lang='lat' dir='ltr'><strong>quoniam</strong></span> <span class='ocrx_word' id='word_1_407' title='bbox 1311 280 1513 313; x_wconf 79' lang='lat' dir='ltr'><strong>intemperantia</strong></span> <span class='ocrx_word' id='word_1_408' title='bbox 1525 279 1642 306; x_wconf 75' lang='lat' dir='ltr'><strong>libidinis</strong></span> <span class='ocrx_word' id='word_1_409' title='bbox 1653 279 1779 314; x_wconf 76' lang='lat' dir='ltr'><strong>frangunt</strong></span> <span class='ocrx_word' id='word_1_410' title='bbox 1793 287 1886 306; x_wconf 69' lang='lat' dir='ltr'><strong>earum</strong></span> <span class='ocrx_word' id='word_1_411' title='bbox 1901 289 1963 312; x_wconf 73' lang='lat' dir='ltr'><strong>osa.</strong></span> 
     </span>
    </p>
   </div>
   <div class='ocr_carea' id='block_1_63' title="bbox 1173 324 1965 361">
    <p class='ocr_par' dir='ltr' id='par_1_63' title="bbox 1173 324 1965 361">
     <span class='ocr_line' id='line_1_64' title="bbox 1173 324 1965 361; baseline 0.003 -10"><span class='ocrx_word' id='word_1_412' title='bbox 1173 332 1205 351; x_wconf 90' lang='lat' dir='ltr'><strong>ne</strong></span> <span class='ocrx_word' id='word_1_413' title='bbox 1235 325 1382 351; x_wconf 78' lang='lat' dir='ltr'><strong>incubando</strong></span> <span class='ocrx_word' id='word_1_414' title='bbox 1412 325 1589 352; x_wconf 79' lang='lat' dir='ltr'><strong>detineantur.</strong></span> <span class='ocrx_word' id='word_1_415' title='bbox 1624 324 1701 353; x_wconf 78' lang='lat' dir='ltr'><strong>Unde</strong></span> <span class='ocrx_word' id='word_1_416' title='bbox 1728 329 1756 352; x_wconf 82' lang='lat' dir='ltr'><strong>et</strong></span> <span class='ocrx_word' id='word_1_417' title='bbox 1783 326 1965 361; x_wconf 76' lang='lat' dir='ltr'><strong>Aristophani</strong></span> 
     </span>
    </p>
   </div>
   <div class='ocr_carea' id='block_1_64' title="bbox 1174 370 1966 406">
    <p class='ocr_par' dir='ltr' id='par_1_64' title="bbox 1174 370 1966 406">
     <span class='ocr_line' id='line_1_65' title="bbox 1174 370 1966 406; baseline 0.003 -8"><span class='ocrx_word' id='word_1_418' title='bbox 1174 371 1265 398; x_wconf 81' lang='lat' dir='ltr'><strong>lictum</strong></span> <span class='ocrx_word' id='word_1_419' title='bbox 1284 371 1397 398; x_wconf 86' lang='lat' dir='ltr'><strong>verbum</strong></span> <span class='ocrx_word' id='word_1_420' title='bbox 1410 371 1437 397; x_wconf 93' lang='lat' dir='ltr'><strong>in</strong></span> <span class='ocrx_word' id='word_1_421' title='bbox 1449 370 1546 397; x_wconf 74' lang='lat' dir='ltr'><strong>Avibus</strong></span> <span class='ocrx_word' id='word_1_422' title='bbox 1563 371 1773 406; x_wconf 79' lang='grc' dir='ltr'><strong>ἐκπερδικίζειν,</strong></span> <span class='ocrx_word' id='word_1_423' title='bbox 1795 372 1814 398; x_wconf 92' lang='lat' dir='ltr'><strong>i.</strong></span> <span class='ocrx_word' id='word_1_424' title='bbox 1828 380 1854 399; x_wconf 91' lang='lat' dir='ltr'><strong>e.</strong></span> <span class='ocrx_word' id='word_1_425' title='bbox 1873 377 1966 401; x_wconf 84' lang='lat' dir='ltr'><strong>astute</strong></span> 
     </span>
    </p>
   </div>
   <div class='ocr_carea' id='block_1_65' title="bbox 1173 416 1964 452">
    <p class='ocr_par' dir='ltr' id='par_1_65' title="bbox 1173 416 1964 452">
     <span class='ocr_line' id='line_1_66' title="bbox 1173 416 1964 452; baseline 0.005 -9"><span class='ocrx_word' id='word_1_426' title='bbox 1173 417 1243 443; x_wconf 88' lang='lat' dir='ltr'><strong>elabi</strong></span> <span class='ocrx_word' id='word_1_427' title='bbox 1270 417 1477 451; x_wconf 82' lang='lat' dir='ltr'><strong>periculumque</strong></span> <span class='ocrx_word' id='word_1_428' title='bbox 1501 416 1596 444; x_wconf 88' lang='lat' dir='ltr'><strong>vitare.</strong></span> <span class='ocrx_word' id='word_1_429' title='bbox 1628 416 1697 444; x_wconf 80' lang='lat' dir='ltr'><strong>Vide</strong></span> <span class='ocrx_word' id='word_1_430' title='bbox 1719 416 1894 452; x_wconf 70' lang='lat' dir='ltr'><strong>llodiginum,</strong></span> <span class='ocrx_word' id='word_1_431' title='bbox 1914 418 1964 447; x_wconf 86' lang='lat' dir='ltr'><strong>lib.</strong></span> 
     </span>
    </p>
   </div>
   <div class='ocr_carea' id='block_1_66' title="bbox 1174 462 1964 498">
    <p class='ocr_par' dir='ltr' id='par_1_66' title="bbox 1174 462 1964 498">
     <span class='ocr_line' id='line_1_67' title="bbox 1174 462 1964 498; baseline 0.004 -9"><span class='ocrx_word' id='word_1_432' title='bbox 1174 470 1249 494; x_wconf 84' lang='lat' dir='ltr'><strong>xxix,</strong></span> <span class='ocrx_word' id='word_1_433' title='bbox 1277 469 1338 497; x_wconf 89' lang='lat' dir='ltr'><strong>cap.</strong></span> <span class='ocrx_word' id='word_1_434' title='bbox 1362 462 1407 490; x_wconf 81' lang='grc'><strong>9-6.</strong></span> <span class='ocrx_word' id='word_1_435' title='bbox 1425 462 1538 494; x_wconf 70' lang='lat' dir='ltr'><strong>Tamen,</strong></span> <span class='ocrx_word' id='word_1_436' title='bbox 1563 465 1593 489; x_wconf 85' lang='lat' dir='ltr'><strong>ut</strong></span> <span class='ocrx_word' id='word_1_437' title='bbox 1613 471 1664 498; x_wconf 84' lang='lat' dir='ltr'><strong>ego</strong></span> <span class='ocrx_word' id='word_1_438' title='bbox 1686 464 1793 498; x_wconf 85' lang='lat' dir='ltr'><strong>opinor,</strong></span> <span class='ocrx_word' id='word_1_439' title='bbox 1806 468 1903 492; x_wconf 90' lang='lat' dir='ltr'><strong>auctor</strong></span> <span class='ocrx_word' id='word_1_440' title='bbox 1917 464 1964 492; x_wconf 82' lang='lat' dir='ltr'><strong>hic</strong></span> 
     </span>
    </p>
   </div>
   <div class='ocr_carea' id='block_1_67' title="bbox 1173 508 1964 544">
    <p class='ocr_par' dir='ltr' id='par_1_67' title="bbox 1173 508 1964 544">
     <span class='ocr_line' id='line_1_68' title="bbox 1173 508 1964 544; baseline 0.005 -9"><span class='ocrx_word' id='word_1_441' title='bbox 1173 512 1267 535; x_wconf 85' lang='lat' dir='ltr'><strong>noster</strong></span> <span class='ocrx_word' id='word_1_442' title='bbox 1279 516 1340 535; x_wconf 86' lang='lat' dir='ltr'><strong>eam</strong></span> <span class='ocrx_word' id='word_1_443' title='bbox 1354 508 1506 544; x_wconf 81' lang='grc' dir='ltr'><strong>πανοῦργον</strong></span> <span class='ocrx_word' id='word_1_444' title='bbox 1520 508 1664 543; x_wconf 85' lang='lat' dir='ltr'><strong>appellavit</strong></span> <span class='ocrx_word' id='word_1_445' title='bbox 1678 510 1713 537; x_wconf 90' lang='lat' dir='ltr'><strong>ob</strong></span> <span class='ocrx_word' id='word_1_446' title='bbox 1729 510 1849 539; x_wconf 71' lang='lat' dir='ltr'><strong>iibldillis</strong></span> <span class='ocrx_word' id='word_1_447' title='bbox 1865 512 1964 539; x_wconf 87' lang='lat' dir='ltr'><strong>intem-</strong></span> 
     </span>
    </p>
   </div>
   <div class='ocr_carea' id='block_1_68' title="bbox 1174 553 1961 592">
    <p class='ocr_par' dir='ltr' id='par_1_68' title="bbox 1174 553 1961 592">
     <span class='ocr_line' id='line_1_69' title="bbox 1174 553 1961 592; baseline 0.008 -13"><span class='ocrx_word' id='word_1_448' title='bbox 1174 553 1336 587; x_wconf 87' lang='lat' dir='ltr'><strong>perantiam,</strong></span> <span class='ocrx_word' id='word_1_449' title='bbox 1366 554 1399 581; x_wconf 89' lang='lat' dir='ltr'><strong>de</strong></span> <span class='ocrx_word' id='word_1_450' title='bbox 1425 562 1478 589; x_wconf 91' lang='lat' dir='ltr'><strong>qua</strong></span> <span class='ocrx_word' id='word_1_451' title='bbox 1495 554 1556 582; x_wconf 87' lang='lat' dir='ltr'><strong>vide</strong></span> <span class='ocrx_word' id='word_1_452' title='bbox 1579 554 1693 586; x_wconf 83' lang='lat' dir='ltr'><strong>Horum,</strong></span> <span class='ocrx_word' id='word_1_453' title='bbox 1718 556 1766 583; x_wconf 86' lang='lat' dir='ltr'><strong>lib.</strong></span> <span class='ocrx_word' id='word_1_454' title='bbox 1786 564 1816 588; x_wconf 88' lang='grc' dir='ltr'><em>ιι,</em></span> <span class='ocrx_word' id='word_1_455' title='bbox 1831 565 1893 592; x_wconf 91' lang='lat' dir='ltr'><strong>cap.</strong></span> <span class='ocrx_word' id='word_1_456' title='bbox 1909 557 1961 590; x_wconf 87' lang='lat'><strong>95;</strong></span> 
     </span>
    </p>
   </div>
   <div class='ocr_carea' id='block_1_69' title="bbox 1174 597 1961 635">
    <p class='ocr_par' dir='ltr' id='par_1_69' title="bbox 1174 597 1961 635">
     <span class='ocr_line' id='line_1_70' title="bbox 1174 597 1961 635; baseline 0.008 -11"><span class='ocrx_word' id='word_1_457' title='bbox 1174 597 1290 624; x_wconf 86' lang='lat' dir='ltr'><strong>Plinium</strong></span> <span class='ocrx_word' id='word_1_458' title='bbox 1318 598 1346 626; x_wconf 91' lang='lat' dir='ltr'><strong>d.</strong></span> <span class='ocrx_word' id='word_1_459' title='bbox 1373 599 1453 632; x_wconf 82' lang='lat' dir='ltr'><strong>loco;</strong></span> <span class='ocrx_word' id='word_1_460' title='bbox 1478 600 1648 630; x_wconf 64' lang='lat' dir='ltr'><strong>Athenatum,</strong></span> <span class='ocrx_word' id='word_1_461' title='bbox 1670 600 1717 627; x_wconf 90' lang='lat' dir='ltr'><strong>lib.</strong></span> <span class='ocrx_word' id='word_1_462' title='bbox 1746 609 1790 634; x_wconf 81' lang='lat' dir='ltr'><strong>ix;</strong></span> <span class='ocrx_word' id='word_1_463' title='bbox 1807 602 1961 635; x_wconf 74' lang='lat' dir='ltr'><strong>Ailianum,</strong></span> 
     </span>
    </p>
   </div>
   <div class='ocr_carea' id='block_1_70' title="bbox 1175 644 1961 683">
    <p class='ocr_par' dir='ltr' id='par_1_70' title="bbox 1175 644 1961 683">
     <span class='ocr_line' id='line_1_71' title="bbox 1175 644 1961 683; baseline 0.008 -13"><span class='ocrx_word' id='word_1_464' title='bbox 1175 644 1221 671; x_wconf 89' lang='lat' dir='ltr'><strong>lib.</strong></span> <span class='ocrx_word' id='word_1_465' title='bbox 1234 652 1280 676; x_wconf 85' lang='lat' dir='ltr'><strong>In;</strong></span> <span class='ocrx_word' id='word_1_466' title='bbox 1299 652 1359 679; x_wconf 88' lang='lat' dir='ltr'><strong>cap.</strong></span> <span class='ocrx_word' id='word_1_467' title='bbox 1374 644 1424 677; x_wconf 84' lang='lat' dir='ltr'><strong>l6;</strong></span> <span class='ocrx_word' id='word_1_468' title='bbox 1442 645 1555 673; x_wconf 90' lang='lat' dir='ltr'><strong>Aristot.</strong></span> <span class='ocrx_word' id='word_1_469' title='bbox 1569 653 1606 677; x_wconf 83' lang='lat' dir='ltr'><strong>ix,</strong></span> <span class='ocrx_word' id='word_1_470' title='bbox 1623 645 1662 672; x_wconf 86' lang='lat' dir='ltr'><strong>De</strong></span> <span class='ocrx_word' id='word_1_471' title='bbox 1673 646 1734 673; x_wconf 88' lang='lat' dir='ltr'><strong>hist.</strong></span> <span class='ocrx_word' id='word_1_472' title='bbox 1749 648 1842 679; x_wconf 81' lang='lat' dir='ltr'><strong>anim.,</strong></span> <span class='ocrx_word' id='word_1_473' title='bbox 1858 656 1920 683; x_wconf 81' lang='lat' dir='ltr'><strong>cap.</strong></span> <span class='ocrx_word' id='word_1_474' title='bbox 1933 647 1961 680; x_wconf 84' lang='lat'><strong>8.</strong></span> 
     </span>
    </p>
   </div>
   <div class='ocr_carea' id='block_1_71' title="bbox 1174 690 1962 725">
    <p class='ocr_par' dir='ltr' id='par_1_71' title="bbox 1174 690 1962 725">
     <span class='ocr_line' id='line_1_72' title="bbox 1174 690 1962 725; baseline 0.006 -9"><span class='ocrx_word' id='word_1_475' title='bbox 1174 697 1235 724; x_wconf 63' lang='lat' dir='ltr'><strong>quae</strong></span> <span class='ocrx_word' id='word_1_476' title='bbox 1253 690 1367 717; x_wconf 90' lang='lat' dir='ltr'><strong>aliorum</strong></span> <span class='ocrx_word' id='word_1_477' title='bbox 1388 690 1545 718; x_wconf 91' lang='lat' dir='ltr'><strong>animalium</strong></span> <span class='ocrx_word' id='word_1_478' title='bbox 1568 691 1671 719; x_wconf 89' lang='lat' dir='ltr'><strong>viribus</strong></span> <span class='ocrx_word' id='word_1_479' title='bbox 1684 699 1738 719; x_wconf 91' lang='lat' dir='ltr'><strong>non</strong></span> <span class='ocrx_word' id='word_1_480' title='bbox 1757 697 1896 725; x_wconf 81' lang='lat' dir='ltr'><strong>contenta,</strong></span> <span class='ocrx_word' id='word_1_481' title='bbox 1912 701 1962 721; x_wconf 83' lang='lat' dir='ltr'><strong>ne-</strong></span> 
     </span>
    </p>
   </div>
   <div class='ocr_carea' id='block_1_72' title="bbox 1174 734 1961 772">
    <p class='ocr_par' dir='ltr' id='par_1_72' title="bbox 1174 734 1961 772">
     <span class='ocr_line' id='line_1_73' title="bbox 1174 734 1961 772; baseline 0.006 -11"><span class='ocrx_word' id='word_1_482' title='bbox 1174 734 1241 762; x_wconf 76' lang='lat' dir='ltr'><strong>farie</strong></span> <span class='ocrx_word' id='word_1_483' title='bbox 1254 735 1281 762; x_wconf 91' lang='lat' dir='ltr'><strong>in</strong></span> <span class='ocrx_word' id='word_1_484' title='bbox 1293 736 1428 763; x_wconf 88' lang='lat' dir='ltr'><strong>masculos</strong></span> <span class='ocrx_word' id='word_1_485' title='bbox 1442 743 1502 763; x_wconf 89' lang='lat' dir='ltr'><strong>sese</strong></span> <span class='ocrx_word' id='word_1_486' title='bbox 1513 736 1610 770; x_wconf 82' lang='lat' dir='ltr'><strong>agitat:</strong></span> <span class='ocrx_word' id='word_1_487' title='bbox 1621 744 1671 764; x_wconf 88' lang='lat' dir='ltr'><strong>nec</strong></span> <span class='ocrx_word' id='word_1_488' title='bbox 1683 745 1744 764; x_wconf 79' lang='lat' dir='ltr'><strong>cuin</strong></span> <span class='ocrx_word' id='word_1_489' title='bbox 1755 738 1848 764; x_wconf 87' lang='lat' dir='ltr'><strong>eadem</strong></span> <span class='ocrx_word' id='word_1_490' title='bbox 1858 738 1961 772; x_wconf 82' lang='lat' dir='ltr'><strong>specie.</strong></span> 
     </span>
    </p>
   </div>
   <div class='ocr_carea' id='block_1_73' title="bbox 1175 781 1960 816">
    <p class='ocr_par' dir='ltr' id='par_1_73' title="bbox 1175 781 1960 816">
     <span class='ocr_line' id='line_1_74' title="bbox 1175 781 1960 816; baseline 0.001 -7"><span class='ocrx_word' id='word_1_491' title='bbox 1175 781 1222 809; x_wconf 84' lang='lat' dir='ltr'><strong>sed</strong></span> <span class='ocrx_word' id='word_1_492' title='bbox 1249 785 1276 808; x_wconf 85' lang='lat' dir='ltr'><strong>et</strong></span> <span class='ocrx_word' id='word_1_493' title='bbox 1298 789 1360 808; x_wconf 90' lang='lat' dir='ltr'><strong>cum</strong></span> <span class='ocrx_word' id='word_1_494' title='bbox 1382 781 1483 809; x_wconf 86' lang='lat' dir='ltr'><strong>diversi</strong></span> <span class='ocrx_word' id='word_1_495' title='bbox 1506 782 1613 816; x_wconf 77' lang='lat' dir='ltr'><strong>generis</strong></span> <span class='ocrx_word' id='word_1_496' title='bbox 1630 782 1727 810; x_wconf 85' lang='lat' dir='ltr'><strong>avibus</strong></span> <span class='ocrx_word' id='word_1_497' title='bbox 1741 790 1770 809; x_wconf 81' lang='lat' dir='ltr'><strong>se</strong></span> <span class='ocrx_word' id='word_1_498' title='bbox 1787 784 1960 813; x_wconf 80' lang='lat' dir='ltr'><strong>commiscet.</strong></span> 
     </span>
    </p>
   </div>
   <div class='ocr_carea' id='block_1_74' title="bbox 1175 825 1959 861">
    <p class='ocr_par' dir='ltr' id='par_1_74' title="bbox 1175 825 1959 861">
     <span class='ocr_line' id='line_1_75' title="bbox 1175 825 1959 861; baseline 0 -7"><span class='ocrx_word' id='word_1_499' title='bbox 1175 827 1198 854; x_wconf 92' lang='lat' dir='ltr'><strong>si</strong></span> <span class='ocrx_word' id='word_1_500' title='bbox 1211 827 1349 854; x_wconf 87' lang='lat' dir='ltr'><strong>Aristoteli</strong></span> <span class='ocrx_word' id='word_1_501' title='bbox 1361 826 1499 853; x_wconf 86' lang='lat' dir='ltr'><strong>credimus</strong></span> <span class='ocrx_word' id='word_1_502' title='bbox 1513 825 1550 852; x_wconf 90' lang='lat' dir='ltr'><strong>De</strong></span> <span class='ocrx_word' id='word_1_503' title='bbox 1560 826 1725 860; x_wconf 75' lang='lat' dir='ltr'><strong>generatione</strong></span> <span class='ocrx_word' id='word_1_504' title='bbox 1739 826 1850 853; x_wconf 83' lang='lat' dir='ltr'><strong>animal.</strong></span> <span class='ocrx_word' id='word_1_505' title='bbox 1859 834 1921 861; x_wconf 89' lang='lat' dir='ltr'><strong>cap.</strong></span> <span class='ocrx_word' id='word_1_506' title='bbox 1933 827 1959 854; x_wconf 90' lang='lat'><strong>5.</strong></span> 
     </span>
    </p>
   </div>
   <div class='ocr_carea' id='block_1_75' title="bbox 1174 869 1962 906">
    <p class='ocr_par' dir='ltr' id='par_1_75' title="bbox 1174 869 1962 906">
     <span class='ocr_line' id='line_1_76' title="bbox 1174 869 1962 906; baseline -0.001 -8"><span class='ocrx_word' id='word_1_507' title='bbox 1174 870 1315 906; x_wconf 78' lang='lat' dir='ltr'><strong>Origenes,</strong></span> <span class='ocrx_word' id='word_1_508' title='bbox 1330 871 1402 897; x_wconf 90' lang='lat' dir='ltr'><strong>hom.</strong></span> <span class='ocrx_word' id='word_1_509' title='bbox 1418 871 1445 897; x_wconf 74' lang='grc'><strong>4.</strong></span> <span class='ocrx_word' id='word_1_510' title='bbox 1464 871 1491 897; x_wconf 90' lang='lat' dir='ltr'><strong>in</strong></span> <span class='ocrx_word' id='word_1_511' title='bbox 1507 869 1650 897; x_wconf 80' lang='lat' dir='ltr'><strong>Jeremiam</strong></span> <span class='ocrx_word' id='word_1_512' title='bbox 1668 879 1678 898; x_wconf 89' lang='lat'><strong><em>:</em></strong></span> <span class='ocrx_word' id='word_1_513' title='bbox 1693 869 1770 896; x_wconf 72' lang='grc' dir='ltr'><strong>Ἐστι</strong></span> <span class='ocrx_word' id='word_1_514' title='bbox 1784 871 1812 896; x_wconf 81' lang='grc' dir='ltr'><strong>δὲ</strong></span> <span class='ocrx_word' id='word_1_515' title='bbox 1829 871 1876 896; x_wconf 81' lang='grc' dir='ltr'><strong>χαὶ</strong></span> <span class='ocrx_word' id='word_1_516' title='bbox 1890 871 1962 898; x_wconf 78' lang='grc' dir='ltr'><strong>ἀκά-</strong></span> 
     </span>
    </p>
   </div>
   <div class='ocr_carea' id='block_1_76' title="bbox 1140 916 1961 953">
    <p class='ocr_par' dir='ltr' id='par_1_76' title="bbox 1140 916 1961 953">
     <span class='ocr_line' id='line_1_77' title="bbox 1140 916 1961 953; baseline -0.001 -10"><span class='ocrx_word' id='word_1_517' title='bbox 1140 921 1159 948; x_wconf 78' lang='grc' dir='ltr'>Β</span> <span class='ocrx_word' id='word_1_518' title='bbox 1174 917 1282 953; x_wconf 84' lang='grc' dir='ltr'>θαρτον,</span> <span class='ocrx_word' id='word_1_519' title='bbox 1311 916 1381 943; x_wconf 79' lang='grc' dir='ltr'><strong>ὥστε</strong></span> <span class='ocrx_word' id='word_1_520' title='bbox 1410 917 1473 948; x_wconf 73' lang='grc' dir='ltr'><strong>τοὺς</strong></span> <span class='ocrx_word' id='word_1_521' title='bbox 1502 916 1664 952; x_wconf 79' lang='grc' dir='ltr'><strong>θηρεύοντας</strong></span> <span class='ocrx_word' id='word_1_522' title='bbox 1689 917 1759 952; x_wconf 88' lang='lat' dir='ltr'><strong>(lego</strong></span> <span class='ocrx_word' id='word_1_523' title='bbox 1782 916 1961 952; x_wconf 72' lang='grc' dir='ltr'><strong>χηρεύοντας)</strong></span> 
     </span>
    </p>
   </div>
   <div class='ocr_carea' id='block_1_77' title="bbox 1178 962 1962 999">
    <p class='ocr_par' dir='ltr' id='par_1_77' title="bbox 1178 962 1962 999">
     <span class='ocr_line' id='line_1_78' title="bbox 1178 962 1962 999; baseline -0.001 -10"><span class='ocrx_word' id='word_1_524' title='bbox 1178 965 1339 999; x_wconf 82' lang='grc' dir='ltr'><strong>μονομαχεῖν</strong></span> <span class='ocrx_word' id='word_1_525' title='bbox 1355 963 1478 998; x_wconf 79' lang='grc' dir='ltr'><strong>ἀλλήλοις</strong></span> <span class='ocrx_word' id='word_1_526' title='bbox 1502 964 1566 997; x_wconf 66' lang='grc' dir='ltr'>περὶ</span> <span class='ocrx_word' id='word_1_527' title='bbox 1588 963 1636 998; x_wconf 85' lang='grc' dir='ltr'><strong>τῆς</strong></span> <span class='ocrx_word' id='word_1_528' title='bbox 1663 962 1773 998; x_wconf 75' lang='grc' dir='ltr'><strong>μξξεως,</strong></span> <span class='ocrx_word' id='word_1_529' title='bbox 1787 963 1833 989; x_wconf 76' lang='grc' dir='ltr'><strong>καὶ</strong></span> <span class='ocrx_word' id='word_1_530' title='bbox 1855 962 1962 998; x_wconf 67' lang='grc' dir='ltr'><strong>ἄρρενα.</strong></span> 
     </span>
    </p>
   </div>
   <div class='ocr_carea' id='block_1_78' title="bbox 1176 1008 1962 1044">
    <p class='ocr_par' dir='ltr' id='par_1_78' title="bbox 1176 1008 1962 1044">
     <span class='ocr_line' id='line_1_79' title="bbox 1176 1008 1962 1044; baseline 0 -9"><span class='ocrx_word' id='word_1_531' title='bbox 1176 1009 1246 1044; x_wconf 84' lang='grc' dir='ltr'><strong>μετὰ</strong></span> <span class='ocrx_word' id='word_1_532' title='bbox 1257 1009 1335 1043; x_wconf 81' lang='grc' dir='ltr'>νίκην</span> <span class='ocrx_word' id='word_1_533' title='bbox 1349 1009 1498 1035; x_wconf 72' lang='grc' dir='ltr'><strong>ἐπιϐαίνειν</strong></span> <span class='ocrx_word' id='word_1_534' title='bbox 1507 1008 1554 1034; x_wconf 78' lang='grc' dir='ltr'><strong>τοῦ</strong></span> <span class='ocrx_word' id='word_1_535' title='bbox 1570 1009 1692 1044; x_wconf 76' lang='grc' dir='ltr'><strong>ἄρρενος.</strong></span> <span class='ocrx_word' id='word_1_536' title='bbox 1705 1008 1761 1035; x_wconf 84' lang='lat' dir='ltr'><strong>Nisi</strong></span> <span class='ocrx_word' id='word_1_537' title='bbox 1775 1013 1865 1035; x_wconf 89' lang='lat' dir='ltr'><strong>tamen</strong></span> <span class='ocrx_word' id='word_1_538' title='bbox 1880 1009 1962 1036; x_wconf 84' lang='lat' dir='ltr'><strong>aliter</strong></span> 
     </span>
    </p>
   </div>
   <div class='ocr_carea' id='block_1_79' title="bbox 1176 1053 1962 1089">
    <p class='ocr_par' dir='ltr' id='par_1_79' title="bbox 1176 1053 1962 1089">
     <span class='ocr_line' id='line_1_80' title="bbox 1176 1053 1962 1089; baseline 0.004 -10"><span class='ocrx_word' id='word_1_539' title='bbox 1176 1054 1264 1081; x_wconf 90' lang='lat' dir='ltr'><strong>locum</strong></span> <span class='ocrx_word' id='word_1_540' title='bbox 1282 1054 1349 1081; x_wconf 89' lang='lat' dir='ltr'><strong>velis</strong></span> <span class='ocrx_word' id='word_1_541' title='bbox 1360 1061 1392 1080; x_wconf 90' lang='lat' dir='ltr'><strong>ex</strong></span> <span class='ocrx_word' id='word_1_542' title='bbox 1415 1053 1526 1086; x_wconf 88' lang='lat' dir='ltr'><strong>Basilio,</strong></span> <span class='ocrx_word' id='word_1_543' title='bbox 1543 1053 1617 1079; x_wconf 88' lang='lat' dir='ltr'><strong>hom.</strong></span> <span class='ocrx_word' id='word_1_544' title='bbox 1634 1054 1661 1084; x_wconf 90' lang='lat'><strong>8,</strong></span> <span class='ocrx_word' id='word_1_545' title='bbox 1684 1053 1771 1088; x_wconf 83' lang='lat' dir='ltr'><strong>legere</strong></span> <span class='ocrx_word' id='word_1_546' title='bbox 1790 1063 1796 1080; x_wconf 93' lang='lat'>:</span> <span class='ocrx_word' id='word_1_547' title='bbox 1811 1053 1927 1089; x_wconf 77' lang='grc' dir='ltr'><strong>Δολερὺν</strong></span> <span class='ocrx_word' id='word_1_548' title='bbox 1945 1055 1962 1082; x_wconf 80' lang='grc'>6</span> 
     </span>
    </p>
   </div>
   <div class='ocr_carea' id='block_1_80' title="bbox 1175 1098 1961 1134">
    <p class='ocr_par' dir='ltr' id='par_1_80' title="bbox 1175 1098 1961 1134">
     <span class='ocr_line' id='line_1_81' title="bbox 1175 1098 1961 1134; baseline -0.001 -9"><span class='ocrx_word' id='word_1_549' title='bbox 1175 1098 1278 1134; x_wconf 74' lang='grc' dir='ltr'><strong>πέρδιξ,</strong></span> <span class='ocrx_word' id='word_1_550' title='bbox 1294 1099 1341 1125; x_wconf 77' lang='grc' dir='ltr'><strong>καὶ</strong></span> <span class='ocrx_word' id='word_1_551' title='bbox 1355 1099 1513 1133; x_wconf 73' lang='grc' dir='ltr'><strong>ζηλότυπον,</strong></span> <span class='ocrx_word' id='word_1_552' title='bbox 1526 1098 1687 1133; x_wconf 73' lang='grc' dir='ltr'><strong>κακούργως</strong></span> <span class='ocrx_word' id='word_1_553' title='bbox 1704 1098 1887 1134; x_wconf 80' lang='grc' dir='ltr'><strong>συμπράττων</strong></span> <span class='ocrx_word' id='word_1_554' title='bbox 1901 1100 1961 1130; x_wconf 71' lang='grc' dir='ltr'><strong>τοῖς</strong></span> 
     </span>
    </p>
   </div>
   <div class='ocr_carea' id='block_1_81' title="bbox 1175 1143 1962 1180">
    <p class='ocr_par' dir='ltr' id='par_1_81' title="bbox 1175 1143 1962 1180">
     <span class='ocr_line' id='line_1_82' title="bbox 1175 1143 1962 1180; baseline 0.001 -10"><span class='ocrx_word' id='word_1_555' title='bbox 1175 1144 1319 1179; x_wconf 82' lang='grc' dir='ltr'><strong>θηρευταῖς</strong></span> <span class='ocrx_word' id='word_1_556' title='bbox 1342 1144 1410 1179; x_wconf 83' lang='grc' dir='ltr'>πρὸς</span> <span class='ocrx_word' id='word_1_557' title='bbox 1429 1143 1478 1180; x_wconf 82' lang='grc' dir='ltr'><strong>τὴν</strong></span> <span class='ocrx_word' id='word_1_558' title='bbox 1500 1144 1599 1179; x_wconf 78' lang='grc' dir='ltr'><strong>ἄγραν.</strong></span> <span class='ocrx_word' id='word_1_559' title='bbox 1619 1143 1664 1170; x_wconf 91' lang='lat' dir='ltr'><strong>Sic</strong></span> <span class='ocrx_word' id='word_1_560' title='bbox 1684 1144 1755 1170; x_wconf 89' lang='lat' dir='ltr'><strong>enim</strong></span> <span class='ocrx_word' id='word_1_561' title='bbox 1779 1151 1833 1170; x_wconf 93' lang='lat' dir='ltr'><strong>non</strong></span> <span class='ocrx_word' id='word_1_562' title='bbox 1849 1143 1884 1170; x_wconf 88' lang='lat' dir='ltr'><strong>ad</strong></span> <span class='ocrx_word' id='word_1_563' title='bbox 1899 1144 1962 1178; x_wconf 77' lang='lat' dir='ltr'><strong>ejus</strong></span> 
     </span>
    </p>
   </div>
   <div class='ocr_carea' id='block_1_82' title="bbox 1174 1188 1962 1223">
    <p class='ocr_par' dir='ltr' id='par_1_82' title="bbox 1174 1188 1962 1223">
     <span class='ocr_line' id='line_1_83' title="bbox 1174 1188 1962 1223; baseline 0 -7"><span class='ocrx_word' id='word_1_564' title='bbox 1174 1189 1324 1221; x_wconf 91' lang='lat' dir='ltr'><strong>libidinem,</strong></span> <span class='ocrx_word' id='word_1_565' title='bbox 1339 1188 1386 1216; x_wconf 85' lang='lat' dir='ltr'><strong>sed</strong></span> <span class='ocrx_word' id='word_1_566' title='bbox 1405 1188 1439 1215; x_wconf 72' lang='lat' dir='ltr'><strong>ad</strong></span> <span class='ocrx_word' id='word_1_567' title='bbox 1466 1188 1606 1220; x_wconf 87' lang='lat' dir='ltr'><strong>callidum,</strong></span> <span class='ocrx_word' id='word_1_568' title='bbox 1619 1188 1841 1223; x_wconf 88' lang='lat' dir='ltr'><strong>malitiosumque</strong></span> <span class='ocrx_word' id='word_1_569' title='bbox 1855 1188 1962 1216; x_wconf 80' lang='lat' dir='ltr'><strong>referes</strong></span> 
     </span>
    </p>
   </div>
   <div class='ocr_carea' id='block_1_83' title="bbox 1174 1233 1961 1270">
    <p class='ocr_par' dir='ltr' id='par_1_83' title="bbox 1174 1233 1961 1270">
     <span class='ocr_line' id='line_1_84' title="bbox 1174 1233 1961 1270; baseline -0.001 -8"><span class='ocrx_word' id='word_1_570' title='bbox 1174 1235 1322 1270; x_wconf 81' lang='lat' dir='ltr'><strong>ingenium,</strong></span> <span class='ocrx_word' id='word_1_571' title='bbox 1348 1241 1403 1269; x_wconf 90' lang='lat' dir='ltr'><strong>quo</strong></span> <span class='ocrx_word' id='word_1_572' title='bbox 1424 1233 1597 1260; x_wconf 88' lang='lat' dir='ltr'><strong>venatoribus</strong></span> <span class='ocrx_word' id='word_1_573' title='bbox 1619 1236 1649 1260; x_wconf 82' lang='lat' dir='ltr'><strong>ut</strong></span> <span class='ocrx_word' id='word_1_574' title='bbox 1676 1234 1743 1260; x_wconf 85' lang='lat' dir='ltr'><strong>alias</strong></span> <span class='ocrx_word' id='word_1_575' title='bbox 1763 1233 1891 1269; x_wconf 85' lang='lat' dir='ltr'><strong>deceptas</strong></span> <span class='ocrx_word' id='word_1_576' title='bbox 1913 1241 1961 1261; x_wconf 83' lang='lat' dir='ltr'><strong>ca-</strong></span> 
     </span>
    </p>
   </div>
   <div class='ocr_carea' id='block_1_84' title="bbox 1173 1281 1521 1314">
    <p class='ocr_par' dir='ltr' id='par_1_84' title="bbox 1173 1281 1521 1314">
     <span class='ocr_line' id='line_1_85' title="bbox 1173 1281 1521 1314; baseline 0 -8"><span class='ocrx_word' id='word_1_577' title='bbox 1173 1281 1257 1314; x_wconf 91' lang='lat' dir='ltr'><strong>piant,</strong></span> <span class='ocrx_word' id='word_1_578' title='bbox 1273 1287 1384 1314; x_wconf 88' lang='lat' dir='ltr'><strong>operam</strong></span> <span class='ocrx_word' id='word_1_579' title='bbox 1399 1282 1521 1314; x_wconf 63' lang='lat' dir='ltr'><strong>praestat.</strong></span> 
     </span>
    </p>
   </div>
   <div class='ocr_carea' id='block_1_85' title="bbox 1204 1323 2018 1361">
    <p class='ocr_par' dir='ltr' id='par_1_85' title="bbox 1204 1323 2018 1361">
     <span class='ocr_line' id='line_1_86' title="bbox 1204 1323 2018 1361; baseline 0 -9"><span class='ocrx_word' id='word_1_580' title='bbox 1204 1325 1272 1352; x_wconf 89' lang='lat' dir='ltr'><strong>Ibid.</strong></span> <span class='ocrx_word' id='word_1_581' title='bbox 1289 1326 1337 1352; x_wconf 91' lang='lat' dir='ltr'><strong>lin.</strong></span> <span class='ocrx_word' id='word_1_582' title='bbox 1352 1325 1397 1351; x_wconf 76' lang='grc'><strong>22.</strong></span> <span class='ocrx_word' id='word_1_583' title='bbox 1412 1324 1613 1361; x_wconf 75' lang='grc' dir='ltr'><strong>Συμπράςτων</strong></span> <span class='ocrx_word' id='word_1_584' title='bbox 1629 1324 1691 1357; x_wconf 73' lang='grc' dir='ltr'><em>τοῖς</em></span> <span class='ocrx_word' id='word_1_585' title='bbox 1706 1324 1872 1358; x_wconf 82' lang='grc' dir='ltr'><strong>θηρευταῖς.</strong></span> <span class='ocrx_word' id='word_1_586' title='bbox 1886 1323 1960 1352; x_wconf 80' lang='lat' dir='ltr'><strong>Voce</strong></span> <span class='ocrx_word' id='word_1_587' title='bbox 2014 1339 2018 1342; x_wconf 86' lang='lat'><strong><em>~</em></strong></span> 
     </span>
    </p>
   </div>
   <div class='ocr_carea' id='block_1_86' title="bbox 1171 1371 1961 1406">
    <p class='ocr_par' dir='ltr' id='par_1_86' title="bbox 1171 1371 1961 1406">
     <span class='ocr_line' id='line_1_87' title="bbox 1171 1371 1961 1406; baseline 0 -8"><span class='ocrx_word' id='word_1_588' title='bbox 1171 1372 1242 1398; x_wconf 90' lang='lat' dir='ltr'><strong>enim</strong></span> <span class='ocrx_word' id='word_1_589' title='bbox 1265 1371 1333 1398; x_wconf 89' lang='lat' dir='ltr'><strong>alias</strong></span> <span class='ocrx_word' id='word_1_590' title='bbox 1353 1371 1487 1403; x_wconf 82' lang='lat' dir='ltr'><strong>alliciunt,</strong></span> <span class='ocrx_word' id='word_1_591' title='bbox 1509 1371 1676 1406; x_wconf 77' lang='lat' dir='ltr'><strong>laqueosque</strong></span> <span class='ocrx_word' id='word_1_592' title='bbox 1692 1376 1846 1406; x_wconf 65' lang='lat' dir='ltr'><strong>praeparant</strong></span> <span class='ocrx_word' id='word_1_593' title='bbox 1862 1371 1961 1398; x_wconf 84' lang='lat' dir='ltr'><strong>amicis</strong></span> 
     </span>
    </p>
   </div>
   <div class='ocr_carea' id='block_1_87' title="bbox 1171 1417 1957 1452">
    <p class='ocr_par' dir='ltr' id='par_1_87' title="bbox 1171 1417 1957 1452">
     <span class='ocr_line' id='line_1_88' title="bbox 1171 1417 1957 1452; baseline -0.001 -8"><span class='ocrx_word' id='word_1_594' title='bbox 1171 1418 1381 1452; x_wconf 86' lang='lat' dir='ltr'><strong>inexspectatos,</strong></span> <span class='ocrx_word' id='word_1_595' title='bbox 1411 1417 1583 1452; x_wconf 76' lang='lat' dir='ltr'><strong>przedamque</strong></span> <span class='ocrx_word' id='word_1_596' title='bbox 1620 1417 1754 1452; x_wconf 84' lang='lat' dir='ltr'><strong>objiciunt</strong></span> <span class='ocrx_word' id='word_1_597' title='bbox 1788 1417 1957 1445; x_wconf 74' lang='lat' dir='ltr'><strong>hominibus.</strong></span> 
     </span>
    </p>
   </div>
   <div class='ocr_carea' id='block_1_88' title="bbox 1170 1462 1961 1497">
    <p class='ocr_par' dir='ltr' id='par_1_88' title="bbox 1170 1462 1961 1497">
     <span class='ocr_line' id='line_1_89' title="bbox 1170 1462 1961 1497; baseline 0.001 -9"><span class='ocrx_word' id='word_1_598' title='bbox 1170 1462 1367 1493; x_wconf 85' lang='lat' dir='ltr'><strong>Theodoretus,</strong></span> <span class='ocrx_word' id='word_1_599' title='bbox 1388 1466 1478 1490; x_wconf 88' lang='lat' dir='ltr'><strong>caten.</strong></span> <span class='ocrx_word' id='word_1_600' title='bbox 1504 1463 1531 1489; x_wconf 79' lang='lat' dir='ltr'><strong>in</strong></span> <span class='ocrx_word' id='word_1_601' title='bbox 1547 1462 1658 1494; x_wconf 81' lang='lat' dir='ltr'><strong>Jerem.,</strong></span> <span class='ocrx_word' id='word_1_602' title='bbox 1687 1469 1747 1497; x_wconf 90' lang='lat' dir='ltr'><strong>cap.</strong></span> <span class='ocrx_word' id='word_1_603' title='bbox 1764 1471 1830 1489; x_wconf 89' lang='lat' dir='ltr'><strong>xvn.</strong></span> <span class='ocrx_word' id='word_1_604' title='bbox 1846 1463 1961 1496; x_wconf 75' lang='grc' dir='ltr'><strong>Λέγοιτο</strong></span> 
     </span>
    </p>
   </div>
   <div class='ocr_carea' id='block_1_89' title="bbox 1168 1507 1959 1544">
    <p class='ocr_par' dir='ltr' id='par_1_89' title="bbox 1168 1507 1959 1544">
     <span class='ocr_line' id='line_1_90' title="bbox 1168 1507 1959 1544; baseline 0.001 -10"><span class='ocrx_word' id='word_1_605' title='bbox 1168 1508 1191 1534; x_wconf 79' lang='grc' dir='ltr'><strong>δ’</strong></span> <span class='ocrx_word' id='word_1_606' title='bbox 1209 1507 1242 1534; x_wconf 81' lang='grc' dir='ltr'>ἂν</span> <span class='ocrx_word' id='word_1_607' title='bbox 1257 1508 1351 1544; x_wconf 76' lang='grc' dir='ltr'><strong>πέρὸιξ</strong></span> <span class='ocrx_word' id='word_1_608' title='bbox 1367 1508 1513 1543; x_wconf 68' lang='grc' dir='ltr'><strong>θηρατικὸς</strong></span> <span class='ocrx_word' id='word_1_609' title='bbox 1530 1508 1576 1534; x_wconf 79' lang='grc' dir='ltr'><strong>καὶ</strong></span> <span class='ocrx_word' id='word_1_610' title='bbox 1592 1509 1606 1534; x_wconf 87' lang='grc' dir='ltr'>ὁ</span> <span class='ocrx_word' id='word_1_611' title='bbox 1619 1507 1798 1539; x_wconf 76' lang='grc' dir='ltr'><strong>Βαϐυλώνιος.</strong></span> <span class='ocrx_word' id='word_1_612' title='bbox 1814 1508 1959 1540; x_wconf 71' lang='grc' dir='ltr'>Τοιούτους</span> 
     </span>
    </p>
   </div>
   <div class='ocr_carea' id='block_1_90' title="bbox 1170 1551 1960 1590">
    <p class='ocr_par' dir='ltr' id='par_1_90' title="bbox 1170 1551 1960 1590">
     <span class='ocr_line' id='line_1_91' title="bbox 1170 1551 1960 1590; baseline -0.001 -10"><span class='ocrx_word' id='word_1_613' title='bbox 1170 1553 1223 1589; x_wconf 84' lang='grc' dir='ltr'><strong>γὰρ</strong></span> <span class='ocrx_word' id='word_1_614' title='bbox 1238 1554 1261 1580; x_wconf 86' lang='grc' dir='ltr'>οἱ</span> <span class='ocrx_word' id='word_1_615' title='bbox 1278 1554 1331 1580; x_wconf 81' lang='grc' dir='ltr'><strong>τῶν</strong></span> <span class='ocrx_word' id='word_1_616' title='bbox 1345 1554 1480 1589; x_wconf 78' lang='grc' dir='ltr'><strong>περδίκων</strong></span> <span class='ocrx_word' id='word_1_617' title='bbox 1492 1553 1669 1589; x_wconf 80' lang='grc' dir='ltr'><strong>περιφέρουσι</strong></span> <span class='ocrx_word' id='word_1_618' title='bbox 1683 1554 1822 1589; x_wconf 68' lang='grc' dir='ltr'><strong>Θηρευταὶ,</strong></span> <span class='ocrx_word' id='word_1_619' title='bbox 1838 1551 1876 1580; x_wconf 82' lang='grc' dir='ltr'>ὧν</span> <span class='ocrx_word' id='word_1_620' title='bbox 1891 1554 1960 1590; x_wconf 76' lang='grc' dir='ltr'>πρὸς</span> 
     </span>
    </p>
   </div>
   <div class='ocr_carea' id='block_1_91' title="bbox 1171 1598 1959 1635">
    <p class='ocr_par' dir='ltr' id='par_1_91' title="bbox 1171 1598 1959 1635">
     <span class='ocr_line' id='line_1_92' title="bbox 1171 1598 1959 1635; baseline 0 -10"><span class='ocrx_word' id='word_1_621' title='bbox 1171 1599 1219 1635; x_wconf 86' lang='grc' dir='ltr'><strong>τὴν</strong></span> <span class='ocrx_word' id='word_1_622' title='bbox 1239 1600 1330 1634; x_wconf 80' lang='grc' dir='ltr'>φωνὴν</span> <span class='ocrx_word' id='word_1_623' title='bbox 1351 1600 1375 1625; x_wconf 90' lang='grc' dir='ltr'>οἱ</span> <span class='ocrx_word' id='word_1_624' title='bbox 1393 1600 1531 1634; x_wconf 78' lang='grc' dir='ltr'><strong>ὁμογενεῖς</strong></span> <span class='ocrx_word' id='word_1_625' title='bbox 1550 1598 1742 1633; x_wconf 83' lang='grc' dir='ltr'><strong>συντρέχοντες</strong></span> <span class='ocrx_word' id='word_1_626' title='bbox 1756 1599 1882 1634; x_wconf 77' lang='grc' dir='ltr'><strong>πέρδικες</strong></span> <span class='ocrx_word' id='word_1_627' title='bbox 1900 1600 1959 1632; x_wconf 60' lang='lat' dir='ltr'><strong>aut;</strong></span> 
     </span>
    </p>
   </div>
   <div class='ocr_carea' id='block_1_92' title="bbox 1170 1644 1959 1681">
    <p class='ocr_par' dir='ltr' id='par_1_92' title="bbox 1170 1644 1959 1681">
     <span class='ocr_line' id='line_1_93' title="bbox 1170 1644 1959 1681; baseline 0.001 -10"><span class='ocrx_word' id='word_1_628' title='bbox 1170 1645 1314 1681; x_wconf 79' lang='grc' dir='ltr'><strong>θηράτροις</strong></span> <span class='ocrx_word' id='word_1_629' title='bbox 1335 1646 1525 1680; x_wconf 70' lang='grc' dir='ltr'><strong>ἐμπίπτουσιν.</strong></span> <span class='ocrx_word' id='word_1_630' title='bbox 1538 1644 1626 1672; x_wconf 89' lang='lat' dir='ltr'><strong>lllices</strong></span> <span class='ocrx_word' id='word_1_631' title='bbox 1653 1645 1767 1677; x_wconf 85' lang='lat' dir='ltr'><strong>Latinis.</strong></span> <span class='ocrx_word' id='word_1_632' title='bbox 1786 1646 1888 1673; x_wconf 64' lang='lat' dir='ltr'><strong>Graecis</strong></span> <span class='ocrx_word' id='word_1_633' title='bbox 1904 1654 1959 1672; x_wconf 75' lang='grc' dir='ltr'><strong>πα-</strong></span> 
     </span>
    </p>
   </div>
   <div class='ocr_carea' id='block_1_93' title="bbox 1169 1689 1959 1725">
    <p class='ocr_par' dir='ltr' id='par_1_93' title="bbox 1169 1689 1959 1725">
     <span class='ocr_line' id='line_1_94' title="bbox 1169 1689 1959 1725; baseline 0.003 -9"><span class='ocrx_word' id='word_1_634' title='bbox 1169 1690 1298 1725; x_wconf 83' lang='grc' dir='ltr'>λευτρίαι.</span> <span class='ocrx_word' id='word_1_635' title='bbox 1326 1691 1416 1722; x_wconf 87' lang='lat' dir='ltr'><strong>Quare</strong></span> <span class='ocrx_word' id='word_1_636' title='bbox 1436 1694 1463 1717; x_wconf 92' lang='lat' dir='ltr'><strong>et</strong></span> <span class='ocrx_word' id='word_1_637' title='bbox 1491 1689 1645 1721; x_wconf 87' lang='lat' dir='ltr'><strong>Turnebus,</strong></span> <span class='ocrx_word' id='word_1_638' title='bbox 1671 1690 1773 1717; x_wconf 79' lang='lat' dir='ltr'><strong>advers.</strong></span> <span class='ocrx_word' id='word_1_639' title='bbox 1800 1690 1846 1717; x_wconf 85' lang='lat' dir='ltr'><strong>lib.</strong></span> <span class='ocrx_word' id='word_1_640' title='bbox 1881 1699 1959 1724; x_wconf 72' lang='lat' dir='ltr'><strong>xxxv,</strong></span> 
     </span>
    </p>
   </div>
   <div class='ocr_carea' id='block_1_94' title="bbox 1169 1737 1960 1774">
    <p class='ocr_par' dir='ltr' id='par_1_94' title="bbox 1169 1737 1960 1774">
     <span class='ocr_line' id='line_1_95' title="bbox 1169 1737 1960 1774; baseline 0.001 -9"><span class='ocrx_word' id='word_1_641' title='bbox 1169 1746 1228 1773; x_wconf 87' lang='lat' dir='ltr'><strong>cap.</strong></span> <span class='ocrx_word' id='word_1_642' title='bbox 1253 1738 1298 1770; x_wconf 79' lang='grc'><strong>58,</strong></span> <span class='ocrx_word' id='word_1_643' title='bbox 1329 1739 1419 1765; x_wconf 88' lang='lat' dir='ltr'><strong>locum</strong></span> <span class='ocrx_word' id='word_1_644' title='bbox 1444 1737 1524 1764; x_wconf 82' lang='lat' dir='ltr'><strong>Plinii</strong></span> <span class='ocrx_word' id='word_1_645' title='bbox 1546 1738 1582 1764; x_wconf 91' lang='lat' dir='ltr'><strong>ita</strong></span> <span class='ocrx_word' id='word_1_646' title='bbox 1601 1737 1844 1773; x_wconf 77' lang='lat' dir='ltr'><strong>iegit:(.‘apiuntur</strong></span> <span class='ocrx_word' id='word_1_647' title='bbox 1856 1746 1960 1774; x_wconf 81' lang='lat' dir='ltr'><strong>quoque</strong></span> 
     </span>
    </p>
   </div>
   <div class='ocr_carea' id='block_1_95' title="bbox 1168 1784 1959 1820">
    <p class='ocr_par' dir='ltr' id='par_1_95' title="bbox 1168 1784 1959 1820">
     <span class='ocr_line' id='line_1_96' title="bbox 1168 1784 1959 1820; baseline 0 -8"><span class='ocrx_word' id='word_1_648' title='bbox 1168 1787 1345 1820; x_wconf 74' lang='lat' dir='ltr'><strong>pugnacitate,</strong></span> <span class='ocrx_word' id='word_1_649' title='bbox 1360 1790 1452 1812; x_wconf 84' lang='lat' dir='ltr'><strong>contra</strong></span> <span class='ocrx_word' id='word_1_650' title='bbox 1477 1785 1585 1819; x_wconf 74' lang='lat' dir='ltr'><strong>aucupis</strong></span> <span class='ocrx_word' id='word_1_651' title='bbox 1604 1784 1703 1811; x_wconf 90' lang='lat' dir='ltr'><strong>illicem</strong></span> <span class='ocrx_word' id='word_1_652' title='bbox 1720 1789 1828 1811; x_wconf 71' lang='lat' dir='ltr'><strong>exeunte</strong></span> <span class='ocrx_word' id='word_1_653' title='bbox 1841 1785 1868 1811; x_wconf 82' lang='lat' dir='ltr'><strong>in</strong></span> <span class='ocrx_word' id='word_1_654' title='bbox 1888 1792 1959 1819; x_wconf 76' lang='lat' dir='ltr'><strong>pra:-</strong></span> 
     </span>
    </p>
   </div>
   <div class='ocr_carea' id='block_1_96' title="bbox 1170 1828 1956 1865">
    <p class='ocr_par' dir='ltr' id='par_1_96' title="bbox 1170 1828 1956 1865">
     <span class='ocr_line' id='line_1_97' title="bbox 1170 1828 1956 1865; baseline 0.001 -8"><span class='ocrx_word' id='word_1_655' title='bbox 1170 1832 1232 1857; x_wconf 83' lang='lat' dir='ltr'><strong>lium</strong></span> <span class='ocrx_word' id='word_1_656' title='bbox 1259 1831 1324 1858; x_wconf 86' lang='lat' dir='ltr'><strong>duce</strong></span> <span class='ocrx_word' id='word_1_657' title='bbox 1351 1831 1430 1858; x_wconf 78' lang='lat' dir='ltr'><strong>totius</strong></span> <span class='ocrx_word' id='word_1_658' title='bbox 1454 1830 1548 1865; x_wconf 83' lang='lat' dir='ltr'><strong>gregis.</strong></span> <span class='ocrx_word' id='word_1_659' title='bbox 1577 1828 1717 1864; x_wconf 81' lang='lat' dir='ltr'><strong>Oppianus</strong></span> <span class='ocrx_word' id='word_1_660' title='bbox 1742 1829 1780 1856; x_wconf 87' lang='lat' dir='ltr'><strong>De</strong></span> <span class='ocrx_word' id='word_1_661' title='bbox 1808 1831 1956 1862; x_wconf 71' lang='lat' dir='ltr'><strong>venatione.</strong></span> 
     </span>
    </p>
   </div>
   <div class='ocr_carea' id='block_1_97' title="bbox 1169 1874 1957 1909">
    <p class='ocr_par' dir='ltr' id='par_1_97' title="bbox 1169 1874 1957 1909">
     <span class='ocr_line' id='line_1_98' title="bbox 1169 1874 1957 1909; baseline -0.001 -6"><span class='ocrx_word' id='word_1_662' title='bbox 1169 1876 1215 1903; x_wconf 91' lang='lat' dir='ltr'><strong>lib.</strong></span> <span class='ocrx_word' id='word_1_663' title='bbox 1234 1884 1262 1903; x_wconf 90' lang='grc' dir='ltr'><em>ιι.</em></span> <span class='ocrx_word' id='word_1_664' title='bbox 1289 1875 1448 1903; x_wconf 88' lang='lat' dir='ltr'><strong>Perdicibus</strong></span> <span class='ocrx_word' id='word_1_665' title='bbox 1480 1875 1605 1902; x_wconf 83' lang='lat' dir='ltr'><strong>homines</strong></span> <span class='ocrx_word' id='word_1_666' title='bbox 1625 1875 1673 1901; x_wconf 63' lang='lat' dir='ltr'><strong>uti»</strong></span> <span class='ocrx_word' id='word_1_667' title='bbox 1688 1875 1721 1901; x_wconf 84' lang='lat' dir='ltr'><strong>ad</strong></span> <span class='ocrx_word' id='word_1_668' title='bbox 1737 1874 1831 1902; x_wconf 88' lang='lat' dir='ltr'><strong>damas</strong></span> <span class='ocrx_word' id='word_1_669' title='bbox 1844 1877 1957 1909; x_wconf 87' lang='lat' dir='ltr'><strong>capien-</strong></span> 
     </span>
    </p>
   </div>
   <div class='ocr_carea' id='block_1_98' title="bbox 1169 1919 1958 1955">
    <p class='ocr_par' dir='ltr' id='par_1_98' title="bbox 1169 1919 1958 1955">
     <span class='ocr_line' id='line_1_99' title="bbox 1169 1919 1958 1955; baseline 0 -8"><span class='ocrx_word' id='word_1_670' title='bbox 1169 1920 1227 1951; x_wconf 83' lang='lat' dir='ltr'><strong>das,</strong></span> <span class='ocrx_word' id='word_1_671' title='bbox 1240 1921 1380 1955; x_wconf 83' lang='lat' dir='ltr'><strong>damisquc</strong></span> <span class='ocrx_word' id='word_1_672' title='bbox 1392 1920 1425 1947; x_wconf 91' lang='lat' dir='ltr'><strong>ad</strong></span> <span class='ocrx_word' id='word_1_673' title='bbox 1445 1920 1579 1955; x_wconf 80' lang='lat' dir='ltr'><strong>perdices,</strong></span> <span class='ocrx_word' id='word_1_674' title='bbox 1595 1924 1687 1946; x_wconf 88' lang='lat' dir='ltr'><strong>mutua</strong></span> <span class='ocrx_word' id='word_1_675' title='bbox 1704 1927 1821 1953; x_wconf 86' lang='lat' dir='ltr'><strong>namque</strong></span> <span class='ocrx_word' id='word_1_676' title='bbox 1837 1919 1958 1947; x_wconf 80' lang='lat' dir='ltr'><strong>familia-</strong></span> 
     </span>
    </p>
   </div>
   <div class='ocr_carea' id='block_1_99' title="bbox 1169 1964 1958 1995">
    <p class='ocr_par' dir='ltr' id='par_1_99' title="bbox 1169 1964 1958 1995">
     <span class='ocr_line' id='line_1_100' title="bbox 1169 1964 1958 1995; baseline 0.003 -4"><span class='ocrx_word' id='word_1_677' title='bbox 1169 1966 1259 1995; x_wconf 85' lang='lat' dir='ltr'><strong>ritate,</strong></span> <span class='ocrx_word' id='word_1_678' title='bbox 1273 1969 1300 1992; x_wconf 90' lang='lat' dir='ltr'><strong>et</strong></span> <span class='ocrx_word' id='word_1_679' title='bbox 1317 1964 1497 1992; x_wconf 76' lang='lat' dir='ltr'><strong>contubernio</strong></span> <span class='ocrx_word' id='word_1_680' title='bbox 1512 1964 1635 1995; x_wconf 64' lang='lat' dir='ltr'><strong>devictae,</strong></span> <span class='ocrx_word' id='word_1_681' title='bbox 1651 1964 1741 1991; x_wconf 89' lang='lat' dir='ltr'><strong>vicina</strong></span> <span class='ocrx_word' id='word_1_682' title='bbox 1763 1964 1864 1991; x_wconf 87' lang='lat' dir='ltr'><strong>habent</strong></span> <span class='ocrx_word' id='word_1_683' title='bbox 1877 1965 1958 1993; x_wconf 88' lang='lat' dir='ltr'><strong>cubi-</strong></span> 
     </span>
    </p>
   </div>
   <div class='ocr_carea' id='block_1_100' title="bbox 1169 2010 1667 2045">
    <p class='ocr_par' dir='ltr' id='par_1_100' title="bbox 1169 2010 1667 2045">
     <span class='ocr_line' id='line_1_101' title="bbox 1169 2010 1667 2045; baseline -0.002 -8"><span class='ocrx_word' id='word_1_684' title='bbox 1169 2010 1215 2041; x_wconf 84' lang='lat' dir='ltr'><strong>lia,</strong></span> <span class='ocrx_word' id='word_1_685' title='bbox 1226 2010 1375 2045; x_wconf 84' lang='lat' dir='ltr'><strong>eodemque</strong></span> <span class='ocrx_word' id='word_1_686' title='bbox 1392 2014 1542 2045; x_wconf 84' lang='lat' dir='ltr'><strong>pascuntur</strong></span> <span class='ocrx_word' id='word_1_687' title='bbox 1555 2010 1582 2036; x_wconf 92' lang='lat' dir='ltr'><strong>in</strong></span> <span class='ocrx_word' id='word_1_688' title='bbox 1597 2010 1667 2036; x_wconf 91' lang='lat' dir='ltr'><strong>loco.</strong></span> 
     </span>
    </p>
   </div>
   <div class='ocr_carea' id='block_1_101' title="bbox 1168 2066 1944 2103">
    <p class='ocr_par' dir='ltr' id='par_1_101' title="bbox 1168 2066 1944 2103">
     <span class='ocr_line' id='line_1_102' title="bbox 1168 2066 1944 2103; baseline 0 -10"><span class='ocrx_word' id='word_1_689' title='bbox 1168 2067 1307 2100; x_wconf 66' lang='grc' dir='ltr'><em>Πέρδικες</em></span> <span class='ocrx_word' id='word_1_690' title='bbox 1321 2067 1426 2103; x_wconf 20' lang='grc' dir='ltr'>θοῦροιν</span> <span class='ocrx_word' id='word_1_691' title='bbox 1437 2067 1471 2093; x_wconf 81' lang='grc' dir='ltr'><strong>δὲ</strong></span> <span class='ocrx_word' id='word_1_692' title='bbox 1490 2066 1640 2103; x_wconf 74' lang='grc' dir='ltr'><em>πιιρώδεες</em></span> <span class='ocrx_word' id='word_1_693' title='bbox 1657 2066 1831 2103; x_wconf 64' lang='grc' dir='ltr'><strong>αὶολόδειροι</strong></span> <span class='ocrx_word' id='word_1_694' title='bbox 1937 2097 1944 2103; x_wconf 46' lang='lat'><strong><em>&#39;</em></strong></span> 
     </span>
    </p>
   </div>
   <div class='ocr_carea' id='block_1_102' title="bbox 1168 2102 1954 2136">
    <p class='ocr_par' dir='ltr' id='par_1_102' title="bbox 1168 2102 1954 2136">
     <span class='ocr_line' id='line_1_103' title="bbox 1168 2102 1954 2136; baseline 0.003 -8"><span class='ocrx_word' id='word_1_695' title='bbox 1168 2104 1332 2135; x_wconf 74' lang='grc' dir='ltr'><em>Δόρκοισιν,</em></span> <span class='ocrx_word' id='word_1_696' title='bbox 1360 2102 1465 2136; x_wconf 68' lang='grc' dir='ltr'><em>φιλίην</em></span> <span class='ocrx_word' id='word_1_697' title='bbox 1484 2102 1563 2135; x_wconf 81' lang='grc' dir='ltr'><em>παρὰ</em></span> <span class='ocrx_word' id='word_1_698' title='bbox 1586 2102 1729 2135; x_wconf 79' lang='grc' dir='ltr'><em>τέμπεσιν</em></span> <span class='ocrx_word' id='word_1_699' title='bbox 1758 2102 1954 2131; x_wconf 66' lang='grc' dir='ltr'><strong>ἐσπείσαντᾲ</strong></span> 
     </span>
    </p>
   </div>
   <div class='ocr_carea' id='block_1_103' title="bbox 1175 2137 1918 2170">
    <p class='ocr_par' dir='ltr' id='par_1_103' title="bbox 1175 2137 1918 2170">
     <span class='ocr_line' id='line_1_104' title="bbox 1175 2137 1918 2170; baseline -0.001 -6"><span class='ocrx_word' id='word_1_700' title='bbox 1175 2138 1308 2164; x_wconf 76' lang='grc' dir='ltr'><strong>Ἠυαλεοί</strong></span> <span class='ocrx_word' id='word_1_701' title='bbox 1322 2145 1353 2163; x_wconf 83' lang='grc' dir='ltr'><strong>τε</strong></span> <span class='ocrx_word' id='word_1_702' title='bbox 1368 2137 1516 2164; x_wconf 73' lang='grc' dir='ltr'><em>πέλει-σιν</em></span> <span class='ocrx_word' id='word_1_703' title='bbox 1534 2137 1581 2162; x_wconf 73' lang='grc' dir='ltr'><strong>καὶ</strong></span> <span class='ocrx_word' id='word_1_704' title='bbox 1591 2137 1772 2169; x_wconf 69' lang='grc' dir='ltr'><em>ἀλλήλοισιν</em></span> <span class='ocrx_word' id='word_1_705' title='bbox 1781 2137 1918 2170; x_wconf 55' lang='lat' dir='ltr'><strong>riparum,</strong></span> 
     </span>
    </p>
   </div>
   <div class='ocr_carea' id='block_1_104' title="bbox 1363 2171 1954 2205">
    <p class='ocr_par' dir='ltr' id='par_1_104' title="bbox 1363 2171 1954 2205">
     <span class='ocr_line' id='line_1_105' title="bbox 1363 2171 1954 2205; baseline 0.005 -7"><span class='ocrx_word' id='word_1_706' title='bbox 1363 2172 1393 2204; x_wconf 79' lang='grc' dir='ltr'><em>ὺς</em></span> <span class='ocrx_word' id='word_1_707' title='bbox 1401 2172 1519 2205; x_wconf 80' lang='grc' dir='ltr'><strong>ἔχουσι,</strong></span> <span class='ocrx_word' id='word_1_708' title='bbox 1527 2171 1575 2197; x_wconf 76' lang='grc' dir='ltr'><strong>καὶ</strong></span> <span class='ocrx_word' id='word_1_709' title='bbox 1581 2172 1636 2197; x_wconf 76' lang='grc' dir='ltr'><strong>οὐκ</strong></span> <span class='ocrx_word' id='word_1_710' title='bbox 1643 2171 1791 2198; x_wconf 77' lang='grc' dir='ltr'><strong>ἀπάνευθε</strong></span> <span class='ocrx_word' id='word_1_711' title='bbox 1799 2171 1954 2204; x_wconf 73' lang='grc' dir='ltr'><strong>νέμοι-ται.</strong></span> 
     </span>
    </p>
   </div>
   <div class='ocr_carea' id='block_1_105' title="bbox 1169 2172 1919 2246">
    <p class='ocr_par' dir='ltr' id='par_1_105' title="bbox 1169 2172 1919 2246">
     <span class='ocr_line' id='line_1_106' title="bbox 1169 2172 1919 2233; baseline -0.001 -34"><span class='ocrx_word' id='word_1_712' title='bbox 1169 2173 1266 2204; x_wconf 79' lang='grc' dir='ltr'><strong>Εὐνάς</strong></span> <span class='ocrx_word' id='word_1_713' title='bbox 1274 2173 1297 2198; x_wconf 76' lang='grc' dir='ltr'><strong>τ’</strong></span> <span class='ocrx_word' id='word_1_714' title='bbox 1304 2172 1393 2233; x_wconf 40' lang='lat' dir='ltr'><strong>Agraei</strong></span> <span class='ocrx_word' id='word_1_715' title='bbox 1401 2172 1519 2205; x_wconf 79' lang='grc' dir='ltr'><strong>ἔχουσι,</strong></span> <span class='ocrx_word' id='word_1_716' title='bbox 1527 2172 1575 2197; x_wconf 76' lang='grc' dir='ltr'><strong>καὶ</strong></span> <span class='ocrx_word' id='word_1_717' title='bbox 1581 2172 1636 2197; x_wconf 76' lang='grc' dir='ltr'><strong>οὐκ</strong></span> <span class='ocrx_word' id='word_1_718' title='bbox 1643 2172 1791 2213; x_wconf 66' lang='grc' dir='ltr'><strong>ἀπὰνειιθε</strong></span> <span class='ocrx_word' id='word_1_719' title='bbox 1799 2172 1919 2211; x_wconf 51' lang='grc' dir='ltr'><strong>νέμοι-ξι</strong></span> 
     </span>
     <span class='ocr_line' id='line_1_107' title="bbox 1169 2206 1919 2246; baseline -0.001 -12"><span class='ocrx_word' id='word_1_720' title='bbox 1169 2206 1207 2246; x_wconf 40' lang='lat' dir='ltr'><strong>ili</strong></span> <span class='ocrx_word' id='word_1_721' title='bbox 1212 2208 1303 2246; x_wconf 31' lang='lat' dir='ltr'><strong>ludia</strong></span> <span class='ocrx_word' id='word_1_722' title='bbox 1340 2216 1355 2240; x_wconf 78' lang='grc' dir='ltr'><em>η</em></span> <span class='ocrx_word' id='word_1_723' title='bbox 1365 2208 1550 2246; x_wconf 49' lang='lat' dir='ltr'><strong>ﬁerem/068s-</strong></span> <span class='ocrx_word' id='word_1_724' title='bbox 1560 2206 1705 2246; x_wconf 59' lang='grc' dir='ltr'><strong>ᾀταιρείης</strong></span> <span class='ocrx_word' id='word_1_725' title='bbox 1717 2215 1791 2246; x_wconf 60' lang='lat' dir='ltr'><strong>taxa</strong></span> <span class='ocrx_word' id='word_1_726' title='bbox 1798 2215 1919 2246; x_wconf 68' lang='lat' dir='ltr'><strong>_mxp1_lc</strong></span> 
     </span>
    </p>
   </div>
   <div class='ocr_carea' id='block_1_106' title="bbox 1167 2209 1956 2277">
    <p class='ocr_par' dir='ltr' id='par_1_106' title="bbox 1167 2209 1956 2277">
     <span class='ocr_line' id='line_1_108' title="bbox 1167 2209 1919 2242; baseline -0.001 -8"><span class='ocrx_word' id='word_1_727' title='bbox 1167 2209 1207 2235; x_wconf 72' lang='grc'><strong>⁷11</strong></span> <span class='ocrx_word' id='word_1_728' title='bbox 1221 2209 1303 2242; x_wconf 70' lang='grc' dir='ltr'><em>μάλα</em></span> <span class='ocrx_word' id='word_1_729' title='bbox 1318 2209 1355 2240; x_wconf 74' lang='grc' dir='ltr'><strong>δὴ</strong></span> <span class='ocrx_word' id='word_1_730' title='bbox 1369 2209 1550 2241; x_wconf 76' lang='grc' dir='ltr'><em>μετόπισθεν</em></span> <span class='ocrx_word' id='word_1_731' title='bbox 1560 2209 1705 2240; x_wconf 60' lang='lat' dir='ltr'><strong>dtu/pelue;</strong></span> <span class='ocrx_word' id='word_1_732' title='bbox 1717 2209 1791 2241; x_wconf 80' lang='grc' dir='ltr'><strong>τάχα</strong></span> <span class='ocrx_word' id='word_1_733' title='bbox 1809 2209 1919 2240; x_wconf 82' lang='grc' dir='ltr'><em>πικρῆς</em></span> 
     </span>
     <span class='ocr_line' id='line_1_109' title="bbox 1167 2241 1956 2277; baseline 0 -8"><span class='ocrx_word' id='word_1_734' title='bbox 1167 2243 1219 2269; x_wconf 77' lang='grc' dir='ltr'><strong>Καὶ</strong></span> <span class='ocrx_word' id='word_1_735' title='bbox 1236 2244 1338 2277; x_wconf 70' lang='grc' dir='ltr'><em>φιλίης</em></span> <span class='ocrx_word' id='word_1_736' title='bbox 1355 2242 1536 2269; x_wconf 71' lang='grc' dir='ltr'><strong>ἀπέλαυσαν</strong></span> <span class='ocrx_word' id='word_1_737' title='bbox 1554 2241 1702 2275; x_wconf 51' lang='grc' dir='ltr'><strong>ἁλιειδέας,</strong></span> <span class='ocrx_word' id='word_1_738' title='bbox 1723 2242 1835 2268; x_wconf 77' lang='grc' dir='ltr'><strong>ὁππότε</strong></span> <span class='ocrx_word' id='word_1_739' title='bbox 1855 2242 1956 2275; x_wconf 68' lang='grc' dir='ltr'><em>φῶτες</em></span> 
     </span>
    </p>
   </div>
   <div class='ocr_carea' id='block_1_107' title="bbox 1166 2276 1842 2311">
    <p class='ocr_par' dir='ltr' id='par_1_107' title="bbox 1166 2276 1842 2311">
     <span class='ocr_line' id='line_1_110' title="bbox 1166 2276 1842 2311; baseline -0.001 -7"><span class='ocrx_word' id='word_1_740' title='bbox 1166 2278 1322 2311; x_wconf 75' lang='grc' dir='ltr'><em>Κερδιιλέοι</em></span> <span class='ocrx_word' id='word_1_741' title='bbox 1340 2277 1486 2303; x_wconf 76' lang='grc' dir='ltr'><strong>δειλοῖσιν</strong></span> <span class='ocrx_word' id='word_1_742' title='bbox 1508 2277 1652 2310; x_wconf 52' lang='grc' dir='ltr'><strong>ἐπίφρονα</strong></span> <span class='ocrx_word' id='word_1_743' title='bbox 1664 2276 1842 2310; x_wconf 62' lang='lat' dir='ltr'><strong>putica/reo</strong></span> 
     </span>
    </p>
   </div>
   <div class='ocr_carea' id='block_1_108' title="bbox 1166 2311 1851 2345">
    <p class='ocr_par' dir='ltr' id='par_1_108' title="bbox 1166 2311 1851 2345">
     <span class='ocr_line' id='line_1_111' title="bbox 1166 2311 1851 2345; baseline -0.003 -6"><span class='ocrx_word' id='word_1_744' title='bbox 1166 2313 1309 2345; x_wconf 73' lang='grc' dir='ltr'><strong>Πέρδικος</strong></span> <span class='ocrx_word' id='word_1_745' title='bbox 1321 2312 1453 2345; x_wconf 72' lang='grc' dir='ltr'><strong>ὃόρκοισι</strong></span> <span class='ocrx_word' id='word_1_746' title='bbox 1472 2312 1572 2345; x_wconf 70' lang='grc' dir='ltr'><em>φίλοις</em></span> <span class='ocrx_word' id='word_1_747' title='bbox 1587 2312 1736 2343; x_wconf 76' lang='grc' dir='ltr'><strong>ἀπατήλια</strong></span> <span class='ocrx_word' id='word_1_748' title='bbox 1749 2311 1851 2344; x_wconf 79' lang='grc' dir='ltr'><strong>θέντες</strong></span> 
     </span>
    </p>
   </div>
   <div class='ocr_carea' id='block_1_109' title="bbox 1168 2345 1951 2382">
    <p class='ocr_par' dir='ltr' id='par_1_109' title="bbox 1168 2345 1951 2382">
     <span class='ocr_line' id='line_1_112' title="bbox 1168 2345 1951 2382; baseline 0 -8"><span class='ocrx_word' id='word_1_749' title='bbox 1168 2349 1297 2382; x_wconf 76' lang='grc' dir='ltr'><em>Ἐμπιιλι</em></span> <span class='ocrx_word' id='word_1_750' title='bbox 1311 2347 1336 2373; x_wconf 84' lang='grc' dir='ltr'><strong>δ’</strong></span> <span class='ocrx_word' id='word_1_751' title='bbox 1349 2345 1388 2374; x_wconf 85' lang='grc' dir='ltr'><strong>αὖ</strong></span> <span class='ocrx_word' id='word_1_752' title='bbox 1408 2347 1535 2381; x_wconf 73' lang='grc' dir='ltr'><strong>δόρκους</strong></span> <span class='ocrx_word' id='word_1_753' title='bbox 1552 2346 1668 2380; x_wconf 73' lang='grc' dir='ltr'><strong>ἑτάροις</strong></span> <span class='ocrx_word' id='word_1_754' title='bbox 1682 2347 1735 2373; x_wconf 74' lang='lat' dir='ltr'><strong>(au</strong></span> <span class='ocrx_word' id='word_1_755' title='bbox 1744 2346 1951 2380; x_wconf 79' lang='grc' dir='ltr'><strong>περδίκεσσιν.</strong></span> 
     </span>
    </p>
   </div>
   <div class='ocr_carea' id='block_1_110' title="bbox 1200 2402 1950 2437">
    <p class='ocr_par' dir='ltr' id='par_1_110' title="bbox 1200 2402 1950 2437">
     <span class='ocr_line' id='line_1_113' title="bbox 1200 2402 1950 2437; baseline 0 -6"><span class='ocrx_word' id='word_1_756' title='bbox 1200 2403 1266 2431; x_wconf 89' lang='lat' dir='ltr'><strong>lbid.</strong></span> <span class='ocrx_word' id='word_1_757' title='bbox 1282 2404 1437 2437; x_wconf 77' lang='grc' dir='ltr'><strong>Ἀλλότρια</strong></span> <span class='ocrx_word' id='word_1_758' title='bbox 1452 2402 1485 2428; x_wconf 78' lang='grc' dir='ltr'><strong>δὲ</strong></span> <span class='ocrx_word' id='word_1_759' title='bbox 1505 2402 1650 2431; x_wconf 76' lang='grc' dir='ltr'><strong>κλέπτων.</strong></span> <span class='ocrx_word' id='word_1_760' title='bbox 1679 2403 1809 2435; x_wconf 89' lang='lat' dir='ltr'><strong>Isidorus,</strong></span> <span class='ocrx_word' id='word_1_761' title='bbox 1825 2404 1872 2431; x_wconf 87' lang='lat' dir='ltr'><strong>lib.</strong></span> <span class='ocrx_word' id='word_1_762' title='bbox 1899 2411 1950 2434; x_wconf 82' lang='lat' dir='ltr'><strong>xtl.</strong></span> 
     </span>
    </p>
   </div>
   <div class='ocr_carea' id='block_1_111' title="bbox 1165 2449 1951 2486">
    <p class='ocr_par' dir='ltr' id='par_1_111' title="bbox 1165 2449 1951 2486">
     <span class='ocr_line' id='line_1_114' title="bbox 1165 2449 1951 2486; baseline -0.003 -8"><span class='ocrx_word' id='word_1_763' title='bbox 1165 2452 1247 2486; x_wconf 89' lang='lat' dir='ltr'><strong>capit.</strong></span> <span class='ocrx_word' id='word_1_764' title='bbox 1274 2450 1301 2482; x_wconf 89' lang='lat'><strong>7,</strong></span> <span class='ocrx_word' id='word_1_765' title='bbox 1331 2449 1401 2476; x_wconf 78' lang='lat' dir='ltr'><strong>Adeo</strong></span> <span class='ocrx_word' id='word_1_766' title='bbox 1426 2453 1512 2475; x_wconf 87' lang='lat' dir='ltr'><strong>autem</strong></span> <span class='ocrx_word' id='word_1_767' title='bbox 1539 2449 1718 2482; x_wconf 81' lang='lat' dir='ltr'><strong>fraudulenta,</strong></span> <span class='ocrx_word' id='word_1_768' title='bbox 1745 2454 1773 2475; x_wconf 83' lang='lat' dir='ltr'><strong>ut</strong></span> <span class='ocrx_word' id='word_1_769' title='bbox 1799 2450 1877 2476; x_wconf 85' lang='lat' dir='ltr'><strong>alteri</strong></span> <span class='ocrx_word' id='word_1_770' title='bbox 1901 2457 1951 2476; x_wconf 76' lang='lat' dir='ltr'><strong>ova</strong></span> 
     </span>
    </p>
   </div>
   <div class='ocr_carea' id='block_1_112' title="bbox 1164 2493 1951 2529">
    <p class='ocr_par' dir='ltr' id='par_1_112' title="bbox 1164 2493 1951 2529">
     <span class='ocr_line' id='line_1_115' title="bbox 1164 2493 1951 2529; baseline 0 -7"><span class='ocrx_word' id='word_1_771' title='bbox 1164 2496 1288 2528; x_wconf 83' lang='lat' dir='ltr'><strong>diripiens</strong></span> <span class='ocrx_word' id='word_1_772' title='bbox 1304 2495 1389 2529; x_wconf 80' lang='lat' dir='ltr'><strong>forent</strong></span> <span class='ocrx_word' id='word_1_773' title='bbox 1404 2504 1413 2520; x_wconf 85' lang='lat'><em>:</em></span> <span class='ocrx_word' id='word_1_774' title='bbox 1435 2494 1510 2528; x_wconf 82' lang='lat' dir='ltr'><strong>fraus</strong></span> <span class='ocrx_word' id='word_1_775' title='bbox 1531 2493 1645 2528; x_wconf 79' lang='lat' dir='ltr'><strong>fructum</strong></span> <span class='ocrx_word' id='word_1_776' title='bbox 1660 2502 1711 2521; x_wconf 91' lang='lat' dir='ltr'><strong>non</strong></span> <span class='ocrx_word' id='word_1_777' title='bbox 1732 2494 1818 2521; x_wconf 82' lang='lat' dir='ltr'><strong>habet.</strong></span> <span class='ocrx_word' id='word_1_778' title='bbox 1832 2494 1951 2528; x_wconf 77' lang='lat' dir='ltr'><strong>Denique</strong></span> 
     </span>
    </p>
   </div>
   <div class='ocr_carea' id='block_1_113' title="bbox 1164 2539 1949 2573">
    <p class='ocr_par' dir='ltr' id='par_1_113' title="bbox 1164 2539 1949 2573">
     <span class='ocr_line' id='line_1_116' title="bbox 1164 2539 1949 2573; baseline 0.001 -7"><span class='ocrx_word' id='word_1_779' title='bbox 1164 2540 1226 2566; x_wconf 77' lang='lat' dir='ltr'><strong>dum</strong></span> <span class='ocrx_word' id='word_1_780' title='bbox 1246 2540 1311 2573; x_wconf 86' lang='lat' dir='ltr'><strong>pulli</strong></span> <span class='ocrx_word' id='word_1_781' title='bbox 1324 2539 1439 2573; x_wconf 75' lang='lat' dir='ltr'><strong>proprio!</strong></span> <span class='ocrx_word' id='word_1_782' title='bbox 1451 2547 1537 2565; x_wconf 79' lang='lat' dir='ltr'><strong>vocem</strong></span> <span class='ocrx_word' id='word_1_783' title='bbox 1551 2539 1686 2573; x_wconf 79' lang='lat' dir='ltr'><strong>genitricis</strong></span> <span class='ocrx_word' id='word_1_784' title='bbox 1711 2539 1854 2570; x_wconf 73' lang='lat' dir='ltr'><strong>audierint,</strong></span> <span class='ocrx_word' id='word_1_785' title='bbox 1867 2545 1949 2567; x_wconf 77' lang='lat' dir='ltr'><strong>natis-</strong></span> 
     </span>
    </p>
   </div>
   <div class='ocr_carea' id='block_1_114' title="bbox 1164 2584 1947 2619">
    <p class='ocr_par' dir='ltr' id='par_1_114' title="bbox 1164 2584 1947 2619">
     <span class='ocr_line' id='line_1_117' title="bbox 1164 2584 1947 2619; baseline 0.001 -9"><span class='ocrx_word' id='word_1_786' title='bbox 1164 2585 1216 2611; x_wconf 85' lang='lat' dir='ltr'><strong>rali</strong></span> <span class='ocrx_word' id='word_1_787' title='bbox 1225 2584 1336 2619; x_wconf 87' lang='lat' dir='ltr'><strong>quodam</strong></span> <span class='ocrx_word' id='word_1_788' title='bbox 1348 2584 1474 2610; x_wconf 77' lang='lat' dir='ltr'><strong>instinctu</strong></span> <span class='ocrx_word' id='word_1_789' title='bbox 1485 2584 1561 2615; x_wconf 85' lang='lat' dir='ltr'><strong>hanc,</strong></span> <span class='ocrx_word' id='word_1_790' title='bbox 1570 2592 1628 2618; x_wconf 72' lang='lat' dir='ltr'><strong>qum</strong></span> <span class='ocrx_word' id='word_1_791' title='bbox 1640 2592 1684 2611; x_wconf 86' lang='lat' dir='ltr'><strong>eos</strong></span> <span class='ocrx_word' id='word_1_792' title='bbox 1699 2584 1773 2619; x_wconf 76' lang='lat' dir='ltr'><strong>fovit,</strong></span> <span class='ocrx_word' id='word_1_793' title='bbox 1787 2584 1947 2619; x_wconf 77' lang='lat' dir='ltr'><strong>relinquunt,</strong></span> 
     </span>
    </p>
   </div>
   <div class='ocr_carea' id='block_1_115' title="bbox 1163 2630 1948 2663">
    <p class='ocr_par' dir='ltr' id='par_1_115' title="bbox 1163 2630 1948 2663">
     <span class='ocr_line' id='line_1_118' title="bbox 1163 2630 1948 2663; baseline -0.001 -5"><span class='ocrx_word' id='word_1_794' title='bbox 1163 2636 1188 2658; x_wconf 81' lang='lat' dir='ltr'><strong>et</strong></span> <span class='ocrx_word' id='word_1_795' title='bbox 1217 2631 1252 2657; x_wconf 83' lang='lat' dir='ltr'><strong>ad</strong></span> <span class='ocrx_word' id='word_1_796' title='bbox 1277 2630 1393 2657; x_wconf 84' lang='lat' dir='ltr'><strong>eamdem</strong></span> <span class='ocrx_word' id='word_1_797' title='bbox 1413 2638 1471 2663; x_wconf 74' lang='lat' dir='ltr'><strong>qua:</strong></span> <span class='ocrx_word' id='word_1_798' title='bbox 1492 2631 1578 2663; x_wconf 87' lang='lat' dir='ltr'><strong>genuit</strong></span> <span class='ocrx_word' id='word_1_799' title='bbox 1599 2635 1773 2658; x_wconf 84' lang='lat' dir='ltr'><strong>revertuntur.</strong></span> <span class='ocrx_word' id='word_1_800' title='bbox 1787 2630 1948 2658; x_wconf 85' lang='lat' dir='ltr'><strong>Consimilia</strong></span> 
     </span>
    </p>
   </div>
   <div class='ocr_carea' id='block_1_116' title="bbox 1164 2674 1947 2709">
    <p class='ocr_par' dir='ltr' id='par_1_116' title="bbox 1164 2674 1947 2709">
     <span class='ocr_line' id='line_1_119' title="bbox 1164 2674 1947 2709; baseline -0.001 -7"><span class='ocrx_word' id='word_1_801' title='bbox 1164 2676 1246 2703; x_wconf 87' lang='lat' dir='ltr'><strong>habet</strong></span> <span class='ocrx_word' id='word_1_802' title='bbox 1266 2675 1438 2704; x_wconf 76' lang='lat' dir='ltr'><strong>Ambrosius,</strong></span> <span class='ocrx_word' id='word_1_803' title='bbox 1472 2675 1517 2701; x_wconf 86' lang='lat' dir='ltr'><strong>lib.</strong></span> <span class='ocrx_word' id='word_1_804' title='bbox 1547 2683 1587 2705; x_wconf 81' lang='lat' dir='ltr'><strong>vi,</strong></span> <span class='ocrx_word' id='word_1_805' title='bbox 1612 2683 1672 2709; x_wconf 83' lang='lat' dir='ltr'><strong>cap.</strong></span> <span class='ocrx_word' id='word_1_806' title='bbox 1696 2676 1728 2705; x_wconf 84' lang='lat'><strong>5.</strong></span> <span class='ocrx_word' id='word_1_807' title='bbox 1753 2675 1780 2701; x_wconf 84' lang='lat' dir='ltr'><strong>in</strong></span> <span class='ocrx_word' id='word_1_808' title='bbox 1799 2674 1947 2707; x_wconf 73' lang='lat' dir='ltr'><strong>Hexaem.;</strong></span> 
     </span>
    </p>
   </div>
   <div class='ocr_carea' id='block_1_117' title="bbox 1163 2720 1945 2755">
    <p class='ocr_par' dir='ltr' id='par_1_117' title="bbox 1163 2720 1945 2755">
     <span class='ocr_line' id='line_1_120' title="bbox 1163 2720 1945 2755; baseline 0 -8"><span class='ocrx_word' id='word_1_809' title='bbox 1163 2721 1239 2747; x_wconf 86' lang='lat' dir='ltr'><strong>Phile</strong></span> <span class='ocrx_word' id='word_1_810' title='bbox 1254 2722 1281 2746; x_wconf 91' lang='lat' dir='ltr'><strong>in</strong></span> <span class='ocrx_word' id='word_1_811' title='bbox 1297 2720 1408 2753; x_wconf 84' lang='lat' dir='ltr'><strong>iambis;</strong></span> <span class='ocrx_word' id='word_1_812' title='bbox 1426 2720 1590 2754; x_wconf 76' lang='lat' dir='ltr'><strong>Epiphanius</strong></span> <span class='ocrx_word' id='word_1_813' title='bbox 1607 2721 1632 2746; x_wconf 87' lang='lat' dir='ltr'><strong>in</strong></span> <span class='ocrx_word' id='word_1_814' title='bbox 1650 2720 1816 2754; x_wconf 71' lang='lat' dir='ltr'><strong>Physiologo,</strong></span> <span class='ocrx_word' id='word_1_815' title='bbox 1842 2720 1945 2755; x_wconf 80' lang='lat' dir='ltr'><strong>cap.9;</strong></span> 
     </span>
    </p>
   </div>
   <div class='ocr_carea' id='block_1_118' title="bbox 1163 2766 1946 2802">
    <p class='ocr_par' dir='ltr' id='par_1_118' title="bbox 1163 2766 1946 2802">
     <span class='ocr_line' id='line_1_121' title="bbox 1163 2766 1946 2802; baseline 0 -9"><span class='ocrx_word' id='word_1_816' title='bbox 1163 2767 1343 2802; x_wconf 85' lang='lat' dir='ltr'><strong>Hieronymus</strong></span> <span class='ocrx_word' id='word_1_817' title='bbox 1368 2766 1394 2792; x_wconf 92' lang='lat' dir='ltr'><strong>in</strong></span> <span class='ocrx_word' id='word_1_818' title='bbox 1423 2774 1482 2800; x_wconf 82' lang='lat' dir='ltr'><strong>cap.</strong></span> <span class='ocrx_word' id='word_1_819' title='bbox 1496 2774 1548 2792; x_wconf 82' lang='lat' dir='ltr'><strong>xvn</strong></span> <span class='ocrx_word' id='word_1_820' title='bbox 1568 2766 1701 2797; x_wconf 66' lang='lat' dir='ltr'><strong>Jercmim,</strong></span> <span class='ocrx_word' id='word_1_821' title='bbox 1719 2774 1745 2792; x_wconf 82' lang='lat' dir='ltr'><strong>in</strong></span> <span class='ocrx_word' id='word_1_822' title='bbox 1759 2774 1839 2800; x_wconf 85' lang='lat' dir='ltr'><strong>quem</strong></span> <span class='ocrx_word' id='word_1_823' title='bbox 1856 2767 1946 2794; x_wconf 87' lang='lat' dir='ltr'><strong>locum</strong></span> 
     </span>
    </p>
   </div>
   <div class='ocr_carea' id='block_1_119' title="bbox 1161 2811 1947 2848">
    <p class='ocr_par' dir='ltr' id='par_1_119' title="bbox 1161 2811 1947 2848">
     <span class='ocr_line' id='line_1_122' title="bbox 1161 2811 1947 2848; baseline -0.003 -8"><span class='ocrx_word' id='word_1_824' title='bbox 1161 2817 1189 2840; x_wconf 90' lang='lat' dir='ltr'><strong>et</strong></span> <span class='ocrx_word' id='word_1_825' title='bbox 1220 2811 1380 2847; x_wconf 85' lang='lat' dir='ltr'><strong>Hippolytus</strong></span> <span class='ocrx_word' id='word_1_826' title='bbox 1418 2818 1519 2846; x_wconf 67' lang='lat' dir='ltr'><strong>martyr</strong></span> <span class='ocrx_word' id='word_1_827' title='bbox 1554 2813 1580 2838; x_wconf 92' lang='lat' dir='ltr'><strong>in</strong></span> <span class='ocrx_word' id='word_1_828' title='bbox 1606 2817 1713 2844; x_wconf 82' lang='lat' dir='ltr'><strong>catena,</strong></span> <span class='ocrx_word' id='word_1_829' title='bbox 1742 2813 1779 2839; x_wconf 84' lang='grc' dir='ltr'><strong>Οὺ</strong></span> <span class='ocrx_word' id='word_1_830' title='bbox 1815 2812 1905 2848; x_wconf 75' lang='grc' dir='ltr'><strong>μάτην</strong></span> <span class='ocrx_word' id='word_1_831' title='bbox 1931 2814 1947 2838; x_wconf 81' lang='grc'>6</span> 
     </span>
    </p>
   </div>
   <div class='ocr_carea' id='block_1_120' title="bbox 1162 2857 1946 2894">
    <p class='ocr_par' dir='ltr' id='par_1_120' title="bbox 1162 2857 1946 2894">
     <span class='ocr_line' id='line_1_123' title="bbox 1162 2857 1946 2894; baseline 0.001 -9"><span class='ocrx_word' id='word_1_832' title='bbox 1162 2860 1303 2894; x_wconf 82' lang='grc' dir='ltr'><strong>προφήτης</strong></span> <span class='ocrx_word' id='word_1_833' title='bbox 1318 2859 1473 2893; x_wconf 75' lang='grc' dir='ltr'><strong>ἀπεφήνετο</strong></span> <span class='ocrx_word' id='word_1_834' title='bbox 1486 2859 1515 2884; x_wconf 83' lang='grc' dir='ltr'>τὸ</span> <span class='ocrx_word' id='word_1_835' title='bbox 1532 2859 1611 2894; x_wconf 76' lang='grc' dir='ltr'><strong>ῥητὸν</strong></span> <span class='ocrx_word' id='word_1_836' title='bbox 1626 2861 1659 2894; x_wconf 85' lang='grc' dir='ltr'><strong>τῇ</strong></span> <span class='ocrx_word' id='word_1_837' title='bbox 1677 2859 1722 2886; x_wconf 80' lang='grc' dir='ltr'>τοῦ</span> <span class='ocrx_word' id='word_1_838' title='bbox 1740 2859 1808 2891; x_wconf 64' lang='lat' dir='ltr'><strong>(«bon</strong></span> <span class='ocrx_word' id='word_1_839' title='bbox 1822 2857 1946 2894; x_wconf 69' lang='grc' dir='ltr'><strong>παρασο-</strong></span> 
     </span>
    </p>
   </div>
   <div class='ocr_carea' id='block_1_121' title="bbox 1161 2904 1949 2942">
    <p class='ocr_par' dir='ltr' id='par_1_121' title="bbox 1161 2904 1949 2942">
     <span class='ocr_line' id='line_1_124' title="bbox 1161 2904 1949 2942; baseline 0.001 -10"><span class='ocrx_word' id='word_1_840' title='bbox 1161 2905 1192 2942; x_wconf 82' lang='grc' dir='ltr'>λῇ</span> <span class='ocrx_word' id='word_1_841' title='bbox 1205 2904 1352 2941; x_wconf 83' lang='grc' dir='ltr'><strong>χρώμενος.</strong></span> <span class='ocrx_word' id='word_1_842' title='bbox 1368 2905 1421 2932; x_wconf 79' lang='grc' dir='ltr'><strong>Τοῦ</strong></span> <span class='ocrx_word' id='word_1_843' title='bbox 1431 2906 1485 2940; x_wconf 80' lang='grc' dir='ltr'><strong>γὰρ</strong></span> <span class='ocrx_word' id='word_1_844' title='bbox 1495 2906 1620 2941; x_wconf 77' lang='grc' dir='ltr'><strong>πέρδικος</strong></span> <span class='ocrx_word' id='word_1_845' title='bbox 1632 2906 1771 2940; x_wconf 75' lang='grc' dir='ltr'><strong>κενοδόξοιι</strong></span> <span class='ocrx_word' id='word_1_846' title='bbox 1782 2905 1853 2938; x_wconf 55' lang='lat' dir='ltr'><strong>(the:</strong></span> <span class='ocrx_word' id='word_1_847' title='bbox 1862 2904 1949 2934; x_wconf 63' lang='lat' dir='ltr'><strong>om</strong></span> 
     </span>
    </p>
   </div>
  </div>
