2143 3163
215 185 270 216 117

763 186 796 214 ΙΝ
816 186 1002 215 EL‘STATHII
1021 184 1257 215 HEXAEMERON
1274 183 1391 212 ΝυΤΛΞ.

1778 180 1828 208 918

214 253 266 274 αι
283 254 343 273 aunt
354 246 536 282 conglobatur,
555 247 647 282 cingit,
660 249 782 283 protegit,
795 249 867 275 cerni
885 257 935 275 non
949 256 997 283 pa-
1011 252 1034 279 Α
1048 257 1060 274 τ

985 263 997 268 -
1011 252 1034 279 Α
1048 256 1097 283 την
1115 249 1176 279 sale
1202 245 1338 280 κοιλότησι
1361 244 1414 270 τῶν
1437 243 1540 278 κηρίων
1565 242 1680 277 ὶνιησιν·
1704 241 1763 268 ὅθεν
1783 241 1829 266 iui

216 282 292 320 titur.
308 292 413 327 Quibus
435 292 510 320 addit
534 292 659 322 Elianus
676 282 780 322 locord.
804 295 886 322 etiam
909 282 999 330 regem

215 336 359 373 Iugitivum
376 345 527 370 accersere,
555 343 582 365 et
606 339 633 366 in
657 347 771 374 regnum
787 340 927 367 reducere.
947 340 999 366 Τὸν

217 382 330 420 βασιλέα
344 384 433 411 αὐτῶν
453 385 482 412 al
505 383 626 418 μέλιτται
647 386 734 422 πρᾶον
749 385 812 412 ὄντα.
826 386 872 412 καὶ
885 386 997 421 ἥμερον,

217 427 264 454 καὶ
274 429 342 464 ὁμοῦ
353 437 380 456 τι
393 430 441 456 καὶ
453 430 593 466 ᾶχεντρον,
601 430 664 457 ὅταν
678 430 763 462 αὑτὰς
777 430 906 465 ἀπολίπῃ.
918 439 999 465 μετα-

217 472 307 500 θέουσι
327 482 368 506 τι,
392 476 439 502 καὶ
461 475 590 502 διώκουσι
612 475 718 510 φυγάδα
742 475 793 510 τῆς
816 475 903 511 ἀρχῆς
923 475 997 502 ὄντα.

223 517 407 554 Ῥινηλατοῦσι
422 520 451 547 δὲ
459 520 547 548 αὑτὸν
558 522 730 556 ἁπορρήτως,
746 520 793 547 καὶ
804 521 836 547 ὲκ
846 520 896 555 τῆς
911 521 998 556 ὀσμῆς

215 565 266 600 τῆς
279 565 342 601 περὶ
353 566 434 593 αὐτὸν
442 566 561 602 αἱροῦσι,
581 567 628 594 καὶ
644 567 672 598 ὲς
685 566 735 601 τὴν
747 566 883 601 βασιλείαν
895 566 997 593 ἐπανά-

215 619 320 646 γουσιν,
335 612 446 639 ἑκοῦσαι
461 620 491 638 τε
507 613 555 639 καὶ
572 612 732 648 βουλόμεναι.
749 611 798 638 τοῦ
812 612 914 647 τρόπου
930 612 998 646 ἁγά-

217 665 307 693 μινιι.
321 657 463 691 Quomodo
477 664 567 686 autem
581 664 636 686 una
648 666 711 685 cum
728 665 790 694 rege
804 658 931 692 migrant,
943 666 998 693 quo

216 703 306 738 nigrm,
335 711 388 739 qua
415 711 491 736 voce,
515 707 543 731 et
567 703 750 735 observantia,
775 703 935 731 Aristoteles
958 703 998 731 De

215 748 310 776 histor.
328 750 422 781 anim.,
438 749 485 776 lib.
501 757 539 781 Ix,
553 757 614 785 cap.
627 749 673 782 ιο,
686 753 714 777 et
729 748 845 780 Plinius,
858 749 886 777 d.
899 749 969 777 loco.

251 793 330 826 lbid..
345 795 393 822 lin.
404 794 450 822 29.
469 795 553 821 Ἔστι
567 794 602 821 δὲ
615 793 718 827 αὐτοῖς
734 791 832 827 οὗτος.
851 793 910 821 Non
923 795 996 821 enim

215 839 329 876 eligunt,
343 841 391 869 sed
401 841 576 869 successione
589 844 618 868 et
632 847 731 876 genere
745 841 864 876 optimos
874 848 997 876 quosque

215 890 389 920 conservant,
413 894 446 914 ac
471 886 587 914 fovendo
605 889 739 919 tutantur,
765 886 904 921 improbos
922 887 997 914 oeci-

215 931 293 963 dunt,
306 936 335 959 ut
350 940 384 959 ex
400 940 482 967 supra
495 932 575 960 dictis
590 932 747 959 auctoribus
760 931 932 960 manifestum
948 940 996 967 ap-

215 981 302 1012 paret.
320 977 397 1005 Hunc
413 985 494 1013 porro
518 978 713 1013 magnitudine,
735 977 820 1013 ﬁgura
839 985 871 1005 ac
889 985 995 1005 morum

215 1023 350 1051 suavitate
370 1027 482 1052 caeteras
494 1031 560 1058 apes
576 1023 738 1050 antecellere
754 1028 848 1050 narrat
862 1023 995 1051 Aristote-

215 1066 264 1098 les.
280 1066 319 1094 De
331 1073 447 1102 generat.
462 1068 585 1100 animal.,
601 1068 649 1095 lib.
663 1075 704 1100 Ill,
718 1068 801 1103 capit.
817 1068 866 1101 l0;
881 1068 995 1101 Plinius,

215 1111 262 1139 lib.
277 1120 315 1144 ιι,
330 1113 412 1147 capit.
428 1113 470 1144 16.
482 1112 560 1148 Reges
571 1114 658 1147 plures
672 1113 840 1146 inchoantur,
854 1121 886 1140 ne
899 1113 994 1140 desint.

215 1155 312 1184 Postea
324 1165 357 1184 ea:
370 1158 409 1184 his
420 1157 521 1185 soboles
531 1167 591 1185 cum
602 1158 696 1186 adulto
708 1167 764 1186 esse
777 1159 863 1192 «ια-ρει,
873 1160 996 1186 concordi

214 1203 341 1237 suffragio
357 1203 510 1230 deterrimos
532 1209 637 1236 necant,
657 1212 689 1230 ne
713 1203 863 1231 distrahant
879 1205 994 1240 agmina.

213 1247 273 1275 Duo
288 1254 374 1276 autem
390 1257 485 1284 genera
500 1257 601 1282 eorum,
622 1250 716 1277 melior
733 1249 808 1284 rufus
831 1258 909 1284 quam
924 1251 998 1286 niger

213 1295 360 1329 variusque.
375 1294 502 1322 Omnibus
517 1294 604 1329 forma
631 1301 732 1328 semper
746 1295 860 1329 egregia,
876 1300 900 1322 et
916 1294 996 1329 duplo

212 1347 291 1374 quam
309 1341 410 1367 cameris
431 1340 528 1374 major,
551 1348 642 1375 penna
658 1340 796 1372 breuiores,
816 1348 896 1367 crura
913 1346 995 1372 recta,

213 1385 345 1419 ingressus
361 1385 467 1417 celsior,
485 1386 513 1411 in
533 1385 621 1419 fronte
643 1388 749 1414 macula
771 1386 886 1421 quatiant
903 1385 996 1413 diade-

213 1434 283 1456 mate
306 1429 460 1460 candicant.
481 1430 564 1457 multo
592 1431 672 1457 etiam
691 1432 775 1458 nitore
795 1440 811 1457 a
828 1431 904 1466 vulgo
919 1431 996 1465 diffe-

213 1480 285 1502 runt.
302 1474 370 1502 Vide
385 1474 536 1507 Elianum,
551 1475 598 1503 lib.
617 1484 644 1508 v,
658 1483 719 1510 cap.
734 1477 767 1504 l0
783 1480 810 1504 et
826 1476 876 1509 ll;
897 1475 997 1510 Geopo~

213 1521 290 1548 nicon
306 1521 424 1550 collect..
443 1526 470 1548 et
485 1521 564 1549 alios.

246 1565 315 1612 ibid.
331 1566 379 1594 lin.
400 1566 445 1594 52.
463 1566 546 1612 '50:"
566 1567 625 1601 μὲν
642 1567 698 1601 γὰρ
721 1567 855 1601 κέντρον.
876 1567 904 1594 Id
924 1567 994 1595 idem
1009 1582 1032 1612 ο

212 1610 294 1639 habet
308 1612 478 1643 Aristoteles.
502 1611 541 1639 De
555 1612 648 1639 histor.
665 1613 759 1645 anim.,
781 1620 841 1647 cap.
865 1613 910 1645 21,
926 1614 995 1639 Acu-

211 1656 281 1683 leum
300 1664 361 1691 apes
374 1656 518 1690 possident,
535 1657 590 1692 fuci
611 1666 642 1684 eo
653 1662 753 1690 carent,
773 1666 843 1692 reges
869 1659 996 1693 ducesque

211 1702 317 1734 habent,
333 1702 378 1729 sed
395 1711 446 1729 non
464 1707 596 1734 utuntur;
611 1703 733 1737 quocirca
745 1711 788 1730 eos
803 1711 894 1730 carere
906 1704 995 1730 aculeo

212 1747 333 1775 nonnulli
355 1747 516 1774 existimant.
531 1747 668 1780 Elianus,
686 1747 725 1774 De
748 1747 844 1775 histor.
872 1749 994 1781 animal.,

212 1793 261 1820 lib.
280 1801 300 1824 I,
313 1800 373 1827 cap.
391 1791 436 1823 60,
452 1793 533 1826 Λέγει
551 1793 600 1828 μέν
613 1801 655 1825 τις
674 1793 752 1828 λόγος
767 1794 913 1830 ἀκέντρους
927 1792 996 1822 εἶναι

211 1838 274 1869 τοὺς
288 1837 391 1864 τούτων
407 1837 543 1872 βασιλέας
560 1837 633 1872 λέγει
648 1838 677 1865 δὲ
689 1838 736 1865 καὶ
751 1838 844 1875 ἔτερος
860 1839 907 1866 καὶ
925 1840 995 1866 πάνυ

211 1883 355 1919 ὲρρωμὲνα
377 1883 410 1910 τὰ
433 1883 534 1919 κέντρα
550 1884 755 1919 συμπεφυκέναι
774 1886 875 1916 αὐτοῖς,
890 1886 936 1912 καὶ
953 1894 996 1912 τε-

211 1929 335 1965 θηγμένα
350 1929 534 1964 ἀνδρειότατα.
546 1929 613 1957 Οὔτε
624 1930 652 1957 δὲ
661 1931 705 1957 ἐπ’
715 1931 792 1967 ἀνδρί
804 1940 868 1958 ποτε
881 1932 995 1968 χρῆσθαι

211 1975 302 2006 αὐτοῖς
325 1975 386 2002 οὗτε
410 1975 457 2002 ἐπὶ
478 1977 541 2007 ταῖς
561 1975 708 2011 μελίτταις·
736 1977 804 2004 ἀλλὰ
823 1978 869 2003 xa't
895 1978 997 2004 ὑποπε-

212 2019 329 2047 πλάσθαι
345 2020 425 2055 φόϐον
444 2014 541 2058 dum;
558 2021 605 2056 Μὴ
630 2021 685 2057 γὰρ
700 2021 778 2057 θέμιν
789 2020 858 2049 εἶναι
882 2022 926 2049 τὸν
948 2023 997 2058 ἄρ-

211 2075 292 2102 χοντα
314 2067 361 2093 καὶ
382 2067 428 2093 τὸν
444 2067 569 2094 τοσοῦτον
593 2067 687 2102 ἔφορον
708 2068 793 2095 κακὸν
816 2068 994 2104 ἐργάσασθαι.

211 2111 277 2144 Quae
296 2119 350 2138 non
368 2112 470 2147 integre
488 2113 535 2140 sed
553 2113 646 2140 inutile
661 2113 766 2140 reddita
783 2118 847 2142 sunt
862 2114 897 2142 ab
912 2115 992 2141 inter-

211 2160 306 2190 prete;
322 2155 437 2190 Plinius,
450 2157 498 2184 lib.
513 2164 553 2188 ιιι,
565 2165 625 2192 cap.
646 2158 690 2190 17,
708 2158 800 2190 haeret,
822 2166 872 2186 nee
893 2159 996 2194 aliquid

210 2200 279 2228 certi
309 2201 481 2228 determinat.
513 2202 623 2235 Qaterat
659 2211 728 2230 nunc
755 2204 863 2238 aliquis,
896 2213 996 2232 unusne

1050 293 1131 328 ὑγρὸν
1144 291 1220 327 παρὰ
1235 291 1286 327 τήν
1307 289 1417 326 πρώτην
1429 290 1511 322 ἐστὶν,
1525 286 1582 315 εἶτα
1595 287 1635 323 τῷ
1653 287 1740 323 χρόνῳ
1762 295 1829 321 συμ-

1049 331 1170 373 ϊιεφθὲίν
1199 337 1267 373 πρὸς
1299 337 1347 371 τὴν
1374 335 1477 373 οἰκείαν
1504 334 1630 361 adauctu
1662 334 1709 360 καὶ
1735 332 1829 368 ἡδονὴν

1048 371 1235 419 memmi.
1252 381 1304 414 Qui
1330 371 1387 408 sini
1410 380 1455 407 isti
1478 380 1566 411 llorcs,
1584 387 1617 407 ex
1642 379 1742 414 quibus
1765 385 1829 412 apes

1047 429 1199 465 colligendo
1225 435 1323 456 succos
1346 433 1394 455 sua
1415 425 1561 453 coniiciunt
1585 425 1665 452 mella
1689 427 1829 452 enumerat

1048 475 1219 507 Aristoteles,
1234 483 1260 506 ι’,
1276 473 1314 501 De
1323 473 1416 500 histor.
1431 472 1552 503 animal.,
1568 479 1628 506 cap.
1639 471 1676 498 ‘22
1689 480 1695 503 ;
1714 470 1828 501 Plinius,

1048 521 1094 548 lib.
1111 529 1149 553 xi,
1169 528 1228 555 cap.
1245 520 1272 551 8,
1284 519 1408 554 quatdam
1424 526 1456 545 ex
1472 518 1525 544 illis
1537 517 1646 551 excipit,
1658 520 1685 544 et
1696 516 1827 550 quosdam

1047 568 1092 602 qui
1108 567 1230 602 quaedam
1247 568 1410 600 exceperant
1424 563 1593 598 reprehendit
1610 572 1617 589 :
1633 561 1713 589 Ceras
1727 568 1759 588 ea:
1773 569 1830 588 om-

1047 613 1119 640 nium
1143 612 1268 639 arborum
1289 615 1456 644 satorumque
1478 608 1585 643 ﬂoribus
1607 608 1767 643 conﬁngunt,
1783 615 1828 634 e1:-

1046 664 1121 694 cepta
1144 659 1242 685 ramice
1265 662 1290 685 et
1306 655 1462 691 cltenopode,
1481 655 1619 682 herbarum
1645 654 1699 681 hac
1724 661 1827 689 genera.

1047 705 1130 732 Falso
1144 705 1273 738 excipitur
1287 708 1310 730 et
1327 708 1454 737 spartum,
1470 702 1562 736 quippe
1577 709 1636 728 cum
1653 701 1681 726 in
1700 699 1829 733 Hispania

1046 750 1129 776 multa
1140 750 1168 776 in
1182 749 1322 783 spartariis
1337 748 1415 775 mella
1425 747 1531 774 herbam
1545 754 1601 773 eam
1616 746 1732 780 sapiant.
1747 743 1829 771 Falso

1045 801 1070 823 et
1083 796 1156 823 oleas
1172 795 1256 829 excipi
1281 794 1407 825 arbitror,
1427 795 1519 829 quippe
1537 793 1612 819 oliva:
1635 796 1757 826 proventu
1770 791 1830 825 plu-

1046 843 1113 868 rima
1129 841 1253 868 exanima
1267 840 1337 875 gigni
1352 844 1451 866 certum
1463 844 1512 865 est.
1534 836 1674 864 Fructibus
1688 835 1768 862 nullis
1783 844 1829 862 no-

1046 891 1137 914 cetur:
1153 885 1263 913 mortuis
1286 893 1317 912 ne
1339 883 1448 918 ﬂoribus
1462 882 1564 917 quidem
1579 890 1630 908 non
1647 881 1722 908 modo
1736 887 1828 914 corpo-

1011 916 1032 946 Β
1047 932 1119 959 ribus
1141 931 1271 958 insidunt.
1372 916 1487 960 Plinius,
1502 928 1529 954 in
1553 926 1690 954 nonnullis
1706 925 1830 953 animad-

1046 977 1171 1003 versione
1187 975 1286 1010 dignus
1303 974 1418 1001 videtur.
1435 973 1472 1000 De
1485 973 1552 1000 oleis
1569 971 1695 1006 supeﬁus
1706 971 1828 1006 quaedam

1045 1022 1184 1054 diximus;
1200 1021 1235 1048 de
1253 1011 1369 1047 mortu‘is
1385 1018 1544 1053 corporibus
1561 1025 1610 1050 nec
1631 1018 1682 1044 sibi
1703 1021 1827 1047 constat;

1046 1070 1168 1094 mortuas
1184 1067 1283 1101 quippe
1304 1055 1418 1100 gallinas
1434 1064 1531 1098 apibus
1546 1063 1636 1099 cibum
1651 1070 1713 1090 esse
1735 1069 1785 1090 nos
1800 1062 1827 1088 in

1046 1113 1107 1141 aliis
1127 1112 1277 1140 admonuit.
1298 1111 1350 1138 Sed
1364 1103 1425 1145 duis
1444 1110 1471 1136 iu
1498 1113 1570 1136 tanta
1594 1115 1683 1135 rerum
1699 1108 1828 1135 varietate

1045 1165 1072 1187 et
1087 1158 1245 1186 diversitate
1266 1157 1423 1191 opinionum
1442 1155 1479 1182 ita
1505 1154 1557 1182 sibi
1581 1154 1710 1181 memoria
1730 1152 1828 1188 poterit

1045 1207 1173 1232 constare
1190 1207 1220 1229 ut
1232 1209 1264 1229 ea
1279 1201 1332 1228 labi
1351 1199 1516 1235 quandoque
1530 1206 1584 1226 non
1596 1197 1750 1232 contingat?

1081 1249 1159 1277 lbid..
1174 1249 1222 1275 lin.
1235 1247 1279 1275 54.
1293 1246 1347 1273 Καὶ
1357 1243 1604 1279 τὴνδροσοειδῶς.
1617 1242 1830 1282 Accuratissiroe

1046 1291 1103 1318 haec
1123 1290 1214 1317 omnia
1241 1288 1399 1315 Aristoteles
1423 1287 1451 1314 (ι.
1478 1287 1558 1313 loco:
1577 1284 1737 1315 Construunt
1755 1283 1829 1318 [auos

1046 1344 1060 1362 e
1070 1335 1188 1370 floribus,
1200 1342 1296 1365 ceram,
1311 1341 1344 1359 ea:
1360 1332 1478 1367 lacryma
1491 1332 1614 1358 arborum
1629 1330 1740 1365 fingunt,
1750 1330 1829 1356 mella

1045 1389 1078 1408 ea:
1093 1388 1151 1407 rore
1166 1379 1247 1410 aeris,
1262 1379 1379 1406 siderum
1401 1382 1493 1404 eaortu
1516 1376 1690 1410 potissimum,
1710 1381 1733 1402 et
1751 1382 1828 1401 arcus

1047 1427 1156 1454 celestis
1170 1425 1287 1452 incubitu
1303 1423 1470 1451 contrahunt.
1490 1422 1602 1450 Omnino
1623 1427 1682 1449 ante
1702 1420 1829 1456 Vergilia-

1047 1481 1106 1500 rum
1125 1477 1244 1499 exortum
1262 1472 1312 1498 mel
1330 1479 1381 1498 non
1398 1471 1438 1505 ﬁt.
1457 1469 1543 1496 Favos
1558 1469 1654 1503 itaque,
1680 1473 1708 1495 ut
1729 1468 1828 1494 dictant

1046 1523 1096 1551 est,
1112 1526 1126 1546 e
1137 1516 1246 1552 ﬂoribus
1263 1517 1374 1549 faciunt.
1399 1515 1453 1542 Met
1470 1520 1556 1543 autem
1582 1522 1632 1542 non
1656 1515 1726 1548 ipsas
1743 1514 1830 1548 facere

1047 1572 1118 1598 apes,
1140 1563 1186 1590 sed
1208 1571 1292 1590 rorem
1314 1561 1468 1589 candentem
1495 1560 1596 1595 deferre
1616 1564 1768 1595 argumento
1790 1564 1828 1585 est

1046 1608 1115 1643 quod
1137 1615 1190 1634 uno
1214 1612 1260 1634 aut
1282 1607 1366 1633 altero
1392 1606 1433 1632 die
1456 1605 1536 1632 cellas
1551 1604 1627 1632 melle
1649 1604 1739 1639 plenas
1760 1605 1829 1631 inue-

1045 1654 1121 1680 niunt
1135 1653 1240 1687 apiarii.
1258 1652 1290 1679 Et
1306 1652 1351 1679 lib.
1368 1659 1406 1684 Ix,
1421 1659 1480 1686 cap.
1497 1651 1542 1683 £0,
1558 1651 1711 1678 observavit
1726 1657 1828 1684 morem

1046 1705 1137 1732 apum,
1157 1705 1191 1725 ue
1208 1696 1332 1725 videlicet
1347 1695 1443 1723 ﬂorum
1462 1696 1539 1731 plura
1555 1703 1653 1732 genera
1669 1699 1760 1730 petant
1773 1703 1841 1722 uno-

1045 1743 1193 1778 eodemque
1204 1742 1338 1777 profectu,
1351 1742 1399 1770 sed
1411 1741 1525 1776 singulis
1539 1741 1655 1776 singula,
1675 1741 1749 1768 verbi
1766 1748 1830 1776 gra-

1046 1790 1083 1817 tia
1098 1797 1113 1816 a
1134 1789 1203 1816 viola
1220 1788 1252 1815 ad
1266 1788 1363 1815 violam
1377 1787 1514 1820 advolant,
1529 1794 1580 1814 nec
1593 1786 1666 1814 aliud
1680 1787 1828 1822 attingunt,

1046 1841 1186 1870 quousque
1200 1841 1279 1861 suum
1294 1832 1321 1859 in
1333 1832 1437 1860 alveum
1448 1831 1570 1864 redeant,
1587 1831 1629 1858 hic
1645 1839 1674 1858 se
1691 1831 1828 1865 quatiunt;

1046 1886 1072 1907 et
1088 1880 1209 1914 singulas
1234 1884 1290 1906 tres
1316 1882 1362 1905 aut
1385 1881 1501 1912 quatuor
1522 1881 1682 1911 sequuntur.
1697 1876 1749 1904 Sed
1763 1876 1828 1911 quid

1047 1925 1182 1960 accipiant
1207 1924 1277 1952 haud
1299 1923 1378 1951 lacile
1400 1923 1518 1956 videris;
1540 1930 1591 1950 nec
1610 1929 1673 1950 vero
1698 1922 1829 1957 queruad-

1047 1971 1155 1999 modum
1172 1974 1319 2005 operentur
1335 1969 1424 1997 visum
1436 1969 1524 1997 adhuc
1537 1973 1589 1996 est.
1646 1979 1651 1984 ν

1080 2016 1160 2047 bid,
1180 2015 1227 2042 lin.
1243 2014 1287 2042 57.
1301 2014 1388 2041 Ὅθεν
1401 2013 1449 2040 καὶ
1465 2013 1557 2047 ὑγρόν
1568 2012 1642 2038 ἐστι.
1658 2010 1826 2040 Aristoteles.

1046 2062 1093 2090 lib.
1113 2069 1129 2088 v
1145 2060 1183 2088 De
1199 2060 1291 2086 histor.
1317 2059 1439 2091 animal.,
1463 2065 1523 2093 cap.
1547 2057 1593 2088 22,
1624 2056 1782 2084 Συνίαταται
1799 2055 1827 2082 δὲ

1045 2108 1076 2134 τὸ
1092 2106 1153 2143 μέλι
1171 2107 1341 2142 πεττόμενον.
1366 2104 1409 2138 Ἐξ
1425 2105 1511 2140 ἀρχῆς
1525 2105 1579 2139 γὰρ
1592 2101 1647 2130 οἷον
1672 2103 1742 2138 ὕδωρ
1760 2103 1829 2137 γίνε-

1046 2163 1101 2186 ται,
1119 2154 1164 2180 καί
1181 2153 1222 2187 ἐφ’
1236 2152 1342 2187 ἡμέρας
1360 2151 1409 2186 μέν
1425 2158 1500 2180 τινας
1521 2150 1602 2185 ὑγρόν
1617 2150 1691 2176 ἐστι·
1717 2149 1756 2175 διὸ
1777 2148 1828 2175 κᾶν

1047 2199 1179 2235 ὑφαιρεθῇ
1195 2199 1223 2225 ὲν
1242 2198 1336 2228 αὑταῖς
1358 2197 1416 2227 ταῖς
1434 2195 1560 2230 ἡμέραις,
1576 2192 1624 2229 οὔχ
1645 2194 1713 2229 ἴσχει
1733 2194 1826 2229 πάχος,
1861 2213 1865 2217 .

212 2244 339 2272 Hercules
354 2246 444 2280 fuerit,
460 2252 484 2273 et
499 2247 567 2282 quod
580 2247 667 2275 Liberi
685 2247 775 2274 Patris
795 2249 952 2282 sepulcrum,
967 2255 991 2276 et
1009 2245 1056 2274 οὲ

983 2255 991 2276 ι
1009 2245 1032 2274 D
1044 2247 1072 2272 ὲν
1087 2246 1171 2272 εἰκοσι
1186 2245 1214 2271 δὲ
1236 2244 1351 2279 μάλιστα
1368 2242 1534 2268 συνίσταται.
1556 2240 1639 2275 Δῆλον
1654 2241 1682 2267 δέ
1695 2240 1767 2266 ἐστιν
1784 2241 1827 2266 εὑ-

211 2290 313 2325 rcliqua
328 2293 465 2319 vetustatis
482 2293 535 2319 situ
552 2293 656 2320 obruta.
675 2292 742 2320 Ecce
755 2294 782 2320 in
802 2302 830 2320 rc
847 2302 929 2328 porca
943 2295 992 2322 nil-

211 2336 294 2371 lisque
306 2337 405 2364 nostris
428 2345 541 2369 annexa,
563 2347 637 2372 σιιμιε
652 2339 762 2365 assidua
781 2340 858 2372 copia
876 2344 925 2370 est.
942 2348 993 2366 non

210 2385 315 2407 constat
329 2381 396 2407 inter
410 2386 531 2409 auctores
546 2390 555 2409 :
571 2382 626 2409 Re:
647 2383 784 2410 nullumne
802 2383 874 2410 solus
899 2383 993 2410 habeat

211 2425 342 2457 aculeum,
370 2427 508 2460 majestate
535 2433 638 2455 tantum
667 2433 787 2455 armatus
809 2436 870 2455 :an
894 2429 994 2456 dederit

211 2479 270 2498 eum
285 2470 389 2506 quidem
401 2475 508 2503 natura,
522 2474 567 2500 sed
581 2482 657 2500 usum
671 2475 728 2509 ejus
743 2475 785 2502 illi
797 2479 899 2502 tantum
915 2484 994 2510 nega-

211 2517 286 2544 verit.
306 2516 379 2543 Illud
394 2521 499 2543 constat
514 2518 700 2552 imperatorem
716 2520 806 2547 aculeo
820 2529 871 2547 non
878 2522 927 2547 uti.
942 2521 993 2548 Ne-

210 2565 257 2597 gat
272 2560 386 2593 Seneca,
406 2562 452 2588 lib.
476 2570 494 2594 I,
511 2561 550 2589 De
567 2564 716 2596 clementia,
732 2573 792 2600 cap.
815 2565 858 2596 l9,
882 2565 994 2592 Iracun-

210 2607 338 2641 diuimte,
363 2616 394 2633 ac
412 2615 459 2641 pro
477 2608 593 2641 corporis
612 2615 689 2643 captu
712 2603 913 2644 pugnacissimae
933 2615 993 2637 sunt

210 2661 283 2687 apes.
297 2658 323 2679 et
339 2652 443 2680 aculeos
457 2661 483 2679 tn
496 2653 601 2680 vulnere
615 2655 765 2690 relinquunt
779 2663 793 2683 :.
805 2654 860 2682 Rea:
871 2656 926 2689 ipse
939 2656 995 2683 sine

212 2698 303 2725 aculeo
318 2703 366 2725 est.
381 2699 499 2726 Consule
515 2699 660 2733 Brodeum,
683 2701 730 2728 lib.
747 2709 782 2732 IV,
797 2709 858 2736 cap.
878 2702 922 2728 l0.

248 2744 326 2777 lbid.,
342 2745 390 2772 lin.
418 2745 462 2772 35.
487 2744 655 2779 Συνάγουσι
669 2746 703 2772 δὲ
725 2747 759 2773 ἐκ
773 2746 841 2774 τῶν.
867 2746 993 2778 Basilius,

211 2790 284 2817 hom.
298 2790 314 2817 8
328 2800 334 2817 ε
352 2791 403 2818 Τὸν
416 2792 464 2826 μὲν
475 2791 528 2826 γὰρ
541 2792 624 2827 κηρὸν
641 2793 694 2818 ἀπὸ
707 2793 760 2819 τῶν
773 2793 860 2819 ἀνθῶν
874 2794 995 2828 φανερῶς

213 2836 381 2872 συναγείρει·
393 2836 423 2864 τὸ
435 2837 463 2864 δὲ
476 2837 545 2872 μέλι,
560 2837 608 2872 τὴν
621 2837 776 2872 δροσοειδῶς
792 2839 995 2874 ὲνεσπαρμένην

213 2881 300 2908 νο-ιεσ
319 2882 373 2913 10';
389 2882 496 2910 ἄνθεσιν
516 2883 724 2918 ἐπισπασαμένη
739 2883 777 2919 τῷ
792 2891 915 2920 ςτόματι,
931 2885 980 2911 ταῦ

1045 2292 1112 2322 θέως
1128 2291 1158 2317 τὸ
1170 2290 1224 2317 ἀπὸ
1239 2289 1285 2316 τοῦ
1298 2288 1384 2324 χυμοῦ
1401 2287 1527 2323 μάλιστα.
1547 2286 1612 2320 Quae
1627 2287 1664 2312 ita
1679 2287 1758 2313 vertit
1774 2285 1827 2311 Pli—

1046 2336 1121 2368 nius,
1139 2335 1186 2362 lib.
1204 2342 1242 2367 Ill,
1268 2342 1327 2369 cap.
1362 2333 1397 2360 i3
1413 2343 1418 2359 :
1436 2332 1484 2359 Est
1509 2337 1594 2358 autem
1617 2331 1691 2358 initio
1717 2331 1777 2362 mel,
1801 2338 1828 2356 ut

1045 2391 1124 2417 aqua,
1140 2381 1262 2411 dilutum,
1278 2385 1303 2407 et
1322 2380 1415 2414 primis
1441 2378 1531 2406 diebus
1555 2379 1644 2413 feruet,
1658 2382 1686 2404 ut
1702 2383 1826 2408 mustum,

1044 2435 1120 2462 seque
1133 2432 1244 2460 purgat:
1257 2426 1376 2452 uicesimo
1390 2425 1431 2451 die
1442 2426 1597 2456 crassescit;
1616 2431 1677 2450 mox
1691 2423 1828 2451 obducitur

1045 2473 1117 2500 tenui
1142 2471 1305 2503 membrana,
1327 2479 1384 2506 qua:
1404 2470 1512 2505 [erroris
1542 2471 1624 2504 ipsius
1648 2477 1740 2504 spuma
1766 2477 1828 2496 con-

1045 2517 1147 2545 crescit.

1080 2563 1158 2594 lbid.,
1175 2563 1223 2591 lin.
1245 2563 1290 2591 '59.
1302 2562 1414 2597 ’Σαφῶς
1435 2562 1468 2588 δὲ
1483 2562 1531 2588 καὶ
1547 2561 1611 2594 τάς.
1635 2560 1672 2588 De
1686 2561 1737 2587 hoc
1759 2560 1828 2587 miro

1045 2611 1136 2645 apium
1151 2609 1268 2637 artiﬁcio
1283 2610 1310 2637 in
1327 2609 1396 2637 favis
1417 2607 1609 2636 construendis
1625 2607 1736 2635 consule
1751 2605 1812 2633 Basi

1046 2657 1123 2687 lium,
1146 2656 1219 2683 hom.
1244 2655 1281 2688 8;
1304 2656 1494 2686 Aristotelem,
1518 2654 1566 2681 lib.
1594 2661 1632 2686 ix,
1663 2660 1722 2687 cap.
1740 2651 1784 2682 l0,
1802 2656 1829 2679 et

1047 2703 1195 2733 Elianum,
1213 2701 1252 2728 De
1273 2702 1368 2728 histor.
1387 2700 1510 2731 animal.,
1531 2700 1578 2727 tib.
1594 2708 1620 2732 ν,
1641 2706 1700 2734 cap.
1720 2698 1763 2729 15,
1781 2699 1828 2732 qui

1044 2747 1255 2783 elegantissimis
1276 2747 1365 2774 verbis
1387 2746 1549 2774 industriam
1572 2745 1641 2772 banc
1657 2752 1822 2779 prosequun-

1046 2799 1098 2821 tur.

1082 2839 1160 2870 lbid..
1174 2839 1220 2865 lin.
1240 2838 1284 2866 ιδ.
1301 2839 1334 2864 At
1353 2837 1385 2863 δὲ
1404 2837 1521 2871 ἀκρίδες
1538 2836 1592 2862 ἑνί.
1613 2835 1740 2866 Basilius,
1756 2834 1828 2861 hom.

1047 2886 1063 2912 8
1077 2895 1083 2912 :
1099 2885 1158 2917 Πῶς
1174 2893 1213 2911 σοι
1235 2884 1284 2916 τὰς
1307 2883 1424 2919 φοϐερὰς
1451 2883 1639 2918 ἐπιστρατείας
1655 2883 1702 2918 τῆς
1722 2881 1831 2917 ἀκρίδας
