2143 3163
199 179 250 209 θ’ἔί

758 183 789 211 IN
810 181 996 212 EUSTATHII
1012 183 1248 213 IIEXAEMEBON
1264 183 1378 213 NOT/E.

1767 190 1822 218 ΘΗ

199 242 360 270 tenuissimis
388 243 555 272 brachiorum
576 245 701 273 membris
719 254 845 280 suspensa
860 253 869 271 :
885 243 987 272 animal
1002 247 1026 275 Α
1039 246 1086 279 (ita
1098 246 1171 273 enim
1186 246 1307 283 corrigo)
1317 251 1392 279 sunt,
1408 255 1458 274 nec.
1468 254 1583 282 usquam
1600 247 1675 275 alibi.
1686 246 1764 281 Quod
1779 250 1820 276 vel

198 289 315 316 murium
326 289 423 321 simile,
435 298 487 317 non
499 295 554 316 tam
564 299 624 318 voce
636 299 759 320 resonans
772 300 851 325 quam
861 291 984 325 stridore,

198 336 280 368 specie
295 344 395 372 quoque
411 336 527 364 volatilis
550 338 631 365 simul
648 343 673 365 et
696 339 854 373 quadrupes,
871 338 939 373 quod
957 338 985 364 in

199 381 260 409 aliis
274 382 364 410 aribus
379 384 488 417 reperiri
506 392 557 411 non
574 385 649 411 solet.
663 385 729 418 Quae
742 393 802 412 cum
815 385 925 412 brachia
939 392 986 419 pe-

198 428 301 463 desque
317 428 426 460 habeat,
438 429 503 464 quid
523 430 621 456 mirum
650 430 673 458 si
687 430 864 466 τετρασκελές
887 430 923 457 sit
939 437 987 456 no-

198 477 258 501 stro
275 474 401 501 auctori?
425 475 550 510 quamvis
574 483 658 502 unum
691 480 796 502 tantum
828 475 922 506 σκέλος
948 475 986 502 illi

198 519 269 547 ιιιδὶ
282 519 387 548 Plinius
402 521 524 548 afﬁrmet.
541 521 568 549 Id
583 527 673 549 tamen
688 526 782 549 nolunt
797 525 840 549 cst
854 529 915 549 csse
928 522 987 549 sine

197 573 327 601 genuum,
347 567 534 594 malleolorum
550 568 703 603 pedumque
717 568 852 595 articulis.

234 609 316 643 lbid.,
331 611 379 638 lin.
395 611 440 640 59.
459 613 491 639 Ol
509 612 544 639 δὲ
563 612 701 648 τέττιγες.
722 605 848 643 hasilius,
867 611 942 638 hom.
958 611 986 643 8,

199 656 248 688 Τίς
259 657 273 683 6
286 658 386 693 τρόπος
402 658 453 694 τῆς
471 659 603 694 μελῳδξας
623 659 671 685 τοῦ
686 659 818 692 τέττιγος.
834 658 894 690 Πῶς
911 659 940 684 ἐν
953 659 986 692 τῇ

201 703 360 739 μισημσρίᾳ
380 704 484 730 ἑαυτῶν
506 705 575 731 εἶσιν
601 704 769 740 ᾠδικώτερον.
793 706 827 740 τῇ
851 705 917 740 ὁλκῇ
939 705 986 732 τοῦ

199 748 289 784 ἀέρος,
304 749 338 784 ἦν
352 750 381 776 ὲν
394 751 426 785 τῇ
442 750 568 785 διαστολῇ
585 749 724 776 ποιοῦνται
741 749 787 776 ταῦ
801 749 925 785 θώρακος
940 751 983 777 iu-

198 792 337 828 διδομένου
351 793 398 819 τοῦ
414 793 545 828 φθόγγου.
567 794 740 825 Aristoteles,
759 794 795 820 De
811 794 906 822 histor.
929 795 988 822 ani-

200 837 277 870 κιαι..
290 845 352 873 cap.
365 838 410 869 30,
428 837 586 866 Prooeniunt
597 839 670 874 large
685 839 767 873 copia
783 839 916 866 imbrium.

235 882 303 911 Ibid.
323 883 520 917 Ἡσυχὰζουσι
543 883 578 911 δὲ
603 886 715 918 καιρόν.
745 885 915 916 Ariswteles,
940 885 986 912 lib.

200 937 258 959 vui,
271 929 311 956 De
330 930 426 958 histor.
449 931 544 962 enim,
562 938 623 966 cap.
640 930 674 957 l7
693 940 699 958 :
714 930 822 958 Cicada
836 931 881 958 ubi
897 939 988 965 erupe-
1005 921 1025 947 η

200 978 275 1006 runt,
286 974 365 1005 oleis,
382 979 429 1001 aut
441 975 617 1002 arundinibus
629 975 770 1002 insidunt:
782 979 818 1007 et,
831 983 891 1002 cunt
912 980 988 1010 rupto

201 1019 323 1054 operculo
333 1025 438 1052 exeunt,
455 1029 565 1055 parvum
586 1021 713 1055 quiddam
737 1022 764 1047 in
787 1029 816 1048 eo
840 1022 988 1056 relinquunt

201 1065 331 1097 humoris.
353 1074 399 1093 nec
414 1067 499 1094 multo
518 1071 578 1101 post
591 1066 690 1097 colant.
706 1072 731 1094 rt
746 1067 872 1101 incipiunt
884 1076 986 1096 canere.

236 1112 296 1141 Col.
313 1114 376 1146 757,
389 1114 437 1141 lin.
456 1114 483 1141 l.
498 1114 647 1146 Πλήττειν
657 1114 692 1140 δὲ
704 1114 754 1141 και
766 1114 859 1142 (idem
869 1115 987 1143 Causam

201 1167 286 1195 quam
312 1159 414 1188 cicada
438 1164 539 1188 canant
552 1161 664 1195 exponit
684 1161 857 1193 Aristoteles,
873 1161 920 1188 lib.
948 1161 988 1188 De

195 1206 299 1242 juveni.
313 1211 339 1232 et
354 1211 449 1233 senect.
472 1205 535 1233 cita.
552 1209 578 1232 et
593 1210 672 1233 mort.
694 1210 720 1232 et
736 1206 841 1240 respir.,
864 1213 924 1241 cap.
941 1206 985 1233 Η.

203 1251 336 1279 Videntur
350 1251 422 1279 enim
431 1258 462 1279 ea
473 1252 578 1279 ratione
590 1252 634 1278 illa
647 1251 752 1278 scilicet
767 1251 987 1279 membranarum

202 1298 322 1326 elatione
339 1298 479 1331 anhelare,
492 1301 519 1325 et
533 1297 689 1333 refrigerari
717 1298 939 1333 quodammodo;
961 1304 989 1327 et

202 1344 249 1372 lib.
262 1351 289 1371 tv
308 1343 343 1371 De
357 1344 453 1371 histor.
470 1344 582 1371 animai.
598 1364 606 1376 ,
621 1351 683 1378 cap.
698 1344 725 1376 9,
743 1344 863 1372 declarat
877 1345 988 1372 modum

201 1389 284 1425 hujus
298 1391 369 1417 soni.
388 1390 433 1417 Ait
447 1397 519 1417 enim
541 1389 715 1417 membranas
733 1389 794 1417 illas
809 1390 906 1425 spiritu
919 1390 988 1419 inte-

201 1436 266 1462 riori
292 1435 408 1466 moveri,
431 1442 486 1462 non
503 1435 643 1466 esteriori.
660 1435 788 1470 illiusque
805 1436 919 1471 spiritus
945 1440 988 1462 at-

201 1481 267 1508 tritu
290 1488 388 1508 sonum
414 1481 468 1508 edi.
491 1480 531 1508 Τὰ
554 1481 604 1516 μὲν
626 1479 672 1507 οὖν
694 1480 793 1516 ἔντομα
816 1481 876 1508 οὒτε
894 1483 988 1517 φωνεῖ,

200 1526 263 1554 οὔτε
276 1526 440 1561 διαλέγεται,
455 1525 538 1561 ψοφεῖ
555 1526 584 1553 δὲ
603 1526 643 1562 τῷ
663 1526 717 1553 ἔσω
735 1527 880 1562 πνεύματι,
902 1528 933 1554 οὐ
950 1527 989 1563 τῷ

1037 294 1096 320 solo
1109 293 1209 321 (ﬁliani
1227 294 1385 321 testimonio
1403 294 1509 322 refellet
1524 291 1589 330 quis
1604 304 1610 322 :
1632 295 1655 322 is
1668 296 1753 326 enim.
1771 295 1818 322 lib.

1037 346 1078 369 tu.
1091 337 1127 365 De
1139 339 1234 367 histor.
1247 339 1343 370 enim.
1355 347 1415 374 eap.
1424 339 1469 370 35.
1482 339 1520 366 ait
1534 339 1562 366 in
1578 339 1734 368 Macedonia
1745 347 1820 371 sues.

1036 390 1063 412 et
1078 392 1163 419 genus
1180 385 1316 419 quoddam
1331 384 1487 412 cicadarum
1505 392 1566 412 esse
1588 390 1710 417 mutum;
1730 389 1758 412 et
1773 385 1822 412 ad-

1037 430 1117 457 ducta
1137 430 1241 458 ratione
1257 437 1272 457 a
1289 429 1423 458 Strabone
1451 430 1521 457 facili
1547 430 1573 457 id
1596 430 1705 465 negotio
1728 433 1821 465 posset

1037 476 1231 510 probari.cum
1246 483 1278 504 ea
1289 483 1373 503 causa
1387 484 1442 503 non
1456 477 1484 503 in
1501 475 1630 510 liheginis
1645 465 1760 506 tantum.
1773 476 1821 504 sed

1037 525 1064 548 ct
1080 521 1108 547 in
1126 521 1187 548 aliis
1202 521 1283 548 etiam
1307 522 1361 548 vim
1385 528 1463 549 suam
1488 521 1618 549 obtineat.
1640 521 1712 555 Quin
1732 521 1822 549 Theo-

1038 566 1181 601 phylactus
1198 565 1362 598 Simocatus,
1378 571 1477 601 quaest.
1493 571 1583 593 natur.
1597 567 1641 598 13,
1657 565 1772 594 alllrmat
1783 568 1822 594 ci-

1038 612 1122 639 cadas
1135 619 1230 639 omnes
1248 612 1362 639 ientiuas
1378 618 1468 640 mulas
1487 621 1560 643 esse,
1577 620 1727 648 earumque
1743 613 1823 649 frigi-

1037 656 1149 684 ditatem
1166 664 1276 684 causam
1294 665 1355 685 esse
1371 658 1439 689 vult,
1465 657 1560 691 Τέττιξ
1574 656 1620 685 οὖν
1641 658 1734 694 θήλεια
1753 659 1824 686 κατᾶ

1038 703 1106 728 πολὺ
1131 702 1286 738 ψυχροτέρα
1310 703 1356 729 τοῦ
1374 704 1504 739 ᾶρῤενος,
1525 703 1572 730 καὶ
1589 704 1668 739 φύσις
1687 705 1754 740 αὐτῇ
1774 704 1823 740 τὴν

1039 749 1143 783 σιωπὴν
1160 749 1343 783 ὲγκὲλεύεται.
1359 749 1482 776 ἐπίτασιν
1497 750 1631 778 ὲντιῡεῖσα
1643 751 1821 786 ψυχρότητος.

1038 794 1083 821 Διὸ
1093 795 1207 826 κωτίλος
1223 795 1311 828 τέττιξ
1325 796 1374 822 οὐκ
1388 795 1445 822 ἐςτι
1455 795 1560 832 θήλεια.
1574 795 1651 829 Quod
1662 801 1687 824 cl
1701 796 1736 824 de
1749 796 1822 824 Seri-

1039 839 1112 875 phiis
1128 842 1214 873 ranis,
1232 848 1292 876 qua:
1307 846 1388 869 muta:
1401 846 1476 874 sunt,
1493 846 1589 877 quaest.
1603 842 1647 875 18.
1663 843 1756 870 tradit.

1073 885 1153 916 lbid..
1164 887 1212 913 lin.
1226 887 1251 913 7.
1267 887 1359 921 Ἀπερ
1374 887 1481 921 κοινὴν
1493 888 1561 922 μέν.
1574 887 1700 916 Omnium
1716 888 1761 916 illa
1773 886 1882 915 l'uitii’

1039 933 1186 964 sententia,
1203 933 1339 961 hominem
1355 941 1417 961 esse
1440 933 1557 961 divisum
1582 934 1609 961 in
1635 938 1725 969 partes
1740 934 1822 964 duas,

1039 985 1139 1013 corpus
1152 982 1179 1005 et
1195 979 1324 1011 animam.
1342 984 1369 1006 et
1385 979 1437 1007 hac
1456 980 1558 1015 aliquid
1573 980 1673 1008 habere
1691 988 1753 1008 cum
1768 981 1823 1009 Deo

1039 1031 1193 1053 commune.
1209 1024 1256 1052 illo
1271 1032 1334 1051 cum
1353 1024 1450 1057 brutis.
1469 1029 1497 1052 et
1512 1026 1619 1054 belluis.
1633 1025 1665 1052 Et
1675 1026 1748 1054 sicut
1760 1028 1820 1054 ani-

1038 1075 1083 1095 mo
1109 1069 1215 1097 cieteris
1242 1069 1428 1098 animantibus
1453 1070 1533 1104 longe
1557 1074 1678 1105 praestat,
1694 1070 1823 1099 animalia

1039 1113 1194 1146 arboribus,
1204 1118 1231 1142 et
1242 1114 1378 1149 virgultis,
1391 1115 1552 1150 exterisque
1561 1123 1642 1143 sensu
1653 1116 1821 1147 carentibus.

1038 1159 1142 1186 homini
1156 1167 1188 1186 ex
1203 1159 1295 1187 animo
1311 1160 1391 1192 ratio.
1407 1160 1460 1188 illis
1474 1168 1573 1188 sensus
1590 1168 1623 1188 ex
1639 1168 1753 1196 corpore
1764 1169 1773 1189 :
1784 1161 1822 1188 ita

1039 1209 1129 1233 tamen
1152 1209 1181 1232 ut
1197 1209 1224 1233 et
1243 1205 1348 1233 homini
1372 1207 1411 1234 uti
1437 1207 1563 1241 corporis
1579 1208 1698 1242 compoti
1724 1215 1823 1236 sensus

1038 1259 1092 1278 non
1107 1252 1266 1287 denegetur.
1287 1251 1403 1280 interest
1425 1257 1515 1279 autem
1542 1253 1615 1280 inter
1640 1253 1778 1281 hominem
1795 1258 1823 1281 et

1038 1297 1156 1325 belluam
1182 1297 1250 1324 illud
1274 1298 1403 1329 maxime,
1416 1298 1491 1333 quod
1519 1298 1609 1325 bellua
1636 1299 1659 1327 si
1689 1303 1822 1331 movetur,

1039 1351 1121 1370 sensu
1139 1347 1264 1370 movetur
1280 1347 1397 1375 tantum,
1409 1347 1438 1371 et
1452 1343 1485 1370 ad
1498 1352 1620 1378 prmsens
1635 1344 1824 1376 fertur,uihil-

1039 1395 1092 1422 que
1114 1393 1210 1423 prauer
1225 1388 1394 1424 voluptatem
1411 1389 1506 1421 sentit,
1522 1389 1554 1416 ad
1570 1396 1684 1424 eamque
1701 1393 1757 1416 toto
1771 1389 1824 1416 im-

1039 1438 1102 1468 petu
1126 1434 1249 1468 rapitur;
1265 1434 1356 1465 homo,
1385 1441 1447 1461 cum
1475 1434 1511 1461 sit
1534 1434 1649 1462 rationis
1678 1434 1823 1469 particeps,

1039 1479 1120 1507 etiam
1138 1479 1203 1506 dum
1224 1479 1318 1510 sentit,
1333 1479 1458 1514 quamvis
1486 1487 1570 1508 sensu
1597 1479 1723 1510 ducatur,
1737 1479 1825 1506 elevat

1040 1534 1069 1554 se
1080 1530 1172 1554 tamen
1188 1525 1221 1552 ad
1237 1525 1333 1552 altiora
1348 1524 1559 1557 consideranda,
1576 1528 1603 1552 et
1618 1524 1710 1553 divina
1725 1524 1825 1551 intelli-

201 1572 312 1608 θύραζε.
336 1572 419 1599 Οὐδὲν
443 1572 498 1607 γὰρ
521 1572 634 1599 ἀναπνεῖ
664 1573 763 1605 αὐτῶν,
792 1573 859 1599 ἀλλὰ.
880 1572 915 1599 τὰ
940 1572 989 1608 μὲν
1003 1584 1024 1613 c

1075 1571 1139 1602 nda,
1154 1574 1181 1598 et
1195 1570 1224 1597 in
1239 1571 1379 1606 proprium
1395 1578 1475 1598 usum
1493 1577 1547 1597 non
1569 1578 1650 1598 sensu
1666 1575 1757 1603 actus,
1776 1569 1825 1598 sed

202 1617 323 1652 βομϐεῖν,
347 1615 404 1643 οἷον
431 1616 552 1652 μέλιττα,
583 1617 629 1643 καὶ
655 1617 690 1644 τὰ
719 1618 809 1652 πτηνὰ
831 1617 931 1649 αὐτῶν,
957 1617 991 1644 τὰ

200 1662 230 1688 δὲ
249 1662 322 1697 ᾄδειν
343 1661 462 1695 λέγεται,
479 1658 535 1688 οἷον
555 1662 579 1687 οἱ
604 1661 736 1695 τέττιγες.
753 1661 887 1688 navus:
904 1661 990 1688 ταῦτα

200 1704 283 1739 ψοφεῖ
308 1704 346 1740 τῷ
364 1705 447 1740 sum;
468 1705 521 1731 ὑπὸ
539 1704 570 1731 τὸ
588 1703 667 1739 ζῶμα
688 1705 750 1731 ὅσον
772 1705 910 1741 διῄρητον,
934 1703 990 1732 οἷον

201 1750 232 1777 τὸ
250 1750 304 1777 τῶν
327 1750 456 1784 τεττίγων
488 1749 565 1783 γένος
585 1751 619 1785 τῇ
641 1750 732 1785 τρίψει
755 1751 801 1776 τοῦ
824 1750 988 1786 πνεύματος.

201 1796 319 1832 lde0que
350 1796 385 1823 ad
415 1795 467 1823 hoc
485 1799 515 1823 ut
539 1801 639 1823 canant
657 1804 770 1824 necesse
795 1800 856 1829 est,
885 1801 916 1823 ut
934 1796 990 1824 sint

202 1843 349 1879 praecincta
377 1842 510 1873 dividua,
528 1846 555 1869 et
578 1842 630 1870 sub
657 1846 735 1877 septo
756 1846 914 1870 transverso
933 1843 989 1870 dis-

202 1892 306 1915 sectum
333 1895 394 1915 esse
422 1888 488 1920 illis,
511 1887 569 1915 sive
595 1888 802 1923 majoreslsint,
823 1888 882 1916 sive
898 1888 988 1916 mino-

201 1942 258 1965 res,
277 1941 339 1960 nam
356 1941 410 1961 non
425 1933 556 1964 dividuis,
572 1936 600 1960 et
613 1933 713 1968 quibus
727 1941 783 1960 non
802 1939 844 1961 est
861 1934 988 1965 scissum,

201 1983 286 2006 muta:
307 1983 372 2006 sunt
394 1979 517 2006 omnino.
541 1978 629 2006 Dorso
651 1979 712 2007 illas
728 1987 859 2007 resonare
880 1979 990 2014 scripsit

204 2024 305 2055 Ilorus.
321 2025 368 2052 lib.
387 2032 418 2056 ll,
433 2031 493 2060 cap.
509 2024 554 2057 55,
571 2022 655 2056 Οὗτος
668 2024 722 2061 γὰρ
737 2024 781 2051 διὰ
794 2024 842 2051 τοῦ
858 2025 990 2060 στόματος

201 2071 234 2098 οὐ
253 2070 336 2097 λαλεϊο
353 2070 422 2097 ἀλλὰ
442 2070 487 2097 διὰ
505 2071 556 2105 τῆς
575 2070 681 2106 ῥάχεως
697 2061 883 2106 ᾠοεγγόμενος
905 2071 990 2098 καλὸν

203 2116 285 2152 μέλος
295 2116 388 2143 ἀείδει.
406 2115 438 2142 Et
454 2116 591 2146 Elianus.
608 2116 646 2144 De
658 2117 752 2144 histor.
769 2117 891 2149 animaL,
907 2117 955 2144 lib.
968 2125 987 2150 ι,

201 2170 263 2197 cap.
285 2162 330 2189 20.
354 2162 395 2189 Τὰ
410 2163 459 2198 μὲν
473 2162 541 2190 ἄλλα
562 2162 617 2189 τῶν
637 2162 754 2189 Ἰνδικῶν
774 2162 875 2198 ὀρνέων
896 2162 989 2189 εὐστο-

203 2211 260 2245 μεϊ.
283 2209 330 2236 καὶ
358 2210 392 2244 τῇ
412 2209 521 2246 γλώττῃ
547 2209 693 2244 φθέγγεται
719 2209 797 2244 δίκην
823 2208 968 2245 ἀνθρώπου

1041 1615 1147 1643 ratione
1163 1616 1255 1643 omnia
1271 1615 1470 1643 accommodat.
1487 1615 1577 1648 Quare
1590 1615 1672 1642 etiam
1683 1619 1711 1642 et
1726 1622 1825 1643 causas

1039 1668 1131 1688 rerum
1146 1665 1174 1688 et
1190 1662 1399 1689 consecutioucs
1414 1661 1506 1693 videt,
1523 1668 1671 1695 earumque
1695 1668 1825 1696 progres-

1039 1714 1088 1734 sus
1103 1714 1157 1734 non
1173 1706 1292 1742 ignorat.
1307 1706 1493 1742 Utrorumque
1509 1710 1599 1734 tamen
1623 1713 1722 1733 sensus
1738 1707 1765 1733 in
1778 1712 1825 1733 ca-

1039 1752 1100 1779 dem
1116 1751 1202 1779 fertur
1209 1752 1315 1788 objecta
1326 1756 1353 1779 et
1363 1752 1421 1787 pari
1435 1752 1540 1779 ratione
1554 1752 1588 1779 ab
1596 1751 1649 1779 illis
1661 1751 1824 1779 commutari

1038 1797 1215 1825 manifestum
1239 1803 1292 1830 est,
1312 1797 1444 1833 quidquid
1455 1797 1529 1824 dicat
1540 1796 1719 1825 Jamblichus.
1729 1797 1825 1833 Neque

1039 1844 1160 1878 negarint
1174 1843 1201 1870 in
1214 1843 1351 1879 aliquibus
1364 1843 1398 1871 ab
1411 1843 1569 1871 hominibus
1585 1843 1700 1874 belluas,
1714 1843 1741 1870 in
1762 1842 1824 1870 aliis

1039 1889 1164 1916 homines
1181 1897 1198 1917 a
1213 1890 1311 1917 belluis
1323 1889 1456 1925 superari,
1472 1897 1533 1924 qua:
1545 1892 1587 1916 est
1599 1889 1752 1916 communis
1762 1889 1824 1925 θρῖα

1040 1933 1096 1964 nio.
1114 1938 1145 1968 et
1156 1934 1337 1962 Aristoteliam
1354 1934 1487 1962 doctrinae
1505 1933 1593 1969 magis
1608 1933 1823 1962 accommodata.

1042 1978 1095 2006 Sed
1115 1980 1173 2007 haec
1189 1979 1302 2008 alterius
1318 1983 1381 2007 sunt
1392 1980 1502 2014 negotii.
1523 1978 1596 2007 Satis
1612 1979 1648 2007 sit
1664 1979 1742 2012 illud,
1758 1986 1825 2007 con-

1040 2029 1113 2053 stare
1140 2025 1278 2053 hominem
1305 2025 1406 2058 animo,
1421 2025 1473 2052 hoc
1491 2028 1533 2052 est
1557 2025 1671 2052 rationis
1699 2029 1825 2059 compote

1039 2071 1100 2098 aliis
1125 2070 1311 2100 animantibus
1334 2077 1395 2098 esse
1408 2071 1636 2106 prazstantioretu,
1649 2074 1676 2098 et
1687 2078 1720 2098 eo
1736 2071 1824 2099 solum

1040 2116 1076 2143 ab
1088 2117 1142 2144 illis
1157 2116 1298 2152 distingui.
1323 2115 1413 2149 Quare
1428 2116 1527 2151 saepius
1538 2123 1594 2143 uno
1605 2123 1712 2144 mecum
1729 2121 1826 2151 reputo

1039 2161 1202 2190 Sallustiana
1215 2162 1260 2189 illa
1269 2169 1331 2189 vere
1338 2169 1419 2189 aurea
1426 2161 1453 2189 in
1465 2161 1598 2196 prommio
1616 2161 1653 2189 De
1662 2161 1824 2196 conjuratio-

1039 2216 1070 2235 ne
1085 2207 1218 2240 Catiline,
1231 2213 1292 2242 quat
1314 2206 1396 2234 veluti
1416 2205 1674 2234 commentariorum
1696 2205 1761 2233 huic
1775 2213 1824 2232 no-

199 2255 226 2282 ol
249 2255 279 2282 δὲ
300 2255 422 2289 τέττιγες
447 2254 518 2281 κατά
546 2255 594 2290 τὴν
611 2254 668 2286 tam
693 2255 746 2281 εἱσι
774 2254 939 2281 λαλίστατοι.
956 2254 990 2281 Et
1005 2253 1025 2281 Il

1073 2262 1100 2283 ro
1115 2255 1219 2282 auctori
1234 2254 1321 2281 lucem
1337 2253 1434 2281 all'erre
1447 2257 1582 2288 possunt:
1597 2252 1693 2281 Omnes
1708 2251 1824 2279 homines

202 2305 267 2328 aute
293 2300 432 2328 Eliauum
460 2301 638 2332 Aristoteles.
672 2299 709 2327 De
738 2301 833 2327 histor.
864 2300 988 2333 enimah,

201 2347 250 2375 lib.
267 2355 304 2381 Iv,
315 2355 377 2383 cap.
388 2347 404 2374 ‘l
419 2356 427 2374 :
444 2346 545 2375 Cicada
560 2348 628 2375 inter
642 2346 708 2378 haec.
727 2351 752 2374 et
769 2347 875 2374 omnino
889 2347 915 2374 in
931 2348 990 2374 ani-

199 2392 315 2420 malium
337 2399 429 2428 genere
449 2401 504 2420 una
529 2402 574 2420 ore
596 2398 667 2420 caret
680 2401 690 2420 :
708 2393 842 2428 prolixum
863 2392 989 2427 quiddam

201 2443 378 2474 compactum,
393 2439 585 2474 indivisumque
608 2440 685 2475 gerit.
698 2439 784 2467 simile
801 2440 839 2466 eis
853 2439 923 2475 quod
938 2439 990 2466 lin-

199 2493 261 2521 gua
271 2485 381 2519 speciem
394 2485 490 2520 refert;
502 2486 530 2512 in
544 2485 577 2513 iis
589 2486 684 2521 quibus
700 2485 806 2513 aculeus
817 2486 845 2512 in
861 2493 906 2513 ore
921 2493 930 2512 :
945 2494 990 2513 eo-

199 2540 250 2566 qua
260 2531 316 2566 ipso
331 2539 418 2558 rorem
429 2531 534 2562 haurit.
547 2531 702 2564 alimentum
714 2540 795 2559 unum
808 2536 833 2558 et
847 2532 988 2566 peculiare.

201 2577 241 2605 De
266 2576 427 2617 cicadarum
447 2576 632 2612 Rhegiuarum
649 2578 760 2606 silentio
783 2578 869 2605 multa
891 2577 989 2606 Strabo

200 2621 373 2658 ntegraphic
384 2621 433 2650 lib.
443 2629 489 2654 vt;
505 2622 625 2654 Solinus.
638 2631 698 2658 cap.
711 2623 738 2655 8,
749 2623 783 2651 de
802 2623 911 2652 silentio
923 2631 990 2651 con-

199 2669 287 2701 venit,
300 2669 335 2697 de
351 2675 436 2696 causa
452 2668 588 2698 dissentit.
603 2668 635 2696 Et
649 2677 683 2697 ex
698 2669 800 2697 Granio
814 2669 848 2696 ad
871 2668 988 2701 fabulas,

198 2719 228 2740 σοι
246 2717 387 2749 poetarum
400 2713 578 2740 deliramenta
593 2714 650 2742 haec
665 2715 774 2749 rcjicit;
789 2722 839 2742 nec
855 2715 882 2742 in
898 2715 990 2742 omni-

198 2760 254 2788 his
264 2767 326 2794 qua:
344 2759 381 2786 ibi
398 2762 492 2786 narrat
514 2767 608 2792 verax,
623 2761 662 2788 ait
683 2761 756 2789 enim
771 2770 778 2788 :
796 2761 905 2788 Cicada:
919 2761 990 2795 apud

201 2804 333 2840 Rhegium
357 2809 448 2837 mute,
468 2812 514 2832 nec
526 2813 640 2841 usquam
657 2806 734 2834 alibi.
752 2805 785 2833 Et
798 2814 861 2834 eum
878 2810 1003 2835 secutus.

198 2850 334 2883 Isidorus,
360 2850 410 2878 lib.
434 2857 491 2882 xu,
508 2857 568 2886 cap.
585 2850 602 2878 8
621 2860 628 2878 :
648 2851 757 2879 Cicada
778 2859 811 2879 ea;
834 2852 989 2879 cuculontm

197 2900 349 2925 ululatur
361 2900 447 2931 sputo.
466 2895 512 2924 ila
525 2896 553 2924 in
568 2893 644 2925 italia
664 2896 737 2934 apud
752 2896 891 2934 Rhegium
907 2900 990 2925 muta

1039 2301 1086 2336 qui
1101 2308 1156 2327 sese
1170 2299 1277 2327 student
1291 2303 1418 2334 prastare
1430 2299 1533 2326 steteris
1549 2298 1738 2329 animantibus,
1749 2305 1824 2324 sum-

1040 2355 1085 2374 ma
1097 2354 1143 2381 ope
1155 2347 1203 2373 niti
1218 2346 1300 2377 decet,
1313 2354 1345 2373 ne
1359 2347 1439 2373 vitam
1463 2345 1569 2372 silentio
1584 2344 1731 2379 transigant
1746 2343 1825 2370 veluti

1040 2401 1146 2427 pecora,
1163 2400 1222 2427 que
1243 2397 1341 2419 natura
1358 2399 1442 2427 prona
1467 2395 1546 2427 atque
1566 2390 1650 2418 ventri
1677 2388 1825 2416 obedientio

1039 2440 1128 2475 ﬁnxit,
1146 2439 1192 2466 sed
1205 2439 1292 2466 omnis
1310 2443 1401 2465 nostra
1415 2438 1454 2465 vis
1470 2437 1497 2464 in
1513 2437 1648 2469 animo,“
1657 2443 1764 2469 corpore
1774 2435 1826 2461 sila

1038 2490 1096 2513 εει..
1115 2485 1206 2512 Animi
1225 2483 1346 2518 imperio,
1365 2483 1484 2518 corporis
1500 2482 1605 2510 servitio
1616 2481 1700 2516 magis
1714 2480 1824 2507 utimur.

1040 2532 1162 2559 Alterum
1182 2530 1257 2558 nobis
1281 2538 1342 2563 cum
1357 2529 1420 2560 diis,
1441 2528 1555 2556 alterum
1565 2535 1624 2554 cum
1642 2526 1735 2554 belluis
1754 2534 1825 2553 com-

1039 2583 1117 2602 mune
1145 2578 1195 2602 est.
1217 2574 1275 2608 Quo
1295 2574 1361 2601 mihi
1380 2573 1476 2600 rectius
1505 2580 1561 2599 esse
1590 2570 1702 2603 videtur,
1728 2570 1826 2605 ingenii

1038 2629 1117 2657 quam
1134 2621 1229 2648 virium
1252 2620 1345 2655 opibus
1373 2619 1486 2655 gloriam
1501 2625 1617 2654 quamn
1632 2625 1641 2644 .'
1657 2621 1683 2644 et
1700 2615 1825 2652 quoniam

1040 2668 1093 2694 vita
1108 2658 1172 2701 ipsa‘
1184 2675 1236 2702 qua
1251 2666 1376 2701 fruimur,
1397 2665 1481 2692 breuis
1492 2668 1542 2697 est,
1558 2663 1712 2691 memoriam
1728 2662 1823 2692 nostri,

1038 2721 1118 2748 quam
1133 2713 1248 2739 maxime
1273 2711 1377 2747 longam
1392 2711 1507 2746 efﬁcere.
1527 2709 1601 2737 Nam
1621 2709 1775 2736 divitiarum
1799 2710 1825 2733 et

1039 2760 1132 2794 forma
1147 2758 1245 2795 gloria,
1261 2758 1346 2792 ﬂuxa,
1362 2761 1439 2791 atque
1450 2757 1556 2792 fragilis
1571 2761 1611 2783 est
1624 2755 1728 2783 :oirtus
1739 2752 1824 2785 clara,

1040 2809 1188 2840 a'tcrrtaqu
1197 2804 1317 2831 Itabetur.
1335 2802 1417 2830 Disce
1430 2807 1470 2834 tu,
1483 2810 1500 2830 o
1524 2801 1606 2830 homo
1618 2799 1773 2827 Christiana
1784 2798 1826 2826 di-

1041 2850 1155 2886 sciplina
1170 2850 1293 2878 imbutus
1303 2855 1319 2876 a
1337 2849 1397 2876 viro
1408 2847 1529 2879 ethnico.
1549 2850 1598 2874 tuo
1611 2845 1713 2876 animo.
1725 2848 1828 2879 tuaque

1040 2896 1157 2931 ratione,
1170 2899 1201 2924 ut
1214 2895 1270 2932 jus,
1287 2894 1383 2932 fasque
1397 2892 1524 2930 requirit,
1539 2891 1597 2926 uti;
1611 2890 1678 2928 quid
1698 2890 1828 2927 maiesta-
