2143 3163
1008 176 1133 206 ιεοκιε
1149 176 1287 205 ΑιιΑτιι

1911 183 1967 212 οει

340 244 396 266 tein
407 243 481 265 tuam
496 237 638 266 vilissimis
654 236 834 265 minantium
856 237 985 266 ductibus
997 246 1130 275 conspur-
1144 240 1167 268 Α
1180 237 1346 270 constantia,
1370 237 1496 269 utilitate,
1523 236 1727 271 pulchritudine,
1755 242 1941 274 ιρι-τριταῖον
1954 262 1963 273 .

339 291 390 312 cas
403 282 572 312 lmdissiaie?
585 282 713 311 llomocs
734 284 768 310 ad
791 284 935 319 superiora
961 284 1125 319 destinatus,

341 336 377 356 Ite
387 333 547 357 contemnas
557 328 630 363 quod
647 328 674 355 in
694 331 720 354 te
733 328 823 355 elucet
837 327 1002 356 Divinitatis.

376 373 457 406 Ibid.,
470 374 520 402 lin.
536 374 562 402 9.
579 374 637 402 Kal.
656 375 818 409 κινούμενα
834 375 966 408 κίνησιν.
984 374 1066 403 Multa
1083 376 1127 403 hic

340 425 452 457 possent
471 421 564 449 alierri
579 421 614 449 de
637 423 741 449 ratione
764 426 856 450 motus
880 423 1048 455 animalium,
1065 432 1127 459 quae

340 467 458 495 facultas
473 468 640 502 requiratur.
657 472 684 495 et
697 468 762 503 quid
785 468 894 496 tandem
920 475 1068 497 concurrat
1092 472 1124 498 ad

340 517 444 540 motum
469 513 543 540 hunc
564 514 778 548 exsequendum,
803 514 849 542 sed
878 522 910 542 ea
935 515 1126 544 subtilioribus

340 559 511 595 philosophis
533 559 667 594 relinquo.
686 559 824 587 Adducam
853 565 944 589 tamen
972 569 1056 590 unum
1083 565 1125 591 vel

340 604 456 632 alterum
476 605 511 633 ad
526 605 608 640 hujus
628 605 682 633 loci
703 606 923 640 explicationem.
940 606 1037 635 Noster
1052 609 1124 635 enim

339 649 500 679 Eustathius
520 658 583 678 cum
606 651 634 679 in
660 651 751 679 verbis
771 653 960 687 superioribus
986 654 1124 681 videretur

339 697 433 724 nescio
444 697 597 732 quomodo,
609 697 731 724 animum
747 698 834 726 brutis
856 699 1062 734 pecudibusque
1075 700 1124 727 de-

339 749 464 777 negasse,
478 746 504 769 et
518 746 623 781 tantum
645 750 756 770 sensum
784 744 838 772 illis
851 745 1020 777 attribuisse,
1040 745 1067 772 in
1081 746 1124 774 bis

338 793 370 815 se
379 787 507 823 explicat,
518 787 552 815 de
562 795 680 823 quonam
695 796 787 817 annuo
798 791 978 825 loquebatur;
990 792 1028 818 ait
1039 793 1122 825 enim,

338 832 467 860 animalia
483 833 551 865 bac,
573 842 634 869 qua:
659 842 771 862 sensum
797 843 850 863 una
876 844 937 864 cum
967 837 1124 866 hominibus

337 885 510 906 communem
526 879 636 912 habent,
649 886 805 909 nontamen
831 882 953 917 ejusdem
977 884 1124 918 perfectio—

337 924 381 952 nis
410 925 543 958 animum,
573 928 665 954 vivere
690 931 718 954 ct
749 929 852 956 moveri
882 937 937 956 non
962 935 1039 957 motu
1067 939 1123 966 quo

337 976 481 999 moventur
496 972 623 1000 homines
633 982 641 1006 ',
652 977 718 1001 tunc
733 974 804 1001 enim
817 980 844 1002 et
859 976 989 1010 aequalem
1002 977 1121 1004 animum

337 1016 543 1051 participareut.
559 1017 629 1044 Cum
650 1018 732 1046 homo
746 1026 800 1046 non
819 1019 986 1054 intelligatur
1004 1028 1121 1055 unquam

336 1062 453 1094 moveri,
468 1063 521 1090 nisi
538 1063 645 1091 ratione
670 1068 696 1091 et
723 1064 776 1092 line
802 1064 892 1099 primo
920 1065 954 1092 ab
983 1066 1121 1093 intellectu

335 1114 386 1142 per
399 1108 555 1135 discursum
568 1109 730 1145 sibimetipsi
745 1111 897 1145 proposito,
914 1112 986 1145 quod
999 1112 1122 1139 animan-

336 1152 413 1180 tibus
423 1154 528 1181 czeteris
543 1155 656 1182 omnino
671 1163 725 1182 non
744 1157 872 1184 convenit
888 1166 894 1184 :
913 1158 972 1192 ipsa
987 1157 1059 1184 enim
1074 1165 1123 1192 ap-

335 1199 420 1233 petitu
448 1203 566 1232 tantum,
587 1205 614 1228 et
642 1200 836 1236 imaginatione
864 1208 1016 1231 moventur.
1043 1203 1121 1236 Quod

335 1244 415 1272 nobis
429 1251 525 1273 auctor
537 1246 636 1279 innuit,
646 1246 711 1273 dum
726 1247 793 1274 dicit
808 1257 814 1275 :
838 1247 902 1275 llaec
925 1249 1052 1276 animalia
1076 1249 1122 1276 ho-

335 1291 408 1318 mine
422 1292 512 1319 minus
527 1291 699 1327 perfectiora,
714 1297 820 1320 naturae
830 1294 855 1320 vi
865 1294 993 1328 quadam,
1007 1295 1121 1329 sangui-

334 1344 370 1365 ne
390 1341 471 1372 atque
489 1345 552 1366 aere
565 1338 719 1373 impellente
736 1339 791 1374 agi.
804 1339 841 1367 De
854 1346 936 1366 causa
953 1344 1043 1366 motus
1061 1340 1120 1366 aui-

334 1385 446 1413 malium
463 1385 634 1416 Aristoteles.
656 1385 704 1412 lib.
721 1394 764 1418 tu,
781 1386 819 1413 De
835 1387 935 1418 anima,
949 1390 1016 1414 test.
1032 1386 1077 1419 68,
1093 1391 1120 1414 et

334 1435 459 1465 aequent.
468 1430 576 1458 Refellit
587 1432 678 1466 itaque
693 1431 735 1459 his
746 1432 837 1460 verbis
847 1439 941 1459 eorum
952 1433 1118 1467 opinionem,

333 1475 381 1510 qui
397 1475 485 1503 brutis
502 1476 616 1503 rationis
630 1475 684 1502 vim
703 1479 731 1503 et
748 1476 904 1504 discursum
925 1477 1118 1505 attribuerunt.

334 1516 515 1557 Porphyrius,
527 1521 573 1549 lib.
590 1529 631 1552 Ill.
647 1521 684 1549 De
700 1523 858 1549 abstinentia
873 1522 906 1549 ab
922 1531 966 1549 esu
986 1523 1117 1554 carnium,

333 1568 442 1599 statuit,
458 1572 581 1595 naturam
592 1568 719 1596 omnibus
735 1569 931 1601 animantibus,
943 1569 1044 1604 quibus
1056 1577 1118 1596 sen-
1131 1589 1152 1616 ε

333 1621 395 1641 sum
412 1618 439 1640 et
456 1614 615 1641 memoriam
626 1613 710 1647 dedit,
726 1614 858 1642 rationem
875 1622 995 1650 quoque,
1016 1615 1071 1642 imo
1090 1618 1117 1643 et

332 1661 494 1692 orationem,
514 1663 569 1686 tam
587 1660 721 1687 internam
731 1668 812 1696 quam
824 1665 964 1688 externam
976 1661 1116 1693 tribuisse,

333 1705 414 1741 idque
428 1706 552 1740 pluribus
567 1706 744 1741 argumentis,
756 1710 783 1733 et
799 1706 980 1742 Empedoclis,
996 1706 1117 1734 Platonis

331 1755 360 1779 et
374 1752 530 1780 Aristotelis
547 1753 628 1780 etiam
643 1753 809 1780 testimoniis
822 1757 939 1780 conatur
960 1753 1114 1781 ostendere.

333 1797 508 1829 Plutarchus.
522 1798 569 1825 lib.
579 1807 593 1826 v
608 1798 647 1825 De
660 1799 778 1833 placitis,
790 1806 849 1834 cap.
862 1799 906 1831 20,
914 1799 1114 1835 Anaxagoram,

331 1848 359 1871 et
375 1843 554 1881 Pythagoram
570 1844 640 1872 idem
656 1845 777 1872 sensisse
796 1849 923 1878 testatur,
939 1846 1039 1879 quibus
1058 1846 1116 1880 ipse

331 1889 496 1926 sull‘ragatur
511 1890 538 1917 in
556 1889 667 1925 Dialogo
678 1898 758 1925 quem
771 1890 919 1925 inscripsit,
935 1890 1012 1923 Quod
1031 1891 1115 1917 brutis

331 1938 401 1965 ratio
418 1937 494 1964 insit.
510 1937 571 1969 Quo
595 1936 662 1971 quid
686 1936 856 1964 absurdius?
878 1936 943 1972 quid
966 1936 1116 1964 insulsius?

330 1983 460 2011 Plurimis
472 1982 623 2011 rationibus
634 1981 707 2009 hanc
721 1982 885 2010 sententiam
905 1982 1034 2010 refellunt
1053 1982 1114 2017 plli-

330 2028 437 2064 losOphi
461 2028 532 2063 apud
550 2027 733 2058 Aristotelem.
750 2028 831 2062 quos,
847 2027 870 2054 si
890 2027 965 2060 libet,
989 2028 1111 2055 consule.

329 2073 414 2101 Nobis
423 2073 465 2101 vel
480 2073 595 2108 hujusce
606 2072 646 2100 rei
658 2072 815 2100 meminisse
829 2073 897 2100 satis
911 2073 956 2099 sit.

364 2118 444 2151 lbid.,
469 2119 517 2146 lin.
547 2119 590 2145 Η.
610 2118 694 2144 ἐστι
716 2117 751 2144 δὲ
773 2118 820 2145 καὶ
843 2118 878 2144 ἐν
899 2117 1010 2151 αὐτοῖς.
1040 2116 1113 2146 Sane

329 2165 513 2202 pulcherrima
525 2169 566 2192 est
577 2165 634 2192 hac
652 2164 789 2200 digressio
806 2164 833 2191 in
849 2172 914 2200 qua,
929 2172 963 2192 ex
982 2165 1110 2192 omnibus

328 2213 410 2241 rebus
422 2220 437 2239 a
455 2211 510 2239 Deo
528 2212 627 2240 creatis
640 2212 669 2238 in
691 2211 744 2239 hoc
764 2211 877 2243 mundo,
894 2216 1022 2238 aeternam
1038 2212 1113 2246 ejus-

1178 292 1225 310 ηπ
1241 291 1318 317 posse
1333 284 1391 319 ﬁeri
1403 284 1467 319 quin
1483 283 1510 310 id
1519 284 1589 319 quod
1600 285 1717 313 mirabili
1733 287 1836 314 ratione
1847 292 1963 320 constat,

1177 329 1292 357 coasilio
1305 330 1402 364 majori
1417 329 1505 365 aliqua
1517 331 1551 357 sit
1566 331 1733 360 instructum.

1212 375 1282 403 Ibid.
1312 376 1360 403 lin.
1387 375 1432 403 28.
1451 376 1513 403 Ποῦ
1527 377 1620 412 λόγος
1631 377 1700 412 ἐρεῖ.
1724 376 1866 406 Rationem
1891 379 1965 407 hanc

1176 421 1248 452 fuse,
1265 420 1500 455 disertissimeque
1516 422 1689 457 prosequitur
1713 422 1866 450 Mcthodius
1879 422 1962 450 Pata-

1177 466 1278 497 rensis.
1294 466 1342 494 lib.
1357 465 1396 493 De
1407 466 1488 494 libe'vo
1500 466 1623 499 arbitrio,
1638 472 1735 496 contra
1744 460 1961 501 Valentinianus,

1175 520 1256 548 quem
1267 513 1339 545 vide,
1349 516 1376 540 et
1386 513 1482 541 Cicero
1490 521 1509 540 ιι
1525 513 1562 541 De
1568 518 1625 541 nat.
1637 515 1754 542 deorum.
1767 514 1844 548 Quod
1855 515 1961 543 Aristo-

1176 559 1255 586 telem
1272 566 1388 594 negasse
1409 558 1492 586 refert
1506 559 1613 588 Atticus
1625 560 1696 595 apud
1710 560 1868 593 Eusebium,
1886 562 1961 597 ’Apt-

1176 604 1305 639 στοτέλης
1326 604 1408 640 μέχρι
1428 604 1541 641 σελήνης
1563 606 1664 641 στήσας
1683 606 1714 632 τὸ
1727 606 1815 638 Odos,
1831 608 1865 634 τὰ
1880 607 1962 636 λοιπὰ

1174 650 1222 677 τοῦ
1237 650 1340 686 κόσμου
1357 651 1521 686 περιγράφει
1531 652 1581 686 τῆς
1590 650 1638 678 τοῦ
1652 651 1719 678 Θεοῦ
1734 653 1871 687 προνοίας.

1210 696 1291 727 lbid.,
1304 696 1352 722 lin.
1370 695 1416 724 to.
1437 695 1523 723 φιλεῖ
1533 695 1590 731 τὰρ
1605 695 1643 723 τὰ
1659 696 1734 731 πρὸς
1748 698 1838 731 τινος.
1853 698 1962 726 Aristo-

1174 743 1253 773 tcles,
1267 742 1324 770 sive
1332 741 1543 777 aliusquispiam
1560 743 1594 770 de
1608 742 1710 770 mundo
1720 742 1753 769 ad
1764 742 1958 775 Alexandrum,

1176 788 1301 823 exemplo
1312 789 1421 821 animat,
1435 795 1496 823 quae
1507 789 1534 815 iu
1550 788 1660 816 homine
1675 796 1729 816 non
1744 783 1878 822 videtur},
1872 793 1899 816 et
1918 793 1961 816 ta-

1175 843 1237 862 men
1262 843 1375 863 necesse
1395 840 1439 863 est
1464 834 1542 863 fateri
1557 836 1659 869 omnia,
1680 843 1740 871 qua
1756 843 1804 871 per
1821 836 1959 864 hominem

1177 880 1245 907 ﬁunt
1260 881 1295 908 ab
1307 881 1352 908 illa
1369 882 1513 916 provenire
1531 881 1638 917 probat,
1654 880 1748 913 Deum,
1763 881 1803 909 vel
1815 882 1906 916 potius
1925 881 1961 909 ad

1139 923 1159 950 Β
1176 925 1223 952 Dei
1238 926 1422 961 cognitionem
1447 933 1498 953 nos
1512 934 1545 953 ex
1568 927 1642 954 illius
1656 927 1784 961 operibus
1798 934 1880 961 posse
1899 934 1961 961 per-

1174 972 1278 1004 venire.
1294 972 1342 1007 qui
1360 973 1411 999 etsi
1433 974 1519 1000 nostri
1532 977 1661 1007 aspectus
1682 972 1766 999 aciem
1784 971 1863 1007 fugit.
1875 972 1904 999 lit
1922 977 1962 999 ta-

1172 1026 1234 1046 men
1251 1019 1319 1054 ipsis
1343 1020 1471 1054 operibus
1492 1019 1655 1054 perspicuus
1678 1024 1706 1046 et
1727 1018 1910 1046 manifestus:
1932 1023 1961 1046 et

1172 1065 1225 1091 hoc
1236 1065 1313 1091 nullo
1329 1065 1411 1092 modo
1425 1065 1523 1092 obesse
1538 1069 1585 1091 aut
1598 1064 1637 1091 illi
1650 1063 1684 1090 ad
1695 1063 1896 1099 agendum,ant
1909 1072 1961 1092 no-

1172 1110 1215 1137 bis
1228 1110 1262 1136 ad
1280 1110 1360 1137 ﬁdem
1376 1110 1451 1138 hisce
1463 1110 1546 1137 rebus
1560 1109 1829 1139 accommodandam.
1840 1110 1895 1136 Kal
1904 1110 1960 1146 γὰρ

1173 1156 1190 1190 ὴ
1202 1155 1286 1191 ψυχὴ,
1299 1156 1333 1183 δι’
1348 1156 1382 1191 ἣν
1398 1154 1489 1191 ζῶμέν
1515 1164 1545 1182 τε
1562 1155 1609 1183 καὶ
1623 1155 1713 1187 πόλεις
1734 1155 1780 1182 καὶ
1795 1155 1884 1187 οἰκους
1899 1155 1960 1191 εχει-

1174 1209 1234 1235 μεν,
1254 1200 1370 1235 ἀόρατος
1391 1198 1458 1227 οὖσα
1477 1201 1533 1231 τοῖς
1552 1200 1641 1235 ἔργοις
1662 1199 1753 1230 αὐτοῖς
1773 1200 1880 1234 ὁρᾶται.
1901 1200 1960 1231 Πᾶς

1171 1246 1225 1281 γὰρ
1244 1247 1259 1272 ὀ
1276 1245 1323 1272 τοῦ
1341 1245 1398 1280 βίος
1417 1245 1563 1280 διάκοσμος
1583 1246 1635 1271 ὑπὸ
1653 1245 1755 1280 ταύτης
1774 1244 1897 1280 εὓρηται,
1913 1246 1960 1273 καὶ

1170 1291 1354 1323 διατέτακται,
1378 1291 1424 1318 καὶ
1445 1291 1595 1326 συνέχεται.
1613 1290 1646 1317 Et
1661 1290 1786 1322 inferius,
1800 1290 1892 1317 Ταῦτα
1905 1291 1960 1326 χρὴ

1170 1338 1217 1364 καὶ
1234 1337 1298 1373 περὶ
1314 1336 1381 1363 Θεοῦ
1399 1336 1571 1369 διανοεῖσθαι,
1589 1336 1703 1372 δυνάμει
1718 1336 1768 1372 μὲν
1785 1337 1862 1369 ὄντος
1882 1337 1960 1372 ισχυ-

1171 1383 1295 1419 ροτάτου,
1309 1382 1401 1409 κάλλει
1411 1382 1439 1408 δὲ
1454 1382 1687 1417 εὐπρεπεστάτου,
1700 1382 1756 1418 ζωῇ
1772 1382 1800 1409 δὲ
1812 1382 1958 1415 ἀθανάτου,

1170 1429 1253 1463 αρετῇ
1267 1428 1296 1454 δὲ
1311 1427 1467 1463 κρατίστου.
1484 1428 1529 1454 Διὸ
1542 1428 1617 1464 πάσῃ
1629 1427 1711 1463 θνητῇ
1724 1428 1803 1461 φύσει
1816 1428 1959 1463 γενόμενος

1169 1474 1325 1509 ἀθεώρητος
1339 1475 1387 1500 ἀπ’
1401 1473 1492 1500 αὐτῶν
1506 1473 1559 1500 τῶν
1577 1473 1665 1509 ἔργων
1679 1473 1832 1509 θεωρεῖται.
1849 1474 1890 1500 Τὰ
1904 1473 1959 1510 γὰρ

1170 1520 1254 1555 «aeq,
1273 1520 1320 1546 καὶ
1331 1519 1366 1546 τὰ
1383 1519 1417 1546 δι’
1431 1519 1511 1553 ἀέρος
1523 1519 1641 1550 ᾶπαντα,
1660 1520 1707 1546 καὶ
1724 1519 1756 1546 τὰ
1773 1520 1818 1546 ἐπὶ
1831 1519 1893 1554 γῆς,
1909 1519 1959 1546 καὶ

1169 1566 1203 1592 τὰ
1217 1566 1246 1592 ὲν
1260 1565 1336 1592 ὕδατι
1349 1565 1416 1592 Θεοῦ
1428 1565 1533 1599 λέγοιτο
1543 1565 1576 1592 ἂν
1588 1565 1672 1597 ὅντως
1682 1565 1750 1600 ἔργα
1762 1564 1841 1598 εἶναι,
1853 1564 1900 1591 τοῦ
1911 1565 1959 1592 τὸν

1169 1612 1271 1647 κόσμον
1288 1612 1441 1647 ἐπέχοντος,
1460 1611 1490 1643 ἐξ
1508 1607 1549 1643 οὗ,
1573 1611 1643 1638 κατὰ
1660 1611 1705 1638 τὸν
1725 1612 1838 1646 φυσικὸν
1858 1612 1959 1646 Ἐμπι-

1168 1657 1273 1692 δοκλέα,

1168 1724 1260 1752 Πάν-θ’
1272 1725 1332 1752 ὅσα
1348 1725 1372 1752 τ’
1391 1723 1441 1760 ἦν,
1457 1724 1515 1753 ὅσα
1535 1726 1559 1752 τ’
1572 1725 1658 1752 ἐστιν
1677 1724 1713 1751 ιδ’
1729 1725 1856 1795 (iaculis
1865 1724 1959 1786 (legat

1841 1768 1863 1786 κ
1877 1768 1898 1786 σ
1921 1769 1956 1791 ω,

1841 1768 1956 1791 κισσω,

1169 1795 1297 1829 Δένδρεά
1311 1796 1335 1821 τ’
1349 1795 1529 1829 ἐϐλάστησε.
1551 1795 1601 1822 καὶ
1620 1795 1726 1829 ἀνέρες
1739 1794 1794 1827 ἠδὲ
1805 1794 1956 1829 ivrgia“

1169 1829 1263 1864 Θῆρές
1278 1831 1302 1857 τ’
1317 1831 1415 1857 οἰωνοί
1434 1839 1475 1862 τε,
1493 1830 1542 1857 καὶ
1554 1829 1806 1864 ὑδατοθρέμμονες
1823 1829 1918 1864 ιχθῦς.

1203 1875 1270 1903 Vide
1281 1876 1362 1903 etiam
1374 1883 1434 1911 qua
1445 1879 1607 1911 sequuntur.

1202 1942 1281 1974 lbid.,
1303 1943 1352 1970 lin.
1367 1943 1411 1970 47.
1435 1942 1637 1978 Evn-mimi
1658 1942 1717 1978 μὲν
1737 1942 1803 1978 γάρ.
1824 1942 1955 1976 Basilius,

1166 1989 1238 2016 hom.
1261 1989 1289 2020 9,
1307 1989 1531 2024 Συναπεγεννήθη
1547 1990 1562 2015 ό
1580 1988 1666 2024 θυμὸς
1679 1988 1719 2024 τῷ
1733 1988 1830 2021 λέοντι,
1852 1989 1884 2015 τὸ
1907 1997 1957 2024 μο-

1165 2035 1291 2062 ναστικὺν
1310 2035 1391 2062 αὑτοῦ
1414 2035 1463 2070 τῆς
1484 2035 1567 2071 ζωῆς,
1590 2035 1620 2062 τὸ
1641 2034 1821 2071 ἀκοινώνητον
1842 2035 1911 2070 πρὸς
1924 2035 1956 2063 τὸ

1164 2080 1309 2116 ὁμόφυλον.
1324 2077 1387 2107 Οἷον
1398 2081 1452 2116 γάρ
1465 2088 1507 2112 τις
1521 2079 1651 2116 τύραννος
1661 2079 1716 2106 τῶν
1731 2079 1834 2114 ἀλόγων
1848 2079 1893 2106 διὰ
1903 2079 1955 2115 τὴν

1165 2127 1197 2152 ὲκ
1213 2125 1320 2160 φύσεως
1333 2125 1496 2160 ὑπεροψίαν,
1512 2125 1561 2161 τὴν
1579 2125 1647 2160 πρὸς
1661 2126 1723 2157 τοὺς
1737 2125 1850 2157 πολλοὺς
1861 2125 1955 2160 ὁμοτι-

1166 2172 1229 2206 μιαν
1246 2172 1277 2198 οὐ
1290 2171 1474 2205 καταδέχεται·
1492 2171 1557 2205 ὅσγε
1570 2171 1630 2197 οὐδὲ
1643 2170 1738 2206 χθιζὴν
1747 2170 1850 2206 τροφὴν
1867 2178 1954 2206 προσ-

1166 2218 1244 2247 ίεται,
1266 2217 1319 2243 οὐδ’
1344 2218 1375 2243 ἂν
1393 2217 1426 2242 τὰ
1442 2216 1554 2250 λείψανα
1569 2216 1617 2250 τῆς
1629 2215 1724 2241 ἑαυτοῦ
1736 2216 1821 2250 Θήρας
1833 2215 1952 2242 ὲπέλθον

327 2259 389 2286 dem
403 2257 450 2285 Dei
464 2258 492 2284 in
505 2257 562 2284 haec
574 2257 704 2284 inferiora
717 2256 916 2291 providentiam
936 2256 1113 2284 validissimis
1129 2266 1149 2293 ι)

1139 2260 1184 2295 )ᾧ
1210 2263 1255 2288 καὶ
1279 2262 1430 2296 τηλικαῦτα
1455 2261 1504 2295 τῆς
1530 2261 1619 2295 φωνῆς
1643 2260 1676 2287 τὰ
1700 2260 1803 2295 ὄργανα
1826 2260 1842 2295 ὴ
1871 2261 1953 2295 φύσις

328 2295 482 2332 rationibus
496 2302 655 2335 conﬁrmat;
669 2306 696 2329 et
706 2309 766 2337 quae
779 2302 825 2328 alii
844 2302 931 2337 longis
956 2308 987 2328 ac
998 2301 1113 2328 divulsis

328 2348 473 2376 verborum
489 2348 648 2379 structuris,
663 2347 707 2383 pie
722 2352 813 2375 tamen
827 2350 1041 2382 pertractarunt,
1055 2347 1113 2381 ipse

326 2395 519 2430 compendiosa
540 2394 658 2430 quadam
684 2399 906 2430 argumentorum
947 2399 973 2421 et
999 2393 1113 2421 demon-

326 2442 489 2469 strationum
518 2441 734 2473 enumeratione,
763 2441 903 2468 succincte
933 2448 965 2467 ac
994 2440 1113 2467 breviter

325 2488 454 2523 explicat.
466 2487 673 2523 Elegantissime
680 2487 733 2514 hoc
741 2491 929 2523 argumentum
936 2486 1113 2522 pertractavit

326 2533 516 2562 Theodoretus
532 2533 626 2562 decem
640 2534 824 2562 sermonibus.
834 2533 924 2566 Quare
943 2533 1111 2568 superﬂuum

325 2580 391 2608 mihi
401 2580 507 2607 videtur
521 2580 566 2606 hic
578 2580 693 2607 aliorum
710 2579 868 2607 testimonia
882 2579 914 2607 ad
933 2580 1003 2607 hanc
1023 2580 1112 2607 nostri

325 2626 446 2654 auctoris
459 2626 622 2654 sententiam
637 2627 804 2661 probandam
816 2626 948 2654 inserere.
957 2626 1111 2662 Adjungam

325 2676 416 2700 tamen
430 2673 476 2700 hic
490 2673 629 2700 corollarii
644 2673 705 2701 loco
718 2673 800 2700 verba
816 2673 952 2701 Lactantii
968 2673 1109 2705 Firmiani,

324 2718 365 2747 De
378 2719 451 2754 falsa
465 2719 600 2754 religione,
617 2726 679 2755 cap.
695 2719 712 2746 2
729 2728 736 2747 ε
755 2718 840 2747 Nemo
856 2724 895 2747 est
910 2721 979 2747 enim
994 2725 1049 2747 tam
1065 2728 1110 2746 ru-

323 2765 377 2798 dis,
389 2770 443 2792 tam
458 2765 522 2800 feris
546 2765 672 2799 moribus,
684 2766 747 2801 quin
764 2766 854 2793 oculos
877 2774 939 2793 suos
961 2767 989 2793 in
1016 2765 1110 2793 caelum

324 2810 428 2843 tollens,
443 2811 548 2839 tametsi
563 2811 661 2838 neseiat
676 2811 753 2846 cujus
766 2811 816 2840 Dei
826 2811 989 2847 providentia
1003 2817 1110 2847 regatur

323 2856 372 2883 hoc
386 2864 471 2888 omne,
485 2856 556 2893 quod
568 2857 694 2889 cernitur,
707 2857 825 2892 aliquant
840 2862 928 2884 tamen
943 2865 999 2884 esse
1010 2857 1109 2884 intelli-

323 2905 369 2937 gat
385 2909 418 2930 ea:
432 2901 490 2937 ipse
505 2910 592 2930 rerum
614 2902 805 2938 magnitudine,
823 2908 906 2937 mola,
924 2903 1106 2938 dispositione,

1165 2307 1301 2341 ἐνέθηκεν,
1321 2308 1390 2333 ὣστε
1417 2307 1501 2332 πολλὰ
1525 2306 1578 2332 τῶν
1597 2305 1684 2337 ζώων,
1703 2305 1904 2341 ὑπερϐάλλοντα
1917 2307 1952 2342 τῇ

1164 2355 1307 2387 mxuma,
1329 2353 1399 2387 μόνῳ
1418 2352 1545 2383 πολλάκις
1562 2352 1719 2379 ἁλίσκεσθαι
1735 2351 1773 2387 τῷ
1785 2351 1950 2388 βρυχήματι.

1168 2398 1271 2424 Similia
1288 2400 1413 2433 leguntur
1425 2398 1495 2432 apud
1509 2398 1593 2424 Eliam
1608 2397 1765 2425 Cretensem
1779 2399 1950 2433 episcopum,

1164 2449 1192 2472 et
1204 2445 1314 2479 Glycam
1333 2445 1378 2471 lib.
1394 2452 1400 2470 ι
1416 2444 1526 2474 Αιιηαι.,
1543 2444 1628 2478 θυμός
1641 2443 1712 2478 apud
1722 2442 1831 2471 Graecos
1846 2447 1952 2471 voxest

1166 2489 1334 2523 πολύσημος,
1357 2489 1470 2523 ideoque
1492 2488 1575 2515 variis
1596 2488 1866 2523 interpretationibus
1883 2488 1951 2516 sub-

1162 2535 1244 2569 jecta,
1263 2536 1378 2561 maxime
1391 2535 1418 2561 in
1434 2535 1483 2561 hac
1495 2542 1524 2561 re
1535 2534 1568 2561 de
1586 2541 1639 2568 qua
1655 2534 1756 2569 agitur,
1768 2540 1863 2562 omnes
1875 2535 1950 2562 enim

1165 2582 1235 2607 leoni
1249 2581 1336 2615 aptari
1353 2588 1432 2615 posse
1447 2580 1680 2613 videntur.Quare
1690 2580 1800 2615 quidam
1819 2579 1949 2614 furorem,

1164 2627 1207 2652 alii
1220 2628 1347 2657 animum,
1362 2627 1439 2657 iram,
1456 2627 1582 2660 furerent,
1594 2626 1704 2661 quidam
1719 2626 1812 2658 etiam,
1828 2626 1949 2653 animum

1163 2681 1326 2706 generosum.
1340 2672 1395 2706 Ego
1404 2674 1493 2706 potius
1502 2673 1680 2705 iracundiam,
1691 2679 1753 2699 cum
1763 2672 1950 2707 generositate

1162 2719 1304 2752 conjunxi,
1324 2723 1352 2744 ut
1370 2719 1423 2745 vim
1448 2718 1547 2745 Graeca
1566 2719 1650 2749 vocis.
1666 2723 1694 2745 et
1710 2718 1797 2745 leonis
1819 2721 1947 2745 naturam

1164 2764 1267 2790 uarius
1288 2763 1464 2797 explicarem.
1488 2763 1587 2796 llorus,
1604 2764 1652 2790 lib.
1669 2771 1698 2795 ιι.
1714 2770 1775 2797 cap.
1794 2763 1843 2796 i7,
1861 2761 1950 2798 littpr

1162 2810 1316 2845 βουλόμενοι
1331 2809 1446 2845 δηλῶσαι
1457 2810 1550 2836 λέοντα
1562 2809 1762 2845 ζωγραφοῦσιν.
1775 2808 1828 2837 Sed
1839 2807 1951 2836 dilileile

1162 2861 1202 2883 est
1236 2863 1346 2882 causam
1374 2856 1563 2891 generositatis
1591 2856 1762 2891 potissimam
1797 2855 1947 2890 explicare.

1161 2902 1303 2933 Martialis,
1321 2902 1366 2929 lib.
1384 2909 1433 2935 ιιι,
1455 2902 1587 2937 epigram.
1603 2902 1636 2930 de
1656 2900 1769 2937 Ligurra
1784 2908 1791 2926 :

1907 3012 1955 3030 ’Τ
