2143 3163
182 179 237 208 933

732 178 765 205 IN
784 177 971 206 EUS’I‘ATHII
991 178 1230 207 HEXAEMERON
1251 179 1366 210 NOTAE.

1760 181 1813 209 9ῧὸ

182 237 354 271 Aristoteles,
371 237 440 272 Περὶ
458 236 633 271 θαυμασίων
649 235 864 270 ἀκουσμάτων-ς
881 234 972 263 Theo-
986 243 1002 271 Α

1022 243 1074 262 non
1101 236 1212 266 resistit.
1235 237 1338 272 pigrior
1363 233 1506 273 clariorque
1529 239 1662 271 materia,
1683 240 1812 267 visibilem

183 284 323 318 phrastus,
340 283 493 318 fragmento
516 282 586 317 Περὶ
607 282 662 308 τῶν
683 281 904 317 μεταϐαλλόντων
922 281 971 313 τὰς

182 329 276 366 χρόας.
301 329 332 356 ὐ
353 328 383 356 δὲ
403 327 533 364 τάρινδος
554 327 584 354 τὸ
608 327 657 363 μὲν
681 327 794 363 μέγεθός
816 328 875 354 ἐστι
899 326 972 354 κατὰ

183 375 257 411 βοῦν,
275 375 307 402 τὸ
325 375 471 411 πρόσωπον
484 374 513 400 δὲ
525 375 617 410 ὅμοιος
633 374 734 409 ὲλάφῳ,
752 373 821 408 πλὴν
838 372 972 400 πλατύτε-

183 428 240 456 ρος,
251 421 352 447 ὡσανεὶ
363 421 394 447 ἐκ
407 419 454 447 δύο
468 420 646 455 συγκείμενος
658 420 790 454 ἐλαφειων
804 419 968 455 προσώπων.

181 465 295 501 Διχηλον
312 465 341 492 δέ
362 466 420 492 ἔστι
440 466 487 492 καὶ
509 467 689 502 κερασφόρον.
709 467 785 501 Ἔχει
798 466 826 492 δὲ
843 466 874 492 τὸ
887 466 969 502 κέρας

180 511 352 545 ἁποφυάδας.
372 510 466 547 ὥσπερ
486 511 517 538 τὸ
532 512 643 547 ἐλάφου,
655 513 702 539 καὶ
717 513 850 548 τριχωτὸν
863 513 920 539 ἐστι
935 512 968 539 δι’

180 557 253 583 ὅλοιν
270 557 334 593 περὶ
349 557 403 592 γὰρ
420 558 451 584 τὸ
472 558 567 585 ὀστοῦν
582 559 716 594 δέρματος
738 559 811 585 ἔστιν
833 559 967 591 ἐπίτασις,

181 603 243 630 ὃθεν
257 605 273 639 ἡ
291 603 412 638 ἔκφυσις.
436 604 473 630 Τὸ
490 604 520 630 δὲ
535 604 622 640 δέρμα
637 605 675 640 τῷ
694 605 776 641 πάχει
797 604 968 632 δακτυλωτόν

180 649 266 682 ἑστιν,
281 649 390 686 ἰσχυρὸν
399 649 428 676 δὲ
439 650 552 686 σφόδρα.
565 650 610 677 Διὺ
623 651 670 678 καὶ
682 650 729 677 τοῦ
739 650 862 687 θώρακος
872 651 969 684 ἐξαυά-

180 693 274 726 ζοντες
291 695 358 721 αὐτὸ
379 695 466 723 ιῶναι.
482 697 598 723 Σπάνιον
613 696 641 723 δι
654 695 685 722 τὸ
702 696 770 728 ζῶον
784 697 831 723 καὶ
845 696 968 730 ὀλιγάκις

181 741 353 776 φαινόμενον.
378 741 528 777 Θαυμαστὴ
551 742 580 768 δὲ
605 742 622 778 ἡ
644 742 789 778 μεταεολὴ.
814 742 862 768 καὶ
883 742 967 776 ἐγγὺς

180 786 319 818 ἀπιστίας.
333 787 396 819 Τοῖς
412 788 462 822 μὲν
477 787 530 823 γὰρ
543 787 634 819 ἄλλοις
645 788 674 814 ὲν
683 787 723 822 τῷ
733 787 848 823 δέρματι
863 788 967 821 γίνεται

179 834 198 868 ἡ
216 832 361 869 μεταϐολὴ,
378 833 571 869 ἀλλοιουμένης
583 834 633 869 τῆς
647 832 721 864 ἔντος
738 833 897 869 ὑγρότητος,
911 833 966 859 εἴτε

180 879 361 913 αἱματώδους,
372 880 397 906 εἰ
412 879 457 906 καί
470 888 542 911 τινος
551 879 635 914 ἄλλης
648 879 776 914 τοιαύτης
788 878 881 914 οὔσης
896 877 966 904 ὦιιτε

1025 282 1134 315 speciem
1147 283 1310 316 coloremque
1324 288 1474 315 commutet,
1498 284 1558 312 licet
1575 285 1662 312 uidere
1669 293 1813 318 corpuscu-

1025 327 1079 354 lum
1100 328 1296 355 choma'lcontit
1319 328 1354 355 ad
1376 329 1475 356 colores
1499 338 1564 364 quos
1589 331 1659 358 ridet
1679 331 1813 366 facillima

1023 374 1188 400 conuersione
1204 373 1315 402 variari.
1332 373 1384 401 Alii
1400 374 1496 402 dicunt
1511 376 1637 411 polypum
1655 381 1683 405 et
1697 377 1813 404 chamae-

1023 420 1151 452 lcnntean.
1167 421 1274 455 aliaque
1291 421 1389 448 similis
1399 426 1504 449 natura:
1519 427 1547 449 ct
1563 423 1666 458 ingenii
1681 423 1811 450 animalia

1023 467 1129 494 colores
1146 467 1207 494 illos
1224 467 1347 498 reddere,
1365 475 1419 494 non
1436 469 1507 502 quod
1520 469 1554 495 iis
1577 470 1666 503 reipsa
1680 469 1810 497 imbuan-

1023 516 1076 542 tur.
1098 511 1145 539 sed
1161 511 1224 546 quia
1241 518 1303 538 cum
1318 511 1436 539 habeant
1451 519 1550 546 corpus
1571 520 1664 540 rarum
1677 516 1704 539 ct
1716 516 1809 540 trans-

1022 558 1146 589 meabile,
1165 565 1213 592 per
1233 558 1259 585 id
1276 563 1406 593 tanquam
1421 566 1469 594 per
1481 560 1580 585 vitrum
1597 564 1748 586 cernuntur
1765 565 1809 586 rc-

1021 612 1082 631 rum
1108 605 1309 638 subjacentium
1335 605 1454 637 colores,
1479 605 1525 640 qui
1543 609 1633 632 tamen
1661 606 1810 632 allucinato

1021 656 1133 686 aspectu
1161 651 1189 678 in
1218 651 1285 686 ipsis
1310 651 1498 679 animantibus
1521 651 1647 679 videnlur
1677 651 1808 682 insidere.

1020 697 1249 732 quemadmodum
1272 701 1300 724 et
1324 699 1424 725 vitrum
1447 698 1530 725 rebus
1549 698 1678 725 coloraIis
1696 698 1810 733 imposi-

1021 747 1078 769 tum
1098 743 1171 778 p‘ugi
1192 743 1300 770 videtur
1311 743 1462 775 coloribus.
1477 743 1523 778 qui
1544 751 1592 778 per
1609 744 1697 778 ipsum
1715 747 1808 770 trans‘

1020 788 1120 815 lucent.
1138 789 1310 820 Aristoteles.
1329 789 1378 816 lib.
1394 797 1426 820 ιι,
1447 788 1485 816 De
1500 789 1564 816 hist.
1592 789 1687 821 anim.,
1702 788 1749 816 lib.
1767 796 1807 820 ιι,

1020 835 1068 866 ait,
1083 834 1305 862 chainaileontem
1329 835 1449 863 colorem
1464 839 1571 862 mutare
1586 834 1718 867 inflatum;
1733 834 1807 870 quod

1019 881 1100 907 etiam
1123 880 1157 907 de
1184 881 1316 916 polypode
1338 881 1407 908 dixit
1430 880 1638 916 Theophrastus
1650 881 1723 908 dicto
1735 881 1807 913 loco.

180 923 301 959 φανερὰν
321 922 388 951 εἶναι
404 924 454 960 τὴν
477 923 659 959 συμπάθειαν·
679 925 696 959 ὴ
720 923 748 949 δὲ
768 923 869 958 τριχῶν
887 931 969 958 μετα·
985 927 1002 953 ι]

1020 929 1049 950 ιιι
1075 924 1139 959 legit
1160 923 1295 952 llcnricus
1320 924 1488 959 Stephanus,
1509 934 1592 961 quam
1615 929 1642 954 et
1666 926 1808 953 meliorem

179 970 245 1005 ϐολὴ
266 969 356 1006 ξηρῶν
367 979 396 996 τε
408 971 502 1001 ὀντων,
518 970 564 997 καὶ
581 969 793 1005 ἀπηρτημένων,
811 970 860 995 καὶ
871 968 967 1003 ἀθρόον

178 1017 210 1042 οὺ
227 1016 387 1050 πεφυκότων
409 1016 592 1047 ἀλλοιοῦσθαι,
620 1015 770 1051 παράδοξος
790 1014 897 1049 ἀληθῶς
922 1014 968 1041 καί

178 1061 310 1092 ἀπίθανος
335 1061 450 1096 μάλιστα
478 1061 546 1097 πρὸς
575 1061 660 1088 πολλὰ
685 1060 885 1095 ποικιλλομένη.
916 1059 965 1086 Ea~

178 1107 240 1135 dem
265 1106 386 1138 Solinus,
411 1115 473 1143 cap.
506 1108 552 1140 33,
577 1108 661 1135 Mittit
675 1112 700 1135 et
725 1107 867 1134 tarandum
890 1105 967 1132 boum

179 1153 370 1188 magnitudine,
387 1154 487 1181 bisulco
504 1155 622 1189 vestigio,
640 1154 751 1181 raritatis
766 1153 901 1184 carnibus,
921 1160 967 1178 ca-

177 1203 231 1232 pite
245 1199 358 1230 terrine,
373 1199 464 1226 ursino
480 1200 577 1232 colore,
592 1203 617 1226 et
633 1199 734 1233 pariter
747 1198 810 1224 villo
823 1197 965 1231 profundo.

179 1243 258 1271 Hunc
273 1244 415 1271 turandunt
429 1245 568 1279 afﬁrmant
591 1245 711 1271 habiturn
727 1248 796 1270 metu
812 1247 928 1274 vertere;
942 1246 967 1268 et

177 1299 237 1317 cum
260 1290 391 1318 delitescit
409 1292 468 1326 ﬁeri
488 1291 633 1318 dissimilem
653 1291 796 1325 cuicunque
818 1289 856 1315 rei
876 1288 968 1323 proxi-

177 1338 297 1370 maverit.
312 1338 366 1365 sive
377 1338 426 1364 illa
440 1345 506 1364 suo
526 1337 587 1365 alba
607 1338 654 1368 sit.
672 1345 716 1364 seu
736 1336 848 1371 fructeta
869 1335 965 1364 virens.

177 1383 229 1410 sive
244 1391 319 1418 quem
334 1383 418 1410 alium
431 1383 538 1409 modum
550 1383 685 1417 praeferat.
704 1380 819 1407 Faciunt
834 1380 882 1406 hoc
898 1379 967 1406 idem

176 1429 204 1454 in
217 1429 285 1455 mari
299 1429 397 1464 polypi,
412 1429 439 1456 in
451 1434 520 1456 terra
533 1428 742 1459 chamizleontes,
755 1428 802 1454 sed
817 1432 841 1453 et
855 1426 966 1460 polypus

176 1480 202 1502 et
216 1476 375 1503 chamaleon
388 1475 482 1510 glabra
499 1479 571 1506 sunt.
590 1479 615 1501 et
627 1475 736 1508 pronius
756 1479 796 1501 est
815 1475 885 1501 cutis
901 1474 967 1501 levi~

177 1527 231 1548 tate
241 1521 422 1556 proximantia
437 1521 568 1547 aemulari.
585 1519 617 1546 In
632 1519 680 1546 hoc
695 1527 790 1546 novum
803 1523 853 1551 est,
872 1523 898 1545 et
912 1519 967 1546 tin—

176 1567 279 1602 gulare,
301 1566 444 1594 Itirtutiam
461 1566 509 1600 pili
525 1565 643 1592 colorum
658 1566 726 1592 uites
747 1565 846 1600 facere.
865 1563 964 1592 Verum

175 1615 214 1647 ὼς
230 1615 259 1641 ὲν
271 1612 428 1649 προσθήκης
441 1612 518 1649 μέρει
535 1619 590 1639 non
615 1612 750 1647 ingratum
776 1611 834 1638 fore
856 1611 965 1638 lectori-

176 1661 228 1688 bus
244 1660 382 1687 existimo.
409 1658 437 1685 Si
463 1665 524 1692 quae
550 1657 632 1691 hujus
658 1658 781 1684 colorum
806 1656 964 1683 mutationis

176 1713 260 1732 causa
282 1705 320 1732 sit
346 1704 553 1739 investigemus.
577 1703 710 1737 Superius
735 1702 809 1729 enim
834 1701 907 1736 quod
936 1701 963 1728 in

177 1750 304 1784 praesenti
326 1750 360 1777 de
381 1749 506 1780 tarando,
533 1748 566 1776 de
591 1747 725 1783 polypode
741 1747 844 1774 dictum
869 1750 922 1778 est.
938 1752 966 1774 et

177 1796 294 1824 inferius
308 1795 342 1823 de
356 1795 553 1822 chamazleonte
568 1794 675 1821 dicetur
689 1801 771 1828 quam
785 1793 963 1820 mutationem

176 1845 275 1876 prater
303 1844 441 1868 tantorum
480 1838 619 1866 hominum
651 1838 841 1865 auctoritatem
872 1845 964 1864 veram

175 1895 248 1920 esse.
265 1890 293 1914 et
315 1886 375 1922 ipsa
398 1885 566 1920 experientia
584 1889 753 1918 compertum
777 1887 830 1911 est.
853 1882 885 1909 Et
910 1883 966 1917 pri-

176 1940 251 1960 mum
268 1932 302 1960 de
317 1932 415 1968 polypo
428 1931 602 1963 Plutarchus,
620 1931 667 1958 lib.
681 1929 718 1956 De
730 1930 818 1957 causis
833 1929 965 1956 naturali-

176 1985 234 2012 ou,
265 1987 326 2015 cap.
356 1980 401 2010 19,
424 1979 473 2010 ait,
493 1978 621 2013 polypum
640 1985 749 2004 carnem
772 1976 964 2007 foraminibus,

175 2025 365 2060 mentibusque
380 2024 567 2058 compluribus
587 2023 743 2050 distinctam
760 2022 870 2054 habere,
888 2021 964 2048 ideo-

175 2078 228 2105 que
251 2070 359 2097 deﬂuxu
377 2075 530 2097 atomorum
548 2077 562 2096 a
580 2069 694 2096 marinis
716 2068 790 2095 saxis
816 2068 849 2094 ad
870 2075 899 2094 se
923 2070 965 2094 at-

175 2122 264 2144 tracto
280 2120 452 2151 receptoque,
468 2116 501 2143 iis
523 2115 695 2149 corpusrulis
715 2114 809 2141 vestiri
830 2118 962 2140 eteorum

176 2163 268 2190 rolore
281 2163 495 2197 circumquaque
510 2161 649 2196 perfundi.
666 2160 698 2188 Et
717 2168 780 2187 cum
795 2160 906 2194 quidam
922 2160 965 2186 di-

175 2214 280 2239 cerent.
294 2215 324 2234 ac
338 2207 483 2242 rejicerent
498 2208 675 2234 mutationem
691 2207 760 2233 hanc
775 2207 800 2233 in
817 2207 962 2241 genuinam

175 2254 322 2290 quamdam
344 2253 470 2280 animalis
486 2254 620 2288 ignaviain
637 2257 664 2280 et
679 2260 818 2288 pavorem,
837 2252 910 2286 qiiod
929 2252 964 2280 de
979 2263 1002 2292 ο

176 2301 368 2328 ειηιιιωιεοιιιε
385 2299 467 2326 etiam
488 2299 636 2326 affirmarat
654 2299 823 2330 Aristotcles,
844 2298 891 2325 lib.
926 2304 962 2329 ιν,

176 2346 216 2373 De
239 2350 309 2380 part.
335 2345 460 2377 animal.,
479 2345 561 2379 capit.
581 2345 623 2372 tl.
651 2345 710 2372 Prae
734 2345 818 2371 nimio
847 2351 964 2379 namque

177 2396 251 2418 metu
276 2391 450 2418 multiformis
467 2390 596 2418 efticitur.
626 2390 698 2418 Idem
724 2389 886 2417 Plutarchus
915 2391 963 2422 ait,

178 2438 305 2473 polypum
323 2444 377 2464 non
400 2436 589 2471 trepidatione,
608 2437 654 2464 sed
671 2445 704 2464 ex
725 2436 860 2464 industria
877 2435 904 2462 id
920 2435 963 2462 fa-

176 2491 249 2515 cere.
271 2487 298 2510 et
323 2483 373 2510 hac
396 2483 547 2510 mutatione
565 2490 597 2508 ac
618 2487 703 2514 veste,
732 2482 814 2509 veluti
841 2482 904 2509 dolo
937 2485 964 2509 et

177 2533 380 2564 stratagemate.
397 2537 451 2556 non
469 2529 631 2556 caventibus
650 2529 764 2556 insidias
780 2533 897 2558 struere.
913 2527 961 2554 ιιι).

176 2583 232 2610 quo
250 2576 360 2604 disserit
382 2576 478 2611 plusne
497 2575 612 2602 rationis
640 2575 705 2603 insit
730 2575 897 2610 aquatilibus
915 2574 963 2600 be-

177 2621 249 2652 stiis,
265 2615 346 2655 quam
365 2621 492 2648 terrenis.
506 2619 545 2646 De
560 2620 755 2647 chamaeleonte
771 2619 841 2646 idem
855 2619 963 2646 Plutar-

176 2666 247 2692 chus
265 2662 376 2696 ibidem.
391 2666 466 2692 illum
479 2665 525 2695 ait,
541 2673 573 2691 ex
591 2668 662 2691 metu
681 2665 788 2692 colores
802 2665 855 2692 sibi
872 2665 964 2699 prori-

176 2719 238 2738 mos
269 2718 475 2746 repnesentare.
505 2711 536 2738 D.
567 2711 744 2746 Augustinus,
776 2711 822 2738 lib.
856 2719 894 2741 XI.
926 2711 964 2736 De

178 2757 319 2789 Trinitate,
346 2766 406 2794 cap.
435 2759 462 2790 2,
490 2766 549 2786 eam
574 2758 697 2785 colorum
729 2758 906 2784 mutationem
936 2758 962 2784 in

176 2803 372 2832 chamteleonte
399 2813 432 2831 ex
460 2805 654 2840 imaginatione
680 2803 754 2830 nasci
785 2807 881 2830 auctor
909 2807 960 2830 est.

183 2848 320 2880 Voluntas,
337 2851 434 2885 inquit,
452 2852 524 2878 circa
540 2850 678 2885 imaginem
701 2850 788 2876 sensui
807 2850 962 2883 impressam

176 2902 279 2924 tantam
299 2897 348 2926 vim
368 2897 455 2926 habet.
476 2901 504 2924 ut
521 2895 543 2923 ιί
559 2893 701 2924 admodum
720 2895 832 2922 riolenta
854 2895 900 2929 sit,
918 2896 963 2922 ubi

1019 967 1161 995 lectionem
1174 976 1237 996 esse
1251 969 1390 1000 existimo,
1402 977 1521 1004 namque
1531 970 1622 1004 potius
1636 971 1735 1005 polypo
1746 978 1807 1006 qua)

1018 1012 1224 1048 Theophrastus
1239 1014 1322 1041 refert
1332 1022 1413 1049 quam
1425 1015 1613 1042 cliatrueleonti
1625 1017 1804 1046 conveniunt.

1017 1060 1142 1093 quamvis
1161 1060 1233 1086 idem
1255 1058 1411 1094 Stephanus
1427 1060 1455 1087 in
1474 1061 1596 1088 melioris
1619 1067 1690 1089 nota:
1710 1063 1807 1089 codice

1018 1104 1173 1139 suspicetur
1193 1105 1348 1140 χαμαιλέων
1368 1105 1452 1134 fuisse
1473 1107 1617 1142 scriptum.
1638 1107 1698 1140 Quo
1715 1108 1807 1135 deleto

1019 1150 1046 1177 in
1061 1150 1121 1184 ejus
1138 1150 1227 1177 lacum
1243 1150 1380 1183 πολύπους
1392 1152 1542 1186 repositum
1561 1153 1612 1185 sit;
1627 1152 1718 1180 liturae
1731 1155 1806 1180 enini

1017 1196 1140 1230 qumdam
1152 1198 1264 1232 vestigia
1277 1198 1304 1224 in
1321 1198 1368 1224 illo
1379 1198 1543 1226 videbamur
1551 1207 1704 1233 superesse.
1716 1199 1807 1227 Theo-

1018 1242 1146 1276 phrastus
1164 1243 1256 1279 itaque
1274 1244 1312 1270 ait
1330 1244 1376 1270 :‘0
1391 1243 1419 1270 δὲ
1434 1244 1571 1276 πολύπους
1586 1245 1661 1271 δοκεῖ
1673 1245 1713 1280 τῷ
1725 1246 1808 1272 πνεύ-

1019 1297 1083 1323 ματι
1098 1290 1185 1315 ποιεῖν
1201 1288 1250 1320 τὰς
1263 1289 1425 1323 μεταϐολάς.
1443 1289 1630 1326 “vappa-nul»;
1646 1290 1700 1326 γὰρ
1715 1290 1805 1325 φύσει.

1017 1334 1134 1368 Σημεῖον
1152 1335 1181 1360 δὲ
1202 1335 1231 1361 τὸ
1250 1334 1298 1362 τοῦ
1320 1335 1475 1371 πνεύματος
1493 1337 1550 1369 (alii
1574 1336 1621 1364 τοῦ
1644 1337 1808 1372 πνεύμονος)

1019 1380 1142 1414 μέγεθος·
1165 1381 1257 1416 σχεδὸν
1275 1382 1329 1417 γὰρ
1345 1382 1378 1408 δι’
1396 1382 1459 1409 ὅλου
1473 1382 1522 1421 τοῦ
1540 1382 1666 1418 σώματος
1683 1383 1805 1410 τέταται.

1019 1426 1094 1461 ’Λμα
1106 1426 1134 1453 δὲ
1145 1427 1191 1453 ναὶ
1203 1427 1375 1462 ὲξαιρόμενος
1386 1427 1466 1460 αὐτὸς
1481 1429 1529 1455 καὶ
1540 1428 1716 1463 φυσσὼμενος
1727 1428 1807 1463 δῆλός

1017 1473 1101 1500 ἐστιν.
1120 1472 1153 1500 Et
1170 1474 1341 1506 Aristoteles.
1358 1474 1398 1502 De
1420 1479 1492 1510 part.
1510 1476 1605 1506 anim..
1628 1476 1675 1502 lib.
1693 1483 1729 1506 ιν,
1741 1482 1806 1510 cap.

1018 1518 1044 1549 5,
1065 1519 1136 1546 idem
1154 1519 1246 1547 refert.
1260 1519 1330 1553 Quid
1346 1520 1412 1548 certi
1433 1521 1460 1548 in
1478 1521 1529 1548 hac
1545 1529 1574 1548 re
1583 1521 1755 1548 statuendum
1769 1522 1808 1548 sit

1017 1563 1128 1592 difﬁcile
1143 1565 1206 1600 quis
1221 1569 1314 1600 posset
1333 1567 1501 1602 excogitare.
1519 1567 1560 1593 vel
1582 1567 1670 1594 solum
1686 1567 1807 1593 auctori-

1018 1613 1070 1640 tas,
1084 1614 1111 1637 et
1127 1611 1148 1636 si
1166 1611 1239 1637 nulla
1255 1615 1327 1638 esset
1345 1612 1426 1644 ratio,
1442 1615 1583 1638 tantorum
1598 1611 1730 1643 virorum,
1744 1614 1806 1636 tan—

1015 1663 1097 1690 quam
1115 1659 1219 1682 certum
1243 1660 1387 1688 statueret.
1408 1656 1542 1691 quidquid
1566 1656 1669 1683 dictum
1691 1661 1744 1684 est.
1767 1656 1807 1684 No

1014 1700 1079 1734 quid
1099 1700 1190 1735 itaque
1204 1704 1295 1727 tantos
1309 1702 1394 1733 viros,
1409 1701 1452 1728 vel
1469 1709 1565 1728 eorum
1583 1703 1732 1729 sententias
1754 1702 1806 1729 in.-

1015 1753 1136 1780 pngnare
1160 1746 1312 1778 videamur,
1330 1747 1402 1773 absit
1422 1747 1485 1779 hoc,
1505 1754 1615 1781 semper
1635 1747 1724 1782 magni
1740 1746 1805 1777 feci.

1015 1798 1122 1826 semper
1137 1792 1287 1819 admiratus
1302 1800 1362 1820 sum
1375 1799 1535 1827 magnorum
1548 1793 1667 1820 virorum
1684 1793 1804 1828 ingenia.

1014 1836 1139 1864 dicamus
1155 1844 1250 1864 omnes
1267 1838 1295 1864 in
1309 1837 1360 1864 hac
1376 1845 1406 1865 re
1421 1845 1501 1865 veras
1514 1845 1670 1869 enarrasse,
1692 1845 1806 1865 causas-

1014 1890 1068 1918 que
1082 1883 1264 1915 certissimas,
1288 1883 1541 1918 concludamusque
1556 1884 1617 1911 ideo
1634 1883 1762 1919 polypum
1777 1888 1806 1910 et

1015 1927 1238 1955 chamaﬂeontem
1255 1927 1364 1956 deﬂuxu
1389 1932 1554 1960 atomorum,
1580 1929 1632 1955 hoc
1654 1933 1706 1960 est,
1723 1928 1805 1963 spiri-

1016 1978 1104 2006 tuum,
1122 1981 1192 2009 quos
1208 1981 1378 2009 unaquaeque
1400 1982 1445 2002 res
1466 1982 1521 2009 pra:
1531 1982 1561 2002 sc
1573 1973 1634 2007 fert,
1655 1979 1728 2002 metu
1747 1974 1805 2001 sive

1015 2019 1089 2051 dolo,
1107 2020 1164 2047 sive
1178 2020 1232 2046 alio
1245 2020 1373 2054 quopiam
1391 2024 1496 2047 natura;
1510 2024 1596 2051 motu,
1612 2028 1659 2055 per
1674 2020 1806 2054 imagina~

1015 2064 1116 2091 tionem
1134 2065 1227 2092 sensui
1245 2064 1418 2099 impressam,
1435 2065 1462 2091 in
1479 2072 1595 2099 corpore
1610 2065 1689 2100 quasi
1713 2072 1804 2098 aereo,

1014 2113 1042 2136 et
1062 2110 1242 2143 translucido.
1258 2114 1285 2137 et
1308 2109 1508 2147 transmeabili,
1525 2110 1640 2144 ideoque
1660 2110 1805 2145 aptissimo

1015 2157 1049 2183 ad
1075 2156 1226 2191 quamlibet
1253 2156 1432 2183 mutationem
1459 2156 1674 2190 suscipiendam,
1707 2163 1805 2183 omnes

1015 2203 1122 2230 colores
1144 2202 1297 2230 admittere.
1316 2202 1375 2229 Non
1389 2202 1480 2229 subito
1498 2202 1598 2228 multas
1612 2201 1700 2227 adhuc
1714 2205 1741 2228 et
1755 2200 1806 2227 dif-

1016 2248 1161 2280 ﬁcultates,
1176 2254 1203 2276 et
1220 2248 1302 2274 dubia
1333 2255 1488 2282 superesse.
1515 2246 1562 2274 sed
1591 2254 1650 2280 quae
1675 2246 1805 2273 facillimo

1015 2295 1124 2330 negotio
1135 2294 1241 2328 possint
1255 2293 1396 2328 explicari,
1406 2293 1446 2319 vel
1455 2292 1512 2319 sola
1521 2292 1572 2318 hac
1586 2295 1679 2318 nostra
1691 2291 1803 2318 conclu-

1015 2341 1103 2372 sione,
1111 2348 1182 2375 quas.
1192 2348 1226 2367 ne
1236 2340 1400 2375 prolixiores
1416 2339 1514 2371 simus,
1525 2337 1688 2369 omittimus.
1703 2337 1749 2364 sed
1761 2342 1804 2364 sat

1015 2387 1041 2413 id
1055 2387 1123 2414 bene
1133 2386 1166 2413 de
1174 2385 1379 2416 chamaeleonte.
1388 2389 1415 2411 et
1426 2383 1523 2419 polypo
1530 2382 1684 2417 dicetquis:
1695 2381 1760 2416 quid
1770 2382 1804 2408 de

1015 2433 1129 2459 tarando
1137 2439 1252 2466 corpore
1260 2432 1389 2459 crassiori
1399 2430 1470 2465 quod
1479 2434 1506 2457 et
1517 2430 1628 2461 mirnm,
1638 2429 1684 2455 sed
1694 2428 1804 2455 mirahi-
1827 2426 1830 2430 ’

1015 2480 1068 2506 lius
1083 2482 1110 2506 et
1118 2479 1202 2505 villo?
1212 2477 1302 2504 dicam
1315 2477 1388 2512 quod
1396 2481 1423 2503 et
1435 2475 1640 2510 Theophrastus
1650 2474 1722 2501 dicto
1733 2474 1802 2501 loco.

1015 2525 1076 2556 Τοῖς
1093 2524 1142 2559 μὲν
1157 2524 1210 2559 γὰρ
1226 2523 1315 2554 ἄλλοις
1334 2523 1363 2549 ὲν
1379 2522 1418 2557 τῷ
1438 2521 1554 2556 δέρματι
1567 2520 1671 2554 γίνεται
1687 2521 1703 2554 ἡ
1722 2528 1806 2554 μετα-

1015 2571 1090 2606 ὗολὴ,
1110 2570 1303 2605 ἀλλοιουμένης
1316 2569 1365 2604 τῆς
1382 2568 1457 2599 ὲντὺς
1471 2567 1628 2603 ὑγρότητος,
1645 2566 1698 2592 εἴτε
1720 2567 1803 2600 αἱμα-

1013 2618 1124 2649 τώόους,
1152 2618 1168 2652 ἢ
1194 2617 1240 2643 καί
1266 2625 1338 2647 τινος
1363 2615 1446 2649 ἄλλης
1460 2613 1587 2648 τοιαύτης
1616 2613 1716 2648 οὔσης·
1734 2613 1804 2638 ὥστε

1015 2664 1134 2699 φανερὰν
1151 2662 1282 2698 εἶναιτὴν
1302 2661 1489 2696 συμπάθειαν·
1512 2661 1528 2695 ὴ
1553 2660 1581 2686 δὲ
1603 2659 1704 2695 τριχῶν
1722 2667 1804 2693 μετα-

1014 2709 1090 2744 ϐολὴ,
1109 2708 1198 2744 ξηρῶν
1211 2717 1240 2734 τε
1255 2708 1339 2734 ὅντων
1351 2707 1397 2732 καὶ
1411 2705 1626 2740 ἁπηρτημένων,
1640 2704 1685 2730 καὶ
1705 2703 1804 2738 ἀθρόον

1013 2756 1044 2782 οὐ
1066 2754 1225 2788 πεφυκότων
1247 2751 1428 2783 ἀλλοιοῦσθαι,
1448 2751 1598 2786 παράδοξος
1614 2749 1731 2784 ἀληθῶς,
1757 2749 1804 2775 καὶ

1014 2801 1144 2832 ἀπίθανος
1161 2799 1276 2835 μάλιστα
1292 2798 1360 2833 πρὸς
1373 2796 1458 2823 πολλὰ
1473 2796 1675 2831 ποικιλλομένη.
1686 2794 1806 2827 Quidni?

1015 2847 1073 2874 Non
1091 2853 1188 2873 vereor
1204 2846 1230 2872 id
1247 2845 1325 2871 fateri
1339 2843 1424 2870 Deum
1445 2842 1546 2878 aliquid
1563 2849 1644 2877 posse
1661 2845 1804 2875 prmstare.

1015 2895 1094 2931 cujus
1113 2901 1163 2929 ego
1175 2899 1275 2920 causas
1288 2899 1343 2920 non
1356 2897 1492 2925 aSscquar.
