2143 3163
325 180 381 220 939

998 184 1123 214 LEONIS
1139 179 1276 212 ALLATII

1904 178 1960 207 οιο

362 246 444 280 lbid.,
469 246 518 274 lin.
544 246 571 275 ο.
591 245 638 279 Ὠς
670 244 869 273 ἀπώαλοῦσα
893 245 978 279 πρός.
1002 244 1119 272 Amissis
1133 240 1208 275 Αδιδ

1114 252 1119 271 ι
1133 246 1156 275 Α
1168 240 1214 269 διὰ
1224 240 1255 268 si)
1269 239 1381 277 Θαρῤιῑν
1392 239 1430 272 ὡς
1443 239 1550 275 ἔχοντες
1561 236 1584 274 ᾧ
1596 238 1755 275 ἀμύνονται.
1770 237 1837 272 Qu:
1853 238 1890 265 ita
1905 240 1960 266 La-

324 295 398 322 enlm
410 292 541 321 euntibus
555 290 730 320 solitudinem
745 293 842 326 petunt
850 294 877 318 et
887 290 946 318 loca
958 290 1117 324 inaccessa;

324 345 411 374 quare
435 337 462 365 id
485 339 567 372 agant
588 336 658 363 varii
679 335 755 362 varie
777 334 959 362 tradiderunt.
977 334 1118 369 Oppianus

328 386 444 418 Κυνητ,
457 391 474 410 ιι
491 384 523 410 ad
539 382 670 417 pudorem
684 381 767 409 refert
782 390 789 408 :

325 439 486 475 Κεύθονται
500 437 624 475 δ’ἒαὺτοι
637 436 782 475 πυμάτας
798 434 934 475 λασίοισι
946 443 981 475 ξε
996 434 1118 469 θάμνοις

325 473 481 508 Αιδόμεγοι
498 473 626 507 θήρεσσι
644 471 778 508 καρήατα
796 471 859 508 τοῖα
878 471 1011 508 par-ﬁrm

326 505 443 544 Γυμᾶιὰ.
459 508 495 535 td
509 505 553 534 τόι
565 506 743 542 προπάροιθε
757 506 904 540 perrich
917 505 1063 539 ἀείροντο.

327 565 490 593 Aristoteles
504 568 595 591 tamen
615 570 677 590 cum
693 562 755 591 aliis
772 561 895 589 eamdem
912 568 993 596 quam
1011 561 1055 588 hic
1069 568 1119 588 no-

327 615 385 639 ster
401 614 497 638 auctor
510 616 622 637 causam
638 607 726 640 all'ert,
747 607 861 634 nimium
878 607 943 641 quia
963 613 1118 634 muscarum

327 662 449 683 morsum
478 657 614 686 metuunt,
632 660 692 688 qua
716 652 823 680 radices
854 660 987 679 cornuum
1010 656 1119 679 teneras

327 702 407 730 facile
421 701 606 737 perforarent,
620 707 683 726 cum
700 705 809 726 summo
823 700 917 725 eorum
935 697 1039 725 dolore.
1053 698 1119 724 Item

326 747 390 782 quia
403 754 458 773 non
469 746 597 776 habeant,
609 752 662 779 quo
675 751 704 772 se
719 744 754 771 ab
770 744 831 771 aliis
847 743 911 771 feris
924 744 1121 778 propugnando

326 791 487 822 defendant,
505 790 543 817 De
564 790 628 817 hist.
656 790 751 821 anim..
768 789 815 816 lib.
841 797 879 820 Ix.
898 796 959 824 cap.
975 789 1014 816 5:
1036 789 1121 822 Quasi

327 837 396 864 enim
413 845 462 863 sua
480 836 599 862 amiserit
617 843 704 867 arma,
725 838 798 861 cauet
818 842 850 861 ne
873 835 981 861 inermia
1005 834 1121 868 reperia-

328 887 382 909 tur.
409 880 442 907 Et
463 880 580 907 inferius
602 888 608 906 :
634 879 766 906 Amittunt
787 878 899 913 singulis
919 879 998 905 annis
1018 886 1120 905 cornua

328 935 416 955 manu
426 926 532 961 Aprili:
545 934 605 960 qua
620 933 679 952 cum
695 925 844 955 amiserint.
856 924 989 951 occultant
1002 932 1029 951 se
1044 925 1125 951 inter-

328 970 386 1005 diu,
403 977 432 999 ut
447 973 566 1006 superius
582 971 650 1002 dixi.
666 970 745 1005 idque
765 971 853 1005 opacis
874 970 977 1002 faciunt
1001 969 1077 1001 locis,
1093 974 1123 996 ut

329 1027 482 1047 muscarum
504 1018 582 1045 mdia
597 1022 697 1044 uacent.
723 1016 755 1044 Et
781 1017 829 1044 lib.
854 1016 924 1050 Hspl
949 1015 1124 1050 θαυμασίων

327 1064 543 1100 ἀκουσμάτων,
565 1064 599 1092 de
620 1064 709 1091 cervis
734 1063 860 1090 Achaicis
881 1062 973 1089 ;Φασι
996 1070 1068 1093 τινες
1094 1062 1123 1088 ὲν

335 1111 432 1147 ’Δχατᾳ
444 1110 499 1137 τῶν
515 1110 633 1145 ἐλάφων,
653 1109 716 1136 ὅταν
732 1109 888 1136 ἀποϐάλωσι
901 1109 936 1135 τὰ
955 1107 1066 1143 κέρατα,
1083 1108 1124 1139 εις

327 1157 441 1189 τούτους
459 1157 523 1188 τοὺς
541 1156 639 1189 τόπους
655 1156 792 1192 ἔρχεσθαι,
808 1155 879 1182 ὥστε
901 1155 938 1190 μὴ
959 1155 1057 1190 ῥᾳδίως
1076 1154 1123 1180 εὐσ

330 1203 452 1240 ρεθῆναι.
462 1203 547 1230 Τοῦτο
554 1203 582 1229 δὲ
591 1204 677 1229 ποιεῖν
685 1203 728 1230 διὰ
736 1202 765 1229 τὸ
780 1202 817 1237 μὴ
834 1201 916 1237 ἔχειν,
926 1198 947 1234 ᾧ
955 1200 1122 1235 ἀμύνωνται,

330 1250 378 1276 καὶ
386 1249 468 1276 διὰτὸ
483 1250 574 1276 πονεῖν
583 1250 647 1281 τοὺς
661 1249 772 1280 τόπους,
781 1247 842 1274 ὅθεν
854 1247 889 1273 τὰ
906 1247 1009 1282 κέρατα
1019 1244 1123 1272 ἀπέϐα-

328 1295 384 1322 λον.
399 1295 433 1322 Et
447 1294 668 1330 Theophylactus
685 1293 838 1321 Simocatus
851 1293 878 1320 in
890 1292 988 1326 Quiut.
1004 1290 1122 1318 natural.

330 1339 349 1368 Β
363 1347 370 1367 :
390 1338 466 1366 Οἶδεν
482 1340 498 1374 ὴ
513 1340 621 1374 ἔλαφος,
638 1337 843 1374 ἀποκειραμένη
858 1338 892 1365 τά
912 1337 1026 1373 κέρατα,
1042 1336 1124 1364 ἀσθε-

330 1375 464 1421 νισθέρανί
483 1385 533 1421 τὴν
563 1385 643 1421 φύσιν
668 1384 818 1419 ἀμύνεσθαι
847 1384 911 1415 τοὺς
938 1383 1122 1419 λυπήσαντας.

331 1430 436 1459 οὐκοῦν
459 1431 664 1467 ἀποκρύπτεται
690 1428 735 1457 οἷα
761 1429 931 1466 στρατιώτης
955 1438 998 1461 τις
1026 1429 1125 1461 ἄοπλος

332 1476 425 1509 δεδιὼς
447 1477 678 1512 παρατάττεσθαι.
706 1477 761 1504 Καὶ
790 1477 885 1513 πόρρω
907 1471 958 1504 που
983 1477 1125 1513 ἀπόμαχος

331 1521 401 1550 εἶναι
425 1523 595 1558 βουλόμενος,
621 1523 687 1559 πρὸς
711 1524 758 1550 ἐπὶ
777 1523 882 1555 τούτοις
903 1523 982 1558 ὰλγετ
1002 1523 1033 1550 τὸ
1057 1523 1125 1556 ζῶον

331 1569 382 1604 τὴν
405 1570 478 1605 κάρα
500 1569 653 1596 δεινότατα.
682 1568 798 1600 Plinius.
827 1569 874 1597 lib.
905 1577 964 1601 vni,
984 1577 1045 1604 cap.
1066 1569 1122 1597 3‘2:

1168 287 1226 314 tine
1239 285 1372 321 expressit
1390 284 1497 313 Plinius
1513 295 1520 313 :
1540 284 1691 318 Erumpunt
1708 288 1796 312 autem
1817 292 1962 311 renascen-

1169 333 1239 361 tibus
1264 331 1398 359 tuberibus
1421 332 1508 366 primo
1529 331 1616 359 aridte
1636 332 1703 358 cutis
1724 330 1834 358 similia.
1859 329 1961 358 Eadem

1169 379 1263 406 teneris
1287 379 1436 405 increscunt
1462 377 1554 412 ferulis
1578 377 1738 404 arundinem
1763 377 1791 403 iit
1811 376 1961 411 particulas

1169 426 1243 452 molli
1265 425 1386 460 plumata
1407 425 1540 459 lanugine.
1561 423 1687 457 Quandiu
1698 428 1788 450 carent
1809 423 1853 456 iis,
1874 423 1962 449 nocti-

1169 472 1217 498 bus
1234 470 1378 505 procedunt
1397 471 1432 496 ad
1446 469 1556 504 pabula,
1582 469 1755 496 incretcentia
1777 469 1841 496 salis
1866 476 1962 502 vapore

1169 519 1278 548 durant,
1302 516 1336 543 ad
1359 516 1465 543 arbores
1484 515 1595 543 subinde
1608 516 1779 549 experientes,
1799 515 1842 541 ubi
1857 515 1961 548 placuit

1169 563 1251 590 robur
1265 563 1290 589 in
1306 567 1397 596 aperta
1417 561 1557 596 prodeunt.
1573 560 1627 589 Sed
1646 560 1725 589 nrfas
1747 564 1790 588 est
1813 561 1857 588 hic
1875 561 1961 588 omit-

1169 612 1228 635 tere
1250 608 1278 635 in
1305 607 1426 642 subjecta
1448 607 1561 634 materia
1577 607 1690 634 verbum
1708 606 1872 638 Aristotelis.
1887 606 1962 642 quod

1171 653 1278 688 magnis
1299 653 1366 679 viris
1383 652 1521 686 negotium
1542 651 1698 682 lacessisse.
1712 659 1746 679 ex
1760 659 1856 679 eorum
1872 653 1961 681 inter-

1170 698 1369 734 pretationibus
1399 697 1572 724 manifestum
1603 701 1654 724 est.
1688 698 1733 724 Ait
1768 697 1962 727 Aristoteles:

1172 744 1242 779 Ἤδη
1259 743 1287 770 δὲ
1315 744 1440 779 εἴληπται
1454 742 1567 778 άχαίτης
1586 743 1684 778 ἔλαφος
1702 743 1749 770 ἐπὶ
1764 744 1817 770 τῶν
1839 745 1964 781 κεράτων

1170 789 1230 826 ἕχον
1247 790 1338 816 κιττὸν
1352 789 1437 815 πολὺν
1453 788 1593 823 πεφυκότα
1610 789 1724 825 χλωρὸν,
1739 789 1777 822 ὡς
1791 790 1903 818 ἁπαλῶν
1917 791 1964 818 ὃν·

1170 844 1223 864 των
1237 836 1292 862 τῶν
1307 835 1429 870 κεράτων
1443 834 1592 870 ὲμφύοντα,
1609 834 1704 870 ὥσπερ
1717 835 1747 861 ὲν
1766 834 1836 869 ξύλῳ
1851 835 1963 872 χλωρῷ.

1171 882 1334 910 Theodorus
1349 881 1422 908 Gaza
1443 881 1480 907 ita
1495 880 1576 907 vertit
1589 889 1597 907 :
1615 880 1715 914 Captus
1734 880 1794 915 jam
1809 889 1898 909 cereus
1912 887 1964 914 eat.

1140 928 1161 954 Β
1175 929 1297 955 hederam
1313 928 1369 955 suis
1383 931 1489 954 enatam
1501 925 1624 953 cornibus
1636 934 1727 961 gerens
1739 926 1859 958 uiridem,
1867 932 1921 955 etc.
1931 927 1965 955 Et

1175 973 1280 1000 Plinius
1292 972 1344 999 hoc
1361 971 1432 999 idem
1446 975 1556 999 vertens
1568 980 1576 998 :
1587 969 1715 1006 Captique
1718 971 1777 1006 jam
1790 977 1852 999 sunt
1866 973 1966 1000 hedera

1175 1020 1202 1047 in
1218 1018 1339 1046 cornibus
1354 1018 1485 1046 viridante
1497 1025 1530 1045 ea:
1541 1018 1635 1044 attritu
1655 1018 1780 1045 arborum
1790 1024 1819 1045 ut
1835 1019 1863 1046 in
1874 1020 1966 1055 aliqua

1175 1065 1246 1101 ligno
1260 1065 1366 1096 teneris,
1381 1065 1445 1091 dum
1460 1065 1631 1098 experiuntur
1643 1063 1746 1091 innata.
1760 1064 1808 1091 Sat
1823 1065 1892 1093 bene
1905 1073 1967 1093 oin-

1175 1112 1232 1142 nia.
1249 1109 1362 1147 quidni?
1380 1109 1497 1137 Mentem
1522 1109 1679 1138 Aristotelis
1708 1110 1805 1145 habeo,
1820 1112 1900 1146 plana
1924 1113 1968 1139 vi-

1175 1156 1276 1184 dentur
1286 1163 1351 1184 esse
1369 1156 1470 1184 omnia.
1482 1154 1583 1183 Verum
1606 1155 1672 1191 quid
1698 1158 1734 1183 sit
1760 1157 1875 1193 ἀχαίτης
1899 1158 1966 1185 illud

1177 1209 1259 1230 cervo
1275 1202 1396 1229 additum
1410 1201 1530 1229 nondum
1546 1201 1635 1229 video.
1656 1201 1733 1235 Quod
1749 1210 1812 1230 cum
1827 1204 1968 1238 posuisset

1176 1248 1335 1276 Arismteles
1346 1268 1353 1280 ,
1375 1248 1536 1283 interpretes
1552 1248 1611 1276 sine
1626 1248 1741 1276 inscitia;
1761 1253 1824 1276 nota
1839 1250 1969 1278 omittere

1177 1294 1289 1321 minime
1314 1293 1476 1320 debuerunt.
1500 1292 1553 1320 Sed
1577 1293 1787 1322 modestissimis
1800 1295 1876 1322 hisce
1900 1295 1970 1324 viris

1176 1338 1278 1374 aliquid
1292 1339 1498 1366 condonandum
1512 1344 1564 1367 est.
1575 1338 1646 1372 Quid
1662 1341 1866 1368 oculatissimus
1876 1340 1970 1370 Julius

1179 1382 1312 1418 Scaliger,
1329 1391 1408 1418 quem
1431 1383 1498 1410 nihil
1512 1385 1640 1419 praeterit.
1657 1389 1684 1412 et
1703 1385 1730 1412 in
1745 1392 1809 1420 quo,
1824 1387 1846 1413 si
1868 1393 1970 1414 conce-

1177 1428 1226 1456 das
1248 1436 1357 1456 errores
1382 1433 1410 1457 et
1435 1429 1548 1464 lapsus.
1572 1429 1689 1465 de'ejus
1713 1431 1794 1458 etiam
1825 1431 1971 1460 divinitate

1177 1475 1272 1502 tollere
1296 1482 1408 1502 necesse
1432 1480 1484 1507 est,
1508 1483 1558 1502 nec
1581 1475 1773 1511 dedignabitur
1795 1477 1878 1505 etiam
1908 1478 1971 1513 ipse

1177 1519 1341 1555 quandoque
1368 1525 1454 1548 semet
1481 1521 1618 1549 hominem
1641 1529 1703 1550 esse
1728 1523 1817 1550 fateri.
1844 1523 1971 1560 Scaliger

1178 1566 1269 1600 itaque
1285 1565 1458 1593 Aristotelem
1473 1567 1511 1593 ita
1529 1566 1609 1593 vertit
1626 1566 1708 1594 :lam
1722 1576 1782 1596 vero
1802 1575 1894 1604 captus
1909 1579 1970 1597 σενα

331 1613 429 1642 Latent
441 1615 547 1642 amissis
564 1615 632 1641 velut
648 1615 770 1642 inermes.
784 1614 835 1642 Sed
856 1621 882 1642 et
898 1615 925 1642 hi
940 1615 1007 1642 bona
1023 1623 1071 1642 ιιιο
1085 1616 1127 1642 in-
1141 1606 1161 1635 (ἶ
1178 1619 1224 1638 ναί
1237 1615 1276 1637 εει
1295 1618 1386 1646 ςενηιι
1401 1611 1428 1637 ἱη
1445 1611 1568 1638 conti“!
1584 1617 1688 1639 enatam
1711 1613 1832 1641 hederam
1854 1615 1969 1642 multant

331 1661 456 1688 videntes.
484 1661 620 1694 Elianus,
647 1661 694 1689 lib.
721 1669 746 1688 Vl
777 1661 815 1688 De
835 1661 928 1690 histor.
953 1662 1049 1693 anim.,
1064 1669 1124 1696 cap.

331 1707 359 1740 5.
375 1706 469 1735 eadem
484 1708 577 1735 refert.
595 1707 671 1734 Multi
699 1709 782 1735 etiam
807 1714 920 1735 causam
944 1715 1028 1741 quare
1053 1707 1126 1735 cervi

332 1760 437 1780 cornua
454 1753 569 1780 latenter
585 1753 733 1784 dimittant.
751 1753 793 1780 vel
809 1757 910 1780 terram
931 1753 1065 1780 fodientes
1080 1760 1127 1780 0c-

330 1799 446 1831 cultent,
464 1799 672 1834 investigarunt.
697 1799 803 1828 Plinius
817 1800 850 1827 ad
867 1799 997 1827 invidiam
1016 1800 1125 1831 retulit;

332 1845 378 1872 cui
392 1845 531 1873 consentit
556 1845 694 1877 Elianus.
721 1846 768 1873 lib.
795 1854 842 1877 ιιι,
860 1853 920 1881 cap.
943 1846 1002 1873 t7:
1023 1843 1083 1872 οἶδε
1098 1845 1127 1871 δὲ

333 1889 380 1917 καὶ
397 1889 494 1924 ἔλαφος
508 1889 539 1916 τὸ
558 1889 645 1922 δεξιὸν
666 1890 749 1924 κέρας
762 1890 832 1925 ἔχων
848 1890 887 1921 εἰς
906 1889 991 1916 πολλὰ
1013 1889 1126 1923 ἀγαθὸν,

332 1935 380 1962 καὶ
389 1935 478 1970 μέντοι
490 1935 649 1970 κατορύττει
658 1936 724 1962 αὐτὸ
734 1936 780 1962 καὶ
789 1935 960 1970 ἀποκρύπτει
971 1934 1069 1969 φθόνῳ,
1079 1934 1127 1961 τοῦ

334 1981 372 2017 μὴ
384 1980 510 2007 τοσοῦτον
522 1981 571 2015 (ita
585 1981 658 2008 enim
672 1981 791 2015 corrigo)
801 1980 862 2008 τινὰ
877 1979 1128 2008 ἀπολαῦσαιπιιεο-

332 2027 463 2063 phrastus
477 2026 547 2060 Περὶ
555 2025 614 2052 τῶν
625 2025 795 2060 λεγομένων
803 2025 881 2056 ζώων
891 2025 1024 2060 φθονεῖν,
1034 2030 1127 2060 aperte

333 2071 360 2099 id
376 2074 456 2106 negat
472 2078 528 2098 non
544 2074 650 2098 tantum
670 2071 698 2098 in
720 2071 819 2103 cervis,
835 2071 883 2099 sed
900 2075 927 2099 et
950 2071 977 2098 in
994 2072 1055 2099 aliis
1069 2072 1127 2098 ani-

332 2116 462 2148 malibus.
477 2124 538 2152 quae
549 2124 592 2144 res
606 2117 666 2144 aliis
678 2117 759 2145 utiles
771 2117 814 2145 vel
827 2117 998 2146 abscondunt
1011 2118 1051 2146 vel
1065 2125 1127 2145 cor-

332 2165 475 2197 rumpunt.
490 2161 608 2189 Tantum
622 2162 694 2190 enim
706 2163 744 2190 ait
761 2162 812 2190 hoc
828 2163 1032 2191 existimatione
1042 2163 1126 2190 homi-

333 2214 399 2235 num
418 2206 487 2234 falsa
509 2207 644 2235 accusari.
663 2207 700 2234 Ea
723 2215 842 2243 namque
866 2210 983 2237 naturali
1006 2210 1124 2245 quodam

333 2252 475 2284 instinctu.
500 2253 558 2280 sive
585 2254 665 2280 etiam
687 2254 835 2289 aliquando
860 2255 959 2283 timore
980 2255 1007 2283 id
1033 2264 1123 2292 agere,

332 2306 451 2334 quorum
468 2304 559 2326 tamen
571 2299 704 2326 rationem
722 2307 772 2327 nos
790 2301 934 2335 nequimus
950 2301 1073 2330 reddere.

370 2343 451 2376 Ibi.l.,
485 2345 534 2371 lin.
551 2346 594 2372 13.
620 2345 675 2372 Καὶ
701 2346 814 2378 νυκτὸς
836 2346 966 2381 νέμεται.
990 2347 1128 2381 ΑΕΙὶαιιιιε,

334 2388 383 2416 lib.
395 2397 434 2421 Vt,
447 2397 507 2425 cap.
519 2391 536 2417 5
547 2400 554 2418 :
566 2391 697 2425 Λέγονται
718 2392 747 2419 δὲ
764 2393 811 2419 καὶ
822 2393 1012 2427 φυλάττεσθαι,
1025 2395 1130 2430 μήποτε

334 2435 389 2470 ἄρα
413 2438 519 2471 νεαροῖς
541 2435 615 2463 οὖσιν
639 2438 729 2465 αὐτῶν
747 2440 804 2470 τοῖς
819 2438 920 2471 ἕλκεσι,
936 2437 995 2466 εἶτα
1014 2440 1129 2475 προσπί-

335 2489 441 2509 πτουσα
455 2482 472 2517 ἡ
487 2482 566 2514 ἀκτὶς
585 2484 678 2519 πρὶνῆ
697 2485 828 2519 παγῆναι,
845 2485 893 2512 καὶ
912 2486 975 2517 τοὺς
993 2486 1129 2521 καλουμέ-

335 2535 399 2559 νους
426 2528 553 2564 χόνδρους
583 2529 686 2556 λαεεῖν.
706 2530 773 2556 Ἦδε
802 2531 852 2566 ¹τὴν
876 2531 964 2566 σάρκα
991 2532 1130 2569 ὐποσήψῃ.

337 2573 510 2606 Aristoteles,
525 2574 573 2601 lib.
590 2582 617 2601 ιι
639 2574 676 2602 De
689 2575 753 2602 hiat.
767 2577 860 2608 anim,
876 2583 938 2611 cap.
954 2576 970 2603 5
985 2586 992 2604 :
1010 2576 1131 2604 Pascun-

339 2623 382 2645 tar
395 2627 441 2653 per
456 2619 483 2646 id
497 2625 598 2655 tempus
613 2626 691 2647 noctu
704 2620 785 2648 donec
805 2622 932 2656 recipiant
947 2630 1059 2655 cornua.
1071 2631 1129 2658 qua

338 2664 453 2698 primum
479 2665 557 2700 quasi
583 2670 641 2692 cute
663 2667 757 2693 vestita
771 2672 795 2693 et
811 2666 969 2694 hirtiuscula
987 2669 1130 2700 emittunt;

338 2708 384 2736 sed
398 2718 458 2736 cum
477 2710 602 2738 creverint
623 2711 675 2738 soli
695 2706 845 2746 exponunt,
861 2717 889 2738 ut
912 2718 1092 2748 excoquuntur
1104 2717 1131 2740 et

338 2755 450 2783 nictent.

372 2800 454 2834 lbid.,
465 2801 514 2830 lin.
526 2803 570 2831 l5.
584 2803 758 2838 Βουλομένη
772 2802 807 2830 δὲ
817 2802 984 2839 δοκιμάσαι.
996 2804 1131 2832 Aristotle.

341 2846 381 2874 les
395 2846 494 2876 ibidem
507 2857 514 2876 :
531 2849 615 2876 Ὅταν
628 2848 656 2876 δὲ
670 2849 769 2885 μηκέτι
787 2848 889 2876 πονῶσι
905 2849 972 2885 πρὸς
985 2849 1020 2876 τά
1033 2849 1130 2885 δένδρα

340 2890 473 2927 κνώμενοι
488 2894 566 2928 αὐτὰ,
580 2895 640 2922 τότε
654 2895 811 2923 ἐκλείπουσι
825 2895 889 2927 τοὺς
902 2895 1003 2928 τύπους
1016 2894 1129 2928 τούτους

1178 1655 1297 1690 viridem,
1311 1656 1387 1691 quasi
1401 1664 1459 1691 qua:
1473 1664 1530 1683 cum
1546 1657 1641 1684 tenella
1661 1664 1758 1691 essent,
1777 1659 1870 1687 inuata
1886 1661 1970 1695 fuerit

1178 1707 1304 1736 tanquam
1323 1703 1350 1729 in
1374 1702 1468 1729 arbore
1487 1702 1576 1730 viridi.
1601 1702 1639 1731 Ne
1662 1704 1719 1731 hilo
1730 1705 1839 1740 quidem
1857 1708 1968 1736 melius.

1177 1747 1272 1774 Adhuc
1284 1755 1383 1776 nomen
1394 1748 1509 1784 ἀχαιτης
1523 1749 1617 1777 nescio
1632 1758 1685 1786 qua
1697 1752 1801 1779 ratione
1811 1754 1968 1788 explosum.

1178 1793 1244 1827 Quae
1258 1794 1592 1830 nesciaspraatermittere.
1611 1796 1662 1824 Sed
1677 1797 1829 1831 videamus,
1844 1800 1909 1835 quid
1925 1801 1969 1828 in-

1178 1840 1269 1868 nuerit
1291 1839 1460 1868 Aristoteles.
1477 1840 1527 1868 Diu
1546 1841 1574 1869 in
1588 1849 1619 1869 ea
1635 1841 1673 1870 fui
1689 1844 1834 1876 sententia,
1856 1844 1918 1872 loco
1934 1845 1971 1873 il-

1178 1885 1231 1913 lius
1259 1886 1457 1914 restituendum
1486 1895 1549 1915 esse
1577 1888 1723 1924 Ἀχαῖκὸς,
1751 1890 1903 1923 Achaicus.
1933 1899 1967 1919 es

1179 1931 1282 1959 Achaia
1300 1932 1420 1968 regione,
1432 1933 1485 1961 nisi
1499 1932 1526 1960 id
1539 1933 1610 1961 idem
1624 1934 1795 1962 retinendum
1811 1940 1885 1964 esset
1896 1944 1968 1964 nova

1178 1976 1294 2012 quadam
1315 1977 1477 2005 formatione
1496 1978 1633 2014 ’Δχαϊτης,
1650 1987 1684 2007 ex
1698 1979 1816 2012 Achaia.
1833 1981 1971 2010 Aristote-

1178 2023 1286 2057 lemque
1296 2022 1416 2051 locutum
1431 2023 1465 2051 de
1479 2031 1561 2052 cervo
1577 2029 1656 2060 capto
1667 2025 1792 2054 videlicet
1811 2027 1838 2054 in
1852 2027 1969 2056 Achaia.

1178 2067 1363 2096 Conflrmabat
1379 2076 1465 2096 meam
1481 2071 1642 2098 sententiam
1657 2071 1728 2098 idem
1736 2071 1968 2109 Aristoteles,qui

1178 2115 1270 2143 libello
1283 2115 1353 2150 Περὶ
1366 2117 1539 2151 θαυμασίων
1553 2117 1751 2153 ἀκουσμάτων
1763 2119 1790 2146 in
1804 2119 1908 2147 Achaia
1925 2122 1968 2149 di-

1177 2162 1216 2187 cit
1245 2167 1351 2193 cervus,
1377 2161 1487 2188 amissis
1511 2161 1649 2194 cornibus,
1673 2162 1835 2192 solitudines
1862 2168 1966 2200 petere.

1177 2205 1246 2233 Φασὶ
1258 2205 1287 2232 δέ
1302 2215 1379 2238 τινας
1394 2207 1424 2233 ὲν
1445 2206 1539 2243 ’Δχαῖᾳ
1561 2207 1616 2234 τῶν
1632 2208 1749 2242 ἐλάφων,
1771 2217 1851 2244 quem
1875 2210 1967 2238 locum

1178 2251 1304 2286 superius
1320 2251 1533 2287 exscripsimus.
1556 2252 1593 2280 ibi
1616 2253 1687 2280 enim
1714 2254 1806 2282 subdit
1825 2263 1832 2281 :
1851 2255 1968 2288 Πολλαῖς

1176 2297 1205 2324 δὲ
1223 2298 1317 2325 κισσὸν
1340 2298 1528 2333 ἐπιπεφυκότα
1550 2299 1579 2325 ὲν
1599 2298 1639 2334 τῷ
1665 2299 1720 2326 τῶν
1745 2300 1868 2336 κεράτων
1889 2301 1966 2338 τόπῳ

1173 2344 1298 2379 ὁρᾶσθαι.
1317 2343 1380 2372 Haec
1401 2348 1491 2372 tamen
1514 2353 1564 2373 nec
1578 2345 1673 2378 dubio,
1688 2354 1739 2374 nec
1759 2347 1899 2374 hominum
1917 2356 1968 2376 ει-

1174 2389 1333 2424 spectationi
1342 2385 1510 2417 'videbantur
1521 2391 1598 2421 satis.
1612 2399 1674 2419 cum
1686 2391 1775 2419 adhuc
1788 2397 1860 2419 esset
1875 2392 1967 2420 incer-

1175 2439 1232 2461 tum
1260 2442 1296 2462 an
1324 2434 1359 2462 de
1380 2436 1470 2464 cervis
1497 2435 1625 2466 Achaicis
1653 2437 1819 2472 loqueretur.
1846 2445 1966 2473 quorum

1174 2481 1250 2508 nulla
1260 2481 1331 2508 facta
1346 2482 1493 2514 mentione,
1507 2483 1555 2511 sed
1572 2483 1714 2511 aliodncto
1729 2484 1864 2519 principio
1876 2484 1965 2514 dicit:

1173 2526 1288 2558 Πολλαϊς
1304 2526 1332 2553 δὲ
1346 2527 1439 2554 κισσὸν
1453 2528 1649 2564 ἐπιπεφυκότα.
1665 2529 1718 2558 Sed
1729 2538 1758 2558 re
1769 2531 1867 2558 melius
1876 2532 1968 2567 inspe~

1174 2576 1217 2599 cta
1234 2572 1473 2608 considerataque,
1499 2576 1537 2603 ita
1558 2576 1648 2603 locum
1665 2575 1818 2604 Aristotelis
1831 2578 1964 2606 restituo:

1176 2618 1246 2654 Ἤδη
1262 2618 1289 2645 δὲ
1304 2619 1429 2654 εἴληπται
1449 2621 1547 2656 άχαῖνὴ
1569 2622 1677 2657 ἔλαφος,
1697 2622 1738 2650 vel
1756 2622 1879 2659 άχαῖνης,
1891 2625 1966 2659 quod

1174 2668 1202 2692 et
1217 2665 1325 2693 melius.
1351 2665 1429 2694 Libet
1452 2668 1525 2695 enim
1547 2676 1658 2696 cervum
1674 2668 1748 2696 hunc
1766 2668 1804 2696 ita
1818 2670 1966 2704 appellare,

1175 2710 1246 2745 quod
1262 2709 1420 2747 Elymologo
1435 2711 1571 2742 referente
1588 2714 1661 2742 circa
1684 2713 1842 2742 Acbeinam
1857 2715 1965 2748 urbem.

1175 2756 1233 2784 sive
1262 2757 1344 2784 etiam
1370 2758 1519 2793 regionem,
1545 2760 1601 2787 sint
1622 2767 1721 2795 genera
1743 2767 1885 2788 cervorum
1907 2768 1968 2788 nua-

1175 2809 1301 2836 gnorum,
1326 2803 1442 2838 ideoque
1463 2812 1559 2832 cervos
1579 2806 1616 2832 ita
1641 2810 1773 2832 vocatos:
1796 2806 1933 2841 ’Λχαιῖνὲα
1947 2807 1966 2843 η

1175 2846 1283 2882 ἔλαφος,
1305 2849 1513 2882 Ἀπολλώνιος...
1526 2852 1561 2887 ἦν
1575 2852 1599 2878 τ’
1618 2852 1740 2888 άγρῶται
1753 2853 1892 2888 ἀχαιινέην
1913 2861 1968 2879 κα-

1177 2893 1283 2922 λέουσιν
1294 2895 1347 2924 ἁπδ
1365 2896 1515 2932 ’Δχαιῑνέας
1533 2898 1647 2932 πόλεως,
1665 2900 1695 2927 ἒν
1710 2896 1727 2933 ᾖ
1746 2899 1801 2933 εῑδη
1818 2900 1887 2927 εἰσιν
1901 2898 1968 2927 ἰλά-
