2143 3163
190 203 240 233 illi

641 201 674 231 IN
695 202 883 232 EUS‘I‘ATllll
903 201 1141 232 IIEXAEMEBON
1162 201 1279 231 NOTIE.

1761 203 1813 232 9H

189 273 248 301 φων
277 266 410 302 μεγάλων.
439 265 471 294 Rt
495 265 666 298 Aristoteles.
697 266 744 293 lib.
767 272 787 292 ιι
813 265 852 293 De
876 265 974 293 histor.
991 271 1013 298 Α
1028 273 1088 297 nua.
1106 273 1206 297 cervus,
1220 265 1312 296 dama.
1331 269 1356 292 et
1371 264 1451 300 paulo
1469 270 1530 300 post
1547 274 1552 291 :
1570 264 1744 298 Quamobrem
1759 265 1814 298 pul-

187 312 313 345 aniiast..
330 320 390 348 cap.
412 312 456 344 l5.
485 311 604 347 Αχαῖνάς
619 312 774 347 appellavit.
796 312 857 338 Τῶν
871 312 899 339 δὲ
916 312 975 340 tu.

188 366 246 393 φων
267 360 295 385 αι
324 359 434 394 ἁχιιῖναὶ
457 357 622 393 καλούμεναι
644 358 767 385 δοκοῦσιν
796 357 868 394 ἔχειν
892 359 921 385 tv
945 359 978 394 τῇ

188 405 280 441 κίρκῳ
307 405 409 440 χολήν,
431 410 508 440 quos
534 403 656 439 Scaliger
679 405 708 432 in
735 413 762 432 Ia
777 401 844 432 'vult
868 409 979 434 vocatas

187 450 311 486 ἁχαῐτας.
337 449 425 483 Quam
450 454 524 478 recte
547 451 661 478 aliorum
687 454 748 478 esto
769 451 915 485 judicium.
938 449 977 479 Ex

187 495 334 524 Aristotele
358 496 510 532 Antigonus
536 496 677 533 Carystius
705 497 732 524 in
760 496 859 524 lirab.
881 505 890 525 :
918 497 978 524 Τῶν

186 541 215 569 δὲ
233 542 340 576 Non"
354 543 418 574 τοὺς
436 543 575 578 ἁχαιτνους
593 543 775 579 καλουμένους
795 544 883 571 δοκεῖν
896 545 925 571 ιν
943 538 987 580 ’νῆ’

185 587 279 624 ιιιριιιρ
289 588 338 624 τὴν
349 588 430 625 χολὴν
446 589 527 624 ἔχειν.
546 589 662 618 Dubium
687 594 776 617 tamen
795 597 875 618 omne
897 590 978 618 solvit

187 633 259 662 idem
283 635 437 670 Antigonus
451 656 459 668 .
487 636 570 664 verba
603 637 763 665 exscribens
783 637 947 664 -Aristotelis
967 645 976 666 :

187 679 258 716 Ἤδη
279 680 309 708 δὲ
324 681 478 717 ,διειλῆφθαι
504 683 629 718 ἁχαιῖνην
649 683 746 718 ἔλαφον
762 682 852 710 κιττὸν
865 683 978 718 ἔχουσαν

185 726 232 753 ἐπὶ
244 726 298 753 τῶν
310 727 443 764 κεράτων,
460 728 497 760 ὡς
512 727 545 755 ἂν
561 728 683 765 ὲνύγρων
698 729 793 756 ὄντων.
806 729 896 762 Quare
909 730 978 756 scri-

185 771 304 800 bendum
322 774 459 806 existimo,
472 774 523 809 ἠδη
539 775 567 801 δὲ
587 774 714 810 εἴληπται
727 775 852 811 ἁχαιῖνης
867 775 975 809 ἔλαφος,

184 821 212 845 et
227 820 405 855 reddendum.
418 821 482 848 lant
493 830 552 849 vero
567 826 659 856 captus
670 826 709 848 est
731 821 860 849 aclteinea
876 830 975 850 cerrus.

219 865 300 899 lbid.,
313 867 361 894 lin.
376 867 419 894 l9.
436 867 514 902 Πρὸς
536 867 570 894 δὲ
590 867 627 895 τὰ
651 867 800 902 (Simiam.
818 868 977 896 Aristotcles

184 912 280 940 eodem
297 912 357 940 loco
373 922 380 939 :
396 911 471 940 Cervi
487 913 570 940 morai
587 913 626 940 vel
641 921 658 940 a
675 913 816 948 phalangt'o
836 913 875 940 vel
886 921 902 940 a
915 922 977 948 quo-

184 957 223 985 uis
239 958 339 992 generis
355 958 482 991 ejusdem.
495 966 606 985 cancros
619 959 710 985 edunt.
725 958 802 991 Quod
813 958 882 985 idem
893 959 974 985 etiam

184 1001 286 1029 homini
309 1003 433 1037 prodesse
456 1008 587 1038 putatur;
609 1003 654 1031 sed
681 1012 732 1031 non
758 1009 829 1031 caret
853 1003 972 1038 fastidio.

184 1047 360 1082 Plutarchus,
373 1050 393 1077 Ι.
414 1051 527 1085 Πότερα
538 1049 598 1077 τῶν
608 1049 695 1084 (ibam,
714 1050 850 1079 Nicander
864 1051 891 1078 in
909 1050 975 1078 Tlte-

183 1094 277 1128 riuia.
290 1093 430 1131 Oppianus
447 1097 558 1131 Κυνηγ.
574 1103 593 1124 ll
609 1106 616 1125 :

183 1150 283 1187 Λρτὰρ
298 1150 325 1183 ὃ.
340 1150 494 1187 firmam
507 1152 610 1179 θεόθεν
625 1152 715 1186 τόπερ
734 1152 847 1187 ἔλλαχε
867 1151 972 1187 δῶρον,

184 1185 287 1222 Πάντῃ
298 1187 441 1222 μαστεύει
455 1186 602 1221 δνοφερὸν
615 1185 757 1222 ποταμοῖο
765 1185 898 1222 ρέέθρον.

183 1220 286 1258 ῃῖθσν
299 1220 479 1258 “patriciae
494 1220 528 1248 δὲ
541 1220 645 1258 φίλαις
658 1220 799 1257 τέιρνεσὶγι
814 1220 974 1258 δὰμάσσας

184 1255 343 1291 Φάρμακον
356 1255 571 1283 αὑτοδίὅαλιτὸν
583 1257 646 1292 ἔχει
661 1255 875 1293 ἐτολυπιζμονὸς
888 1255 972 1292 time.

183 1319 346 1348 Adnotanda
368 1320 494 1349 videmur
512 1323 643 1349 nonnulla
657 1323 691 1350 de
706 1325 807 1356 cervis.
825 1325 853 1352 iu
870 1325 972 1360 quibus

184 1371 310 1394 auctores
333 1367 476 1395 dissident.
504 1368 668 1397 Aristotcles
696 1369 744 1398 lib.
778 1377 828 1397 vni
867 1370 970 1398 lliuor.

183 1415 280 1447 cum,
296 1420 357 1449 cap.
372 1413 423 1448 98;
445 1412 555 1447 Strabo,
571 1414 688 1447 Plinius,
705 1415 819 1449 Seneca.
832 1416 970 1450 Lucanus.

183 1459 348 1494 Antigonus,
369 1460 523 1488 Herodotus
540 1460 708 1496 Melpomene
723 1469 778 1489 uno
792 1470 839 1490 ore
854 1462 972 1491 fatentur

183 1507 212 1533 in
235 1506 317 1542 Libya
336 1514 425 1541 neque
446 1513 556 1534 cervum
578 1515 666 1543 neque
683 1515 779 1543 aprum
800 1508 885 1536 ullum
898 1516 969 1538 esse.

181 1550 324 1587 Oppianus
340 1551 439 1579 Africae
457 1552 565 1585 tribuit.
581 1553 628 1580 lib.
653 1561 672 1580 ll
695 1555 807 1589 Κυνηγ.
819 1553 972 1583 Commune

183 1598 211 1625 id
227 1598 324 1626 habuit
342 1605 405 1625 cum
421 1597 546 1634 Virgilio.
565 1598 612 1634 qui
629 1599 675 1626 lib.
691 1603 738 1627 iet
754 1607 790 1632 iv,
809 1599 923 1628 Eneam
941 1601 969 1628 in

182 1644 274 1672 littore
289 1644 389 1672 Africa!
406 1653 501 1673 cervos
516 1645 675 1681 agitantem.
688 1650 715 1673 et
729 1647 906 1682 conligentem
925 1646 967 1674 fa-

181 1689 232 1722 cit,
247 1693 275 1716 et
289 1696 351 1716 cum
364 1689 530 1717 Philostrato
545 1691 687 1718 Albericus
703 1692 822 1726 gentilis.
836 1692 883 1720 lib.
910 1691 970 1719 Vir-

181 1735 230 1770 gil.
242 1735 314 1766 lect..
334 1743 361 1763 c.
382 1735 409 1769 8,
425 1736 564 1762 existimat
578 1735 720 1771 Virgilium
741 1744 803 1764 cum
820 1745 916 1765 cervos
940 1738 968 1765 in

181 1781 274 1808 Africa
293 1782 396 1816 posuit.
416 1786 539 1809 secutum
557 1789 618 1809 esse
641 1781 773 1809 Timaeum
793 1783 967 1816 historicum.

181 1827 262 1862 cujus
289 1827 361 1854 baud
384 1827 530 1856 mediocris
553 1828 701 1856 auctoritas
715 1833 767 1856 est.
791 1828 824 1856 Et
840 1828 970 1857 Brodaeus

181 1873 277 1905 tradit.
293 1873 341 1902 lib.
360 1873 507 1901 Miscellun.
524 1881 585 1906 vni.
598 1882 658 1910 cap.
677 1875 720 1907 l5.
735 1875 816 1903 Italos
829 1883 844 1902 a
864 1884 893 1904 sc
906 1875 970 1903 Gal-

183 1921 280 1956 losque
301 1920 347 1956 qui
366 1921 481 1948 inissent
504 1921 531 1947 in
550 1920 642 1948 Africa
663 1921 841 1949 barbarorum
858 1922 968 1957 captivi,

182 1974 215 1994 ea
229 1967 264 1994 de
278 1974 308 1994 re
319 1967 500 2002 interrogatos
513 1973 586 1999 esse,
598 1974 630 1994 ac
646 1968 831 2002 respondisse.
841 1968 867 1995 in
876 1968 969 1995 Africa

181 2019 279 2040 cervos
293 2020 323 2040 se
337 2013 440 2040 vidisse
456 2013 615 2047 permultos.
631 2012 747 2047 Quidam
767 2014 849 2041 etiam
872 2022 905 2042 ea
923 2022 971 2042 ve-

181 2057 325 2085 natoribus
342 2058 379 2084 ita
398 2057 539 2093 Virgilium
553 2058 699 2086 defendere
713 2059 763 2087 visi
777 2064 856 2093 sunt;
873 2068 969 2095 nempe

181 2102 258 2130 Illum
281 2103 400 2130 locutum
425 2103 510 2132 fuisse
529 2112 577 2140 per
599 2105 832 2140 anticipationem,
854 2106 968 2141 liguram

181 2147 270 2184 poetis
289 2147 462 2177 familiarem.
480 2151 579 2178 Dicunt
601 2151 684 2182 enim.
703 2158 798 2178 eorum
810 2152 856 2187 qui
874 2152 900 2179 id
920 2161 969 2180 ne-

180 2198 282 2229 garunt
294 2201 353 2220 aevo
371 2202 468 2223 cervos
488 2197 579 2224 nullas
598 2197 624 2223 in
641 2197 731 2224 Africa
751 2197 847 2231 fuisse,
863 2197 970 2234 Virgilii

180 2242 272 2267 autem
287 2244 366 2267 aetate
384 2239 439 2276 jam
453 2242 563 2270 aliunde
579 2243 707 2271 advectos
719 2243 870 2276 exstitisse,
888 2245 970 2272 adeo-

1029 310 1089 337 cltrs
1105 319 1121 337 ιι
1136 310 1264 337 veteribus
1278 310 1376 337 dicitur
1390 310 1455 342 illis.
1467 312 1512 344 qui
1527 319 1636 337 causam
1650 319 1697 336 cur
1713 310 1813 336 diutius

1029 357 1140 389 vivatur,
1157 356 1227 391 {eilia
1248 357 1405 384 vacuitatem
1428 364 1483 384 esse
1504 357 1588 389 aiunt,
1610 361 1764 392 argumento
1784 364 1816 383 ea:

1028 402 1173 435 solipedum
1194 409 1380 436 cervorumque
1403 408 1493 436 genere
1508 401 1620 428 deducto
1641 408 1651 428 :
1671 401 1726 428 ha-c
1746 402 1816 428 enim

1027 452 1052 474 et
1074 447 1135 482 felle
1153 452 1258 479 vacant,
1281 452 1307 474 at
1329 448 1375 474 diu
1395 448 1492 475 bibunt.
1515 447 1619 475 Plinius
1636 448 1683 476 lib.
1701 454 1738 478 xl.
1753 455 1814 483 cap.

1027 494 1072 527 37.
1088 494 1160 529 quod
1175 495 1209 522 de
1219 494 1343 522 Achaino
1357 494 1416 522 solo
1432 494 1590 522 Aristotcles
1609 506 1615 522 ε
1635 495 1694 529 ipse
1707 494 1742 522 de
1755 501 1816 521 om-

1028 539 1111 566 nibus
1127 539 1228 566 tradit:
1242 539 1311 566 Sunt
1337 540 1384 574 qui
1405 547 1470 574 equo
1485 548 1536 566 non
1549 539 1653 574 quidem
1676 540 1703 566 in
1727 539 1815 574 jccore

1026 593 1093 618 esse.
1113 585 1161 612 sed
1178 586 1207 613 iu
1222 586 1280 614 alvo
1297 592 1398 621 putent.
1413 593 1438 614 et
1453 595 1525 615 cervo
1544 588 1571 614 in
1587 586 1673 613 cauda
1687 591 1733 612 aut
1748 586 1815 612 inte-

1027 632 1117 660 stinis.
1134 633 1239 660 Plinius
1259 634 1371 667 ibidcm.
1395 635 1524 662 intestina
1546 641 1688 662 cervorum
1708 635 1812 659 tantam

1027 679 1128 707 habere
1144 680 1226 707 tradit
1239 681 1462 713 amaritudinem,
1479 685 1507 708 ut
1532 688 1547 707 a
1564 681 1678 707 canibus
1701 686 1756 706 non
1774 681 1813 704 at-

1027 724 1178 760 tingantur.
1197 725 1358 753 Aristoteles
1370 747 1378 758 ,
1397 725 1434 753 De
1455 726 1517 753 hist.
1543 726 1624 752 anim.
1641 724 1687 752 lib.
1708 731 1739 757 ii,
1751 730 1811 758 cap.

1030 769 1073 801 15.
1095 777 1126 797 ea
1154 771 1260 801 scribit.
1276 778 1291 798 a
1306 771 1422 798 canibus
1446 779 1501 798 non
1524 770 1632 806 attingi,
1647 770 1700 797 nisi
1715 776 1814 796 cervus

1027 815 1192 852 praepinguis
1218 816 1265 843 sit.
1284 816 1392 844 Falsum
1410 817 1436 844 id
1462 824 1523 844 esse
1538 816 1714 851 experientia,
1727 818 1754 842 et
1768 822 1814 842 ve-

1027 867 1137 889 natores
1154 862 1263 895 docent,
1279 863 1325 898 qui
1349 867 1428 898 capto
1443 870 1522 890 cervo
1541 864 1569 890 in
1585 869 1689 889 morem
1714 861 1814 888 habent

1027 906 1087 942 ejus
1099 907 1260 937 visceribus.
1274 909 1423 939 intestinis.
1434 913 1461 936 et
1473 908 1605 943 sanguine
1616 914 1698 934 canes
1710 906 1812 934 cibare.

992 943 1205 984 BAristoteles.
1232 953 1271 981 De
1290 954 1353 981 nisi.
1383 955 1466 982 anim.
1493 955 1541 981 lib.
1568 960 1604 986 tv.
1627 961 1686 988 cap.
1704 954 1812 984 ultimo.

1026 997 1133 1026 Generis
1148 1001 1244 1027 cervini
1256 1000 1355 1034 femina
1366 1009 1494 1028 cornuum
1508 1002 1592 1034 inops,
1607 1000 1751 1035 mutilaque
1762 1003 1812 1030 est.

1024 1048 1052 1072 et
1071 1044 1107 1072 De
1121 1050 1191 1080 part.
1208 1047 1291 1073 anim.
1305 1047 1352 1074 lib.
1370 1055 1412 1077 ιιι.
1424 1055 1484 1081 cap.
1501 1046 1524 1078 Ι,
1538 1047 1704 1081 Quapropter
1716 1046 1743 1072 in
1756 1053 1813 1072 cer.

1024 1099 1115 1118 parum
1133 1100 1234 1127 genere.
1249 1101 1308 1119 cum
1320 1092 1436 1119 maribus
1454 1101 1554 1120 cornua
1571 1092 1749 1126 aint,feminis
1766 1091 1814 1118 tle-

1023 1142 1102 1169 sunt;
1118 1144 1144 1165 et
1168 1139 1250 1173 hujus
1276 1139 1302 1166 in
1317 1140 1411 1166 eodem
1436 1140 1524 1174 capite
1548 1139 1680 1166 rationem
1707 1137 1810 1166 subdit.

1023 1183 1118 1218 Pollux
1136 1184 1275 1213 Onomaat.
1294 1186 1341 1213 lib.
1358 1195 1385 1219 v,
1405 1187 1459 1212 τῶν
1480 1186 1586 1220 ἐλάφων
1605 1186 1712 1220 ἄκερως
1727 1185 1743 1216 ἡ
1758 1181 1813 1210 Θεί-

1023 1229 1091 1257 λεια’
1113 1231 1127 1258 ό
1143 1230 1167 1257 δ’
1190 1231 1278 1267 ᾶρῤην
1297 1232 1454 1267 κεροφόρος,
1479 1232 1495 1267 ἢ
1518 1232 1664 1267 κεράστης.
1692 1231 1745 1257 Alii
1770 1230 1812 1257 le-

1024 1276 1106 1303 minis
1133 1283 1237 1304 cornua
1268 1277 1425 1304 tribuerunt
1450 1286 1457 1304 :
1483 1276 1617 1303 Pindarus
1647 1277 1751 1312 Olymp.
1782 1276 1810 1306 5.

1023 1321 1195 1357 χρυσόκερων
1209 1322 1308 1356 ἐλανρον
1331 1321 1449 1358 θήλειαν.
1466 1322 1648 1350 Callimachus
1668 1321 1762 1357 hymn.
1783 1321 1811 1348 in

1022 1366 1135 1395 Dianam
1148 1375 1210 1394 cum
1229 1368 1264 1396 de
1279 1369 1370 1397 cervis
1388 1368 1496 1396 feminis
1514 1369 1682 1404 loqueretur.
1694 1366 1812 1403 κεραίων

1022 1412 1044 1440 6‘
1058 1413 1236 1450 ἀπελάμπετο
1247 1414 1357 1451 χρυσός.
1371 1414 1421 1443 Ubi
1439 1415 1604 1443 Scholiastes
1617 1415 1668 1442 hoc
1682 1418 1810 1450 tanquam

1023 1466 1122 1486 novum
1142 1463 1237 1493 notat.
1269 1461 1430 1497 σημείωσαι,
1458 1461 1558 1496 inquit.
1581 1461 1621 1488 ὅτι
1638 1460 1687 1492 τὰς
1702 1460 1811 1495 θηλείας

1022 1503 1137 1538 ἐλάφους
1151 1505 1351 1542 κιρατοφόρους
1363 1504 1434 1532 εἶπε.
1455 1505 1525 1539 Quid
1551 1506 1595 1533 hic
1612 1506 1769 1533 adnotarent
1782 1505 1810 1532 in

1023 1553 1097 1576 tanta
1115 1558 1207 1578 rerum
1227 1551 1355 1579 inscitia?
1374 1551 1501 1579 Solemne
1513 1552 1565 1579 hoc
1581 1551 1631 1578 l‘uit
1643 1552 1730 1587 poctis
1745 1559 1811 1578 con—

1021 1597 1112 1624 trariae
1136 1598 1279 1625 sententiae
1303 1598 1497 1631 assertoribus,
1520 1606 1638 1634 quorum
1664 1599 1811 1626 nonnullos

1019 1643 1174 1678 aggregavit
1184 1643 1318 1678 Elianus,
1333 1644 1371 1671 De
1383 1645 1446 1672 hist.
1462 1645 1543 1672 anim.
1560 1644 1605 1672 lib.
1621 1651 1670 1675 vn.
1684 1653 1745 1680 cap.
1762 1645 1809 1676 δυ.

1020 1685 1182 1721 Sophoclem
1198 1688 1303 1716 scilicet
1323 1689 1350 1716 in
1372 1689 1500 1721 Aloadis;
1515 1689 1671 1724 Euripidem
1695 1692 1721 1717 in
1736 1690 1810 1724 Iphi-

1019 1733 1095 1767 genia
1110 1736 1137 1760 et
1155 1733 1713 1770 Temenidis;Pindarum.Anacreon|em;
1726 1741 1752 1763 ct
1760 1736 1810 1764 Ju-

1021 1779 1075 1806 lius
1099 1778 1231 1814 Scaliger.
1257 1780 1303 1807 lib.
1325 1788 1367 1812 ιιι,
1391 1780 1479 1814 Paet..
1505 1789 1567 1816 cap.
1586 1782 1613 1815 ι,
1639 1783 1736 1810 scribit
1759 1791 1809 1811 sua

1019 1827 1098 1852 male
1114 1824 1142 1851 in
1164 1824 1251 1853 Gallia
1266 1829 1372 1861 captam
1391 1826 1476 1854 fuisse
1496 1835 1604 1855 cervam
1628 1829 1805 1863 cornigeram

1019 1874 1048 1898 et
1069 1871 1129 1906 ejus
1144 1871 1226 1899 etiam
1242 1877 1325 1908 caput
1338 1874 1452 1900 servari.
1468 1872 1588 1902 Joannes
1601 1874 1730 1910 Longius.
1745 1868 1809 1910 Epia

1019 1917 1081 1944 uol.
1095 1917 1257 1950 medicinal-,
1266 1926 1310 1953 ep.
1327 1918 1371 1950 70.
1385 1919 1433 1946 lib.
1445 1927 1465 1950 I,
1474 1920 1608 1948 referenle
1621 1920 1738 1948 Henrico
1750 1920 1810 1948 Sal-

1020 1962 1136 1995 muthio.
1160 1964 1357 1991 commentario
1379 1965 1404 1991 in
1423 1964 1552 1992 Guidania
1579 1964 1716 1994 Panciroli
1740 1974 1807 1994 notat

1020 2015 1114 2043 reperi.
1128 2010 1171 2038 tit.
1193 2010 1237 2043 l0,
1249 2011 1283 2038 de
1295 2011 1452 2046 horologiis.
1466 2013 1590 2040 scribunt
1605 2014 1632 2041 in
1645 2019 1722 2041 utero
1734 2017 1808 2042 cervi

1020 2055 1167 2091 cornigeri.
1184 2064 1266 2091 quam
1283 2056 1366 2096 Ottho
1388 2057 1530 2090 Hernicus,
1554 2059 1646 2087 come's
1666 2060 1809 2090 Palatinus

1020 2108 1104 2137 prope
1136 2101 1292 2138 Odewangb
1324 2108 1443 2138 ceperat,
1470 2110 1606 2140 repertum
1626 2105 1722 2139 fuisse,
1744 2107 1809 2135 dum

1019 2149 1218 2176 evisceraretur
1227 2149 1370 2176 hinnulum
1380 2150 1807 2188 membranuliscircumseptum.

1020 2197 1047 2220 et
1057 2193 1167 2228 quidem
1179 2201 1277 2222 cervos
1293 2194 1427 2230 quosdam
1445 2204 1528 2224 sexus
1542 2202 1668 2226 naturam
1689 2200 1807 2232 variare.

1022 2239 1084 2266 inde
1096 2240 1211 2276 colligit.
1229 2241 1301 2276 quod
1314 2242 1488 2270 observatum
1498 2243 1635 2272 sitcervas
1645 2245 1808 2281 quandoque

180 2292 236 2320 que
249 2290 355 2320 poetam
374 2293 406 2313 ea
422 2287 461 2313 uti
479 2288 598 2316 voluisse
612 2290 708 2324 “sum,
723 2297 784 2323 qua
799 2288 893 2317 Grece
904 2289 969 2317 dici-
986 2296 1008 2325 ο
1021 2293 1136 2317 cornua.
1151 2293 1211 2321 quae
1225 2287 1314 2314 virilia
1339 2295 1480 2316 cervorum
1495 2297 1570 2317 arma
1592 2296 1666 2322 sunt,
1688 2296 1807 2326 gestare.

180 2335 228 2358 tur
246 2331 390 2367 πρόληψις.
407 2331 485 2366 Quod
501 2334 678 2369 probabiliter
689 2334 742 2362 dici
762 2334 899 2362 videbitur
909 2334 972 2362 Car-

181 2377 290 2413 pathios
311 2378 425 2412 lepores.
439 2385 546 2407 necnon
560 2384 587 2407 et
601 2379 708 2407 Siculos
718 2379 969 2412 considerantibus.

179 2422 227 2457 qui
243 2429 306 2449 cuin
321 2429 376 2449 non
388 2425 481 2450 essent
496 2424 684 2458 importati,ad
697 2425 836 2453 fastidium
848 2433 935 2461 usque
942 2429 971 2453 et

179 2475 279 2496 noxam
296 2468 479 2496 increverunt.
494 2468 574 2497 Levis
588 2475 680 2498 tamen
696 2476 739 2499 est
754 2472 801 2498 illa
820 2471 970 2499 vindicatio

180 2514 203 2541 si
225 2521 320 2541 verum
339 2514 417 2541 lateri
445 2515 582 2543 volumus.
606 2516 675 2544 Cum
705 2516 821 2549 Plinius.
851 2516 968 2550 Seneca,

179 2557 290 2592 Strabo,
307 2559 447 2590 Lucanus.
462 2560 625 2596 Antigonus,
641 2561 790 2598 Virgiliano
802 2570 860 2590 aevo
875 2570 967 2598 pares.

181 2610 213 2634 ut
233 2605 270 2633 ita
291 2606 391 2639 dicam.
410 2607 452 2634 vel
474 2607 628 2642 inferiores,
645 2608 672 2636 id
694 2617 748 2636 non
769 2609 968 2637 animadverte-

180 2657 256 2685 runt.
271 2653 316 2688 qui
330 2661 427 2681 omnes
439 2653 600 2685 oscitantiae.
617 2659 648 2682 ut
665 2663 736 2683 unus
752 2655 881 2691 Virgilius
893 2655 968 2689 judi-

179 2702 267 2731 cetur,
278 2698 457 2733 redarguendi
469 2702 544 2725 sunt.
553 2698 611 2725 Alia
620 2700 702 2735 igitur
713 2699 862 2734 vindicatio
872 2704 967 2735 peten-

177 2743 225 2774 da.
241 2743 380 2771 Aristotel.
396 2744 444 2771 lib.
460 2751 490 2775 ll,
508 2751 570 2778 cap.
589 2744 633 2776 l5.
650 2749 730 2781 negat
745 2745 779 2773 l‘el
793 2746 820 2772 in
836 2753 917 2773 cervo
938 2750 966 2773 et

177 2788 269 2822 dama.
284 2790 355 2818 sicut
369 2794 397 2818 et
412 2790 473 2817 aliis
487 2789 651 2825 quibusdam
665 2792 840 2823 animalibus.
856 2796 883 2820 et
898 2792 964 2819 και)-

177 2834 219 2862 dit
232 2844 240 2863 :
254 2835 350 2864 Cet-vis
363 2836 493 2864 Achainis
506 2837 669 2871 cognomine
681 2838 816 2866 contineri
836 2838 862 2865 in
877 2838 963 2865 cauda

178 2881 314 2915 creditur;
332 2885 361 2911 et
389 2883 436 2910 lib.
460 2890 499 2915 iv.
522 2881 561 2910 De
583 2888 654 2918 part.
673 2884 799 2916 animal.,
823 2884 908 2919 capit.
932 2885 961 2917 2.

179 2927 307 2962 Mani
321 2928 382 2964 felle
396 2930 502 2958 omnino
524 2934 624 2963 careat.
640 2934 669 2957 ut
681 2938 774 2965 equus,
791 2929 890 2963 mulus,
907 2931 961 2959 atl-

1021 2330 1101 2363 Quali
1119 2332 1242 2359 marchio
1257 2333 1367 2367 quidam
1384 2334 1514 2362 Badensis
1533 2339 1611 2370 capta
1626 2335 1687 2370 ejus
1706 2344 1809 2364 cornua

1022 2376 1078 2411 regi
1095 2375 1234 2404 Gallorum
1256 2378 1329 2405 dono
1347 2380 1468 2410 miserat.
1489 2387 1548 2415 quin
1563 2381 1675 2409 Ambasi
1690 2381 1718 2409 in
1733 2382 1809 2417 regio

1022 2421 1102 2448 horto
1121 2429 1205 2458 prope
1215 2423 1328 2457 januum
1346 2424 1504 2452 interiorem
1523 2427 1618 2461 parieti
1634 2426 1727 2459 allisa,
1743 2428 1810 2456 sub-

1021 2468 1133 2502 scriptis
1152 2468 1180 2496 in
1198 2470 1298 2497 tabella
1317 2471 1446 2503 testibus,
1459 2471 1506 2506 qui
1522 2473 1661 2500 venationi
1677 2472 1808 2501 interfue-

1020 2517 1095 2545 rant.
1111 2515 1262 2542 etiamnum
1274 2517 1359 2543 cerni.
1375 2516 1463 2550 Quare
1476 2516 1645 2546 Salmuthius
1656 2518 1760 2554 colligit
1775 2525 1808 2546 ea

1020 2559 1065 2587 illa
1089 2567 1223 2588 cornuum
1251 2562 1403 2597 gestatione
1428 2570 1511 2591 sexus
1538 2565 1715 2591 mutationem
1741 2564 1809 2592 satis

1019 2614 1075 2634 non
1090 2607 1211 2642 probari.
1226 2607 1397 2641 Aristoteles,
1416 2609 1462 2637 lib.
1482 2617 1519 2642 ix,
1537 2611 1620 2645 capit.
1638 2610 1744 2643 ultimo.
1759 2611 1808 2642 ait.

1018 2653 1117 2684 cervis,
1138 2653 1161 2681 si
1175 2653 1285 2688 quidem
1299 2654 1419 2681 nondum
1447 2656 1555 2682 cornuti
1576 2656 1726 2688 evirentur.
1754 2663 1809 2683 non

1017 2706 1143 2726 crescere
1159 2707 1280 2732 cornua;
1298 2700 1341 2728 sin
1365 2704 1456 2727 autem
1475 2700 1531 2735 jam
1547 2702 1656 2728 cornuti
1681 2707 1809 2729 exsecen-

1016 2751 1072 2775 tur.
1100 2752 1211 2774 manere
1237 2746 1283 2772 illa
1311 2753 1421 2781 semper
1447 2746 1572 2781 ejusdem
1601 2746 1808 2782 magnitudinis.

1016 2791 1092 2820 Cervi
1108 2792 1131 2819 si
1146 2799 1206 2819 cum
1235 2800 1281 2827 per
1305 2798 1411 2820 «etatem
1438 2793 1555 2820 nondum
1578 2802 1679 2821 cornua
1704 2798 1810 2828 gerunt.

1016 2844 1180 2870 castrentur,
1192 2847 1245 2866 non
1255 2839 1336 2866 edunt
1351 2847 1452 2867 cornua
1466 2847 1475 2867 :
1488 2841 1534 2868 sed
1553 2840 1577 2867 si
1595 2840 1725 2875 cornigeri
1739 2840 1812 2867 eaeis

1013 2885 1114 2912 duntur
1134 2892 1186 2912 non
1201 2884 1324 2912 decidunt
1343 2893 1454 2919 cornua,
1475 2891 1500 2913 et
1520 2886 1703 2921 magnitudine
1717 2885 1810 2913 eadem

1013 2935 1166 2960 urvuntar.
1182 2929 1304 2966 Plinius,
1322 2929 1382 2958 Non
1403 2930 1527 2959 decidunt
1556 2931 1682 2959 castrati.
1699 2930 1810 2963 sorsus.
