2143 3163
179 169 236 198 ἰδ

656 169 689 196 IN
710 169 895 197 EUSTATHII
912 169 1149 199 BEXAEIERON
1168 169 1285 199 NOTE.

1749 172 1800 200 9.56

182 230 246 262 rati.
263 234 290 258 α
303 229 419 258 aliorum
438 236 493 257 non
516 228 694 257 odoratorum
710 229 869 258 discrimen.
889 229 966 258 Tunc
982 234 1004 261 Α
1019 231 1130 259 animal.
1154 230 1201 259 lib.
1218 238 1257 263 vi.
1273 238 1334 266 cap.
1354 230 1409 259 εἵς
1425 230 1536 260 Ferendi
1554 232 1622 259 uteri
1639 236 1737 266 tempus
1754 233 1802 260 alii

183 275 258 303 enim
277 276 379 311 optime
400 274 545 309 questioni
567 274 788 310 responderetur,
812 275 861 301 Διὰ
874 275 968 302 τιτῶν

183 321 236 356 μιν
255 320 333 354 ζώων
349 320 426 347 οὐδὲν
451 320 549 352 εὐῶδές
564 321 639 347 ἐστιν
655 320 707 353 ἕξω
727 320 777 356 τῆς
801 320 968 356 παρδάλεως,

184 365 254 403 αὕτη
272 366 301 393 δὲ
313 366 361 393 καὶ
378 366 468 397 αὐτοῖς
488 367 543 398 τοῖς
559 365 679 401 θηρίοις;
696 365 750 393 etsi
764 365 970 400 Theophrastus

180 413 266 440 etiam
279 412 307 440 in
321 412 383 440 aliis
395 418 423 440 et
436 420 491 440 non
507 412 535 439 in
551 412 609 440 sola
627 411 732 447 pardali
744 411 856 440 odorem
874 419 971 440 conce-

185 458 243 486 dat.
255 458 332 486 Tunc
341 463 401 487 erat
414 459 530 487 ulterius
544 459 579 487 ab
591 459 650 494 ipso
671 458 873 494 explicandum,
887 465 973 493 quare

181 512 252 541 ergo
270 505 304 533 ab
319 505 483 534 animalibus
501 505 570 533 odor
589 505 633 533 hic
648 512 703 533 non
726 505 843 533 sentitur
861 504 888 531 in
911 504 972 532 aliis

184 551 241 580 nisi
263 551 291 579 in
310 551 368 579 sola
384 551 506 587 pardali?
529 550 629 579 Verum
647 551 712 578 dum
724 550 932 586 Theophrastus
947 556 974 578 et

185 596 348 626 Aristoteles
366 599 435 626 tanti
451 599 501 627 viri
525 598 665 634 proposita
688 598 848 633 quaestione,
870 597 924 625 alio
945 605 975 625 se

185 647 361 675 convertunt,
381 647 409 671 et
423 643 636 680 subterfugiunt,
651 643 713 679 quis
729 644 766 670 ita
791 643 879 670 audax
905 650 935 670 se
948 643 975 670 id

185 688 297 724 assequi
309 688 444 717 conﬁdet?
453 689 546 717 Potest
560 689 632 722 Deus
649 691 734 716 multa
749 688 850 721 moliri.
864 693 889 716 et
902 689 976 716 varia

187 735 340 769 coniicere.
364 744 426 772 qua:
453 736 608 764 intellectus
636 735 774 762 humanus
795 742 850 762 non
876 735 976 770 capiet.

189 781 274 810 [ulla
291 782 343 810 sibi
360 781 433 810 Deus
445 781 507 814 soli.
524 788 675 817 eorumque
685 781 869 816 cognitionem
890 788 979 809 reser»

189 830 274 857 vavit.
292 828 321 856 In
335 828 442 863 paucis,
459 828 487 856 in
505 827 637 860 minimis.
653 827 680 854 in
698 827 845 859 οὐτιδανοῖς
863 826 937 858 felix.
951 824 982 854 et'

190 875 253 910 ejus
271 882 323 911 ope
334 875 370 902 ita
385 874 512 910 superbis
525 879 552 902 et
565 874 725 907 insolescis;
743 874 766 902 si
781 873 809 901 in
823 873 977 902 secretiori-

191 921 244 950 bus
263 922 353 957 potior
366 929 452 954 esses,
466 920 532 956 quid
552 920 680 948 facerest
700 919 772 948 Cave
790 923 839 947 tuo
857 919 976 955 ingenio,

192 965 250 995 suis
268 965 375 994 viribus
398 966 511 994 metiare
530 963 631 997 Deum;
655 964 737 992 nimis
757 967 890 1000 angustus
903 970 944 996 es.
960 971 978 991 ο

193 1012 350 1041 homuncio.

229 1057 309 1091 lhid.,
324 1057 373 1085 lin.
384 1057 429 1086 29.
447 1057 475 1084 ‘0
490 1057 525 1085 ea
544 1057 661 1092 πάνθηρ
674 1056 775 1092 φίλον.
793 1055 831 1084 De
848 1056 979 1092 panthera

194 1103 296 1131 similia
310 1103 393 1131 habet
415 1102 514 1131 Petrus
533 1103 693 1135 Damianus.
707 1103 756 1131 lib.
777 1110 810 1134 ιι,
826 1103 907 1138 epist.
929 1101 978 1135 l8;

194 1147 310 1182 Plinius.
324 1149 372 1176 lib.
390 1157 450 1182 vni,
461 1157 522 1184 cap.
542 1149 584 1184 l7,
604 1148 737 1176 Panthera
761 1153 787 1176 et
801 1149 877 1184 tigris
890 1155 981 1175 macu-

196 1195 285 1223 larum
294 1195 422 1223 varietate
431 1203 510 1230 prope
519 1195 584 1223 solm
598 1195 742 1223 bestiarum
755 1199 917 1230 spectantur.
929 1202 981 1222 cte-

197 1241 260 1270 teris
273 1249 352 1273 unus,
367 1250 398 1268 ac
412 1249 477 1269 suus
497 1241 624 1276 cujusqu
636 1241 737 1276 generis
757 1240 831 1268 color
846 1244 894 1268 ut.
916 1239 982 1268 [nde

197 1287 306 1324 tigrim:
320 1291 347 1316 et
361 1287 532 1322 pantherinm
545 1295 655 1320 mensae.
670 1289 698 1315 et
722 1286 814 1322 βάλως
837 1285 982 1321 ωνθὴρων

196 1333 286 1369 eam».
446 1332 451 1337 '

232 1377 315 1410 ἰδία..
335 1378 384 1405 lin.
399 1377 445 1405 51.
465 1377 520 1405 Kal
539 1377 595 1410 ἕως
609 1377 668 1412 μὲν
686 1377 723 1404 οὐ
742 1375 811 1411 χρή.
832 1374 982 1411 Oppianus,

201 1423 249 1452 lih.
262 1431 284 1451 ιι
305 1425 429 1457 Κυνηγ.,
443 1423 638 1458 pantherarum
651 1426 679 1450 et
693 1421 811 1449 aliorum
825 1420 984 1448 animalium

200 1476 329 1498 somnum
343 1471 371 1496 et
385 1468 510 1496 inertiam
533 1467 644 1500 cecinit,
660 1475 741 1502 quem
757 1467 831 1495 vide.

235 1513 316 1547 lbid..
329 1514 377 1542 lin.
389 1514 434 1542 55.
454 1514 494 1541 Δι’
510 1511 548 1549 ἧς
561 1513 598 1540 τὰ
613 1513 702 1541 ἄλλα.
724 1512 790 1547 Quae
804 1513 931 1549 superius
951 1512 987 1540 de

1019 287 1117 305 annum
1132 283 1157 305 et
1168 286 1214 306 sea;
1225 286 1336 312 menses,
1350 279 1398 306 alii
1411 279 1551 306 triennium
1563 284 1699 310 statuunt;
1714 286 1742 307 et
1755 279 1803 306 liu-

1018 325 1063 360 jus
1077 324 1237 354 differentia
1252 330 1279 353 et
1294 325 1495 353 incertitudinis
1508 332 1619 352 causam
1632 325 1718 358 addit,
1729 325 1802 360 quod

1020 379 1074 399 non
1092 375 1182 407 pateat
1195 371 1294 400 coitus.
1311 370 1342 398 Et
1357 371 1404 398 lib.
1420 379 1446 403 ν,
1463 378 1522 406 cap.
1540 371 1591 398 ll:
1607 369 1714 397 Uterum
1731 370 1804 397 bien-

1021 419 1065 444 nio
1077 418 1163 453 gerit:
1177 417 1249 452 parit
1270 417 1388 452 singulos
1398 423 1409 443 :
1427 416 1566 451 uniparum
1588 425 1698 451 namque
1715 421 1764 448 est,
1777 421 1806 444 et

1022 463 1082 490 libr.
1102 470 1128 490 iv
1144 462 1182 489 De
1193 466 1308 497 generat.
1325 460 1448 493 animal.,
1460 468 1519 495 cap.
1531 461 1638 493 ultimo,
1647 461 1717 488 idem
1734 460 1806 488 atiir-

1023 512 1089 540 mat,
1114 512 1141 536 et
1161 515 1271 536 causam
1291 507 1352 539 dat,
1366 507 1584 542 exsuperantiam
1599 507 1804 542 magnitudinis.

1025 555 1140 586 Plinius,
1157 555 1220 582 libr.
1238 562 1298 586 vin.
1317 561 1378 589 cap.
1403 553 1445 586 10,
1468 557 1614 588 utrumque
1631 553 1733 581 refert:
1752 553 1806 581 De-

1024 607 1080 626 cem
1099 599 1175 626 annis
1190 604 1292 634 gestare
1306 599 1334 625 in
1349 603 1423 625 utero
1442 599 1533 633 uulgus
1546 598 1691 630 existimat,
1707 598 1807 626 Aristo-

1027 646 1088 673 teles
1105 646 1220 677 biennio,
1242 654 1287 673 nec
1301 645 1415 679 amplius
1435 653 1514 680 quam
1528 645 1607 672 semel
1619 646 1732 680 gignere.
1747 644 1794 680 plu

1027 692 1098 718 vesti!
1115 699 1194 726 quam
1210 691 1338 726 singulos.
1355 690 1413 718 Hoc
1431 695 1522 718 tamen
1545 691 1670 719 videlicet
1689 691 1807 726 singulos

1026 741 1051 764 et
1068 736 1147 764 semel
1169 744 1271 771 parere,
1295 744 1349 763 non
1367 743 1448 771 posse
1465 744 1498 763 ex
1522 735 1668 763 Aristotele
1691 735 1807 762 Plinium

1028 782 1149 818 proﬁteri
1166 782 1297 818 Scaliger.
1318 782 1431 810 exercit.
1451 781 1514 814 205,
1534 782 1568 810 de
1592 782 1753 813 subtilitate.
1774 781 1808 808 ad

1029 830 1195 861 Cardanum,
1221 829 1328 857 asserit.
1354 828 1408 856 Nec
1431 828 1552 856 additum
1577 835 1593 855 ει
1621 827 1740 855 librariis
1763 827 1829 863 εει-μ

1031 876 1122 903 sinuat
1142 883 1174 902 ex
1201 875 1304 906 Solino.
1328 875 1372 909 qui
1394 882 1470 902 more
1495 881 1546 902 suo
1570 874 1602 901 ad
1623 873 1735 901 verbum
1758 873 1809 900 hoc

1028 920 1099 948 idem
1128 920 1215 948 ﬁdelis
1240 923 1409 954 reposuerat.
1433 924 1460 946 et
1486 919 1592 946 ratione
1619 919 1644 946 id
1672 926 1734 946 esse
1760 918 1811 945 lal-

1029 974 1088 994 sum
1104 966 1193 1000 palam
1212 966 1350 993 ostendit:
1367 964 1438 991 Nam
1457 965 1481 991 si
1501 964 1568 991 binis
1589 964 1739 998 parentibus
1758 972 1811 990 una

1029 1012 1143 1040 succedit
1170 1012 1282 1044 soboles,
1309 1019 1411 1039 necesse
1435 1010 1528 1038 estad
1557 1010 1667 1037 nihilum
1694 1010 1809 1037 tandem.

1031 1058 1092 1086 Non
1113 1059 1197 1085 solum
1222 1066 1280 1085 vero
1298 1059 1357 1092 plus
1376 1058 1456 1085 semel
1475 1057 1556 1091 parit,
1575 1064 1662 1084 verum
1678 1061 1702 1083 et
1723 1059 1810 1091 plures

1031 1105 1153 1140 singulis,
1178 1105 1217 1131 uti
1242 1104 1402 1131 dicebamus.
1435 1103 1547 1131 Dicebat
1571 1103 1643 1130 enim
1673 1104 1811 1138 superius.

1033 1149 1123 1186 Neque
1152 1149 1269 1185 singulos
1302 1150 1380 1177 modo
1405 1157 1511 1183 parere.
1541 1151 1633 1184 quippe
1659 1153 1684 1176 et
1714 1154 1812 1181 ternos.

1031 1202 1056 1224 et
1077 1200 1228 1231 quaternos,
1256 1199 1294 1223 tot
1321 1196 1391 1223 enim
1419 1195 1540 1222 comitari
1561 1196 1623 1222 risit
1647 1200 1718 1222 sunt.
1750 1194 1813 1222 Haec

1033 1242 1128 1270 ultima
1141 1240 1271 1277 Scaligeri
1285 1241 1370 1270 verba
1388 1244 1414 1269 iu
1429 1241 1553 1269 doctrina
1567 1240 1744 1276 Peripatetica
1757 1249 1813 1268 non

1033 1288 1101 1317 satis
1110 1292 1168 1315 tuta
1184 1295 1246 1316 esse
1262 1287 1398 1316 videntur.
1414 1287 1576 1323 Elephantes
1591 1287 1694 1315 scilicet
1715 1294 1770 1314 uno
1787 1291 1816 1315 et

1033 1334 1128 1362 eodem
1140 1338 1219 1369 partu
1231 1334 1323 1369 plures
1332 1334 1457 1370 gignere;
1469 1334 1520 1361 etsi
1529 1341 1584 1363 non
1596 1341 1639 1361 me
1652 1333 1719 1369 fugit
1730 1332 1815 1361 Elia.

1035 1388 1111 1413 num.
1125 1381 1172 1408 lib.
1189 1387 1247 1413 vni,
1259 1387 1320 1416 cap.
1332 1380 1378 1411 27,
1394 1379 1422 1407 id
1440 1380 1639 1415 quodammodo
1651 1380 1816 1412 insinuasse.

1035 1431 1128 1454 tamen
1144 1434 1177 1455 ex
1191 1427 1306 1454 aliorum
1322 1426 1457 1455 sententia
1475 1426 1501 1453 id
1515 1426 1659 1462 scripsisse
1679 1426 1746 1461 ipsis
1760 1433 1818 1454 ver-

1035 1473 1078 1501 bis
1090 1473 1273 1501 clarissimum
1291 1477 1345 1500 est.
1359 1472 1488 1500 Τῑκτεται
1504 1472 1603 1507 ἐλέφας
1621 1471 1692 1499 κατὰ
1706 1472 1755 1507 τὴν
1769 1480 1816 1499 ιιι-

1037 1519 1124 1554 φαλὴν
1137 1519 1272 1555 ὲκπηδῶν.
1289 1519 1326 1546 Τὸ
1339 1519 1368 1546 δὲ
1390 1518 1504 1554 μέγεθός
1520 1519 1577 1544 ἐστι
1594 1517 1642 1545 τοῦ
1660 1517 1818 1552 τικτομένου

200 1561 318 1597 pardali,
331 1561 392 1597 ejus
406 1561 490 1588 odore
515 1564 543 1588 et
559 1560 670 1588 solertia
685 1559 892 1595 explicavimus,
908 1558 986 1586 multi
1000 1567 1021 1597 ε
1037 1573 1046 1591 ,

979 1558 1021 1597 'lc
1037 1565 1107 1591 κατὰ
1123 1554 1241 1599 δελφάκα
1265 1563 1312 1599 τὴν
1334 1564 1474 1600 μεγίστην.
1502 1564 1559 1599 Μιᾷ
1574 1563 1602 1590 δὲ
1627 1563 1710 1598 μητρὶ
1734 1562 1818 1591 πλείω

201 1607 343 1643 panthera
359 1607 514 1638 ascribunt,
533 1606 576 1633 vel
594 1613 627 1633 eo
647 1605 736 1633 solum
759 1604 832 1640 quod
856 1604 986 1632 animalia

201 1653 390 1682 diversissima
406 1652 576 1680 confundunt
603 1656 630 1679 et
644 1652 771 1682 miscent,
784 1651 844 1678 ideo
859 1651 986 1678 lectorem

202 1700 238 1728 ad
267 1699 313 1727 illa
338 1699 512 1731 remittimus,
533 1706 568 1725 ne
591 1698 693 1725 iterum
716 1697 811 1724 eadem
840 1696 988 1731 repetendo

202 1744 311 1773 molesti
329 1744 425 1772 simus.
445 1743 494 1771 Hic
510 1751 653 1778 possemus
672 1742 755 1769 etiam
768 1742 904 1772 dubitare.
921 1748 989 1776 qua-

203 1797 267 1818 nam
282 1789 387 1817 ratione
408 1787 535 1815 animalia
554 1787 638 1815 odore
654 1787 847 1822 pantherarum
864 1785 989 1813 allician-

203 1840 260 1868 tur.
271 1839 302 1863 ut
314 1842 329 1863 a
345 1835 438 1863 multis
451 1834 609 1862 auctoribus
622 1833 753 1860 traditum
763 1837 816 1864 est.
828 1839 890 1859 cum
903 1831 990 1859 Theo-

203 1881 346 1918 phrastus.
367 1880 403 1907 De
417 1880 506 1907 causis
522 1879 638 1914 plantar.
659 1879 707 1906 lib.
727 1887 754 1912 v,
775 1885 835 1914 cap.
855 1878 883 1910 5,
905 1877 989 1909 dicat.

204 1929 278 1956 inter
290 1927 370 1954 bruta
391 1926 504 1954 omnino
526 1926 569 1954 vel
592 1926 710 1957 nullum,
735 1925 777 1953 vel
800 1928 876 1952 certe
898 1931 990 1951 rarum

232 1973 352 2001 Imodum
374 1980 435 2000 esse
455 1971 529 2008 quod
555 1971 666 1999 odorem
688 1975 880 2007 persequatur,
904 1978 992 2005 neque

205 2019 294 2055 gratia
306 2018 399 2046 oderis
413 2019 525 2051 sentire,
538 2025 626 2054 neque
645 2017 807 2054 dijudicare.
822 2017 993 2053 quandoqui-

206 2065 281 2096 dem.
295 2064 348 2092 etsi
366 2064 490 2100 quaedam
506 2064 649 2096 sentirent,
667 2072 762 2092 eorum
776 2067 868 2091 tamen
889 2067 993 2090 natura:

207 2110 359 2142 adversari,
372 2114 399 2138 et
410 2110 444 2138 de
457 2110 622 2142 insectorum
637 2117 735 2147 genere
746 2109 858 2141 dicitur,
872 2109 918 2144 qui
932 2109 992 2137 oleo

207 2156 384 2190 infestantur,
395 2155 503 2191 fugiunt
514 2157 588 2185 enim
605 2157 779 2184 vehementer
790 2156 851 2191 ejus
868 2155 991 2187 odorem,

208 2202 305 2239 paucis
319 2201 393 2229 hunc
408 2201 510 2229 nodum
526 2202 685 2238 expediam;
700 2201 772 2229 haud
791 2206 918 2229 constare
940 2200 990 2228 ho-

1037 1610 1227 1644 ὲλεφαντισκια
1240 1609 1346 1642 ἕπεται,
1366 1609 1458 1644 φασιν.
1481 1608 1514 1636 Et
1532 1609 1637 1636 ratione
1651 1608 1819 1636 validissima

1038 1653 1167 1690 Scaligeri
1184 1654 1211 1681 id
1232 1654 1366 1682 allirmare
1388 1655 1483 1682 saltem
1502 1655 1529 1681 in
1548 1654 1691 1689 elephanto
1714 1654 1818 1684 Iudico.

1036 1700 1079 1727 vel
1097 1700 1199 1727 invitus
1218 1704 1371 1736 cogeretur,
1387 1700 1463 1732 dum,
1481 1700 1528 1727 lib.
1555 1708 1612 1732 vni.
1632 1707 1693 1735 cap.
1707 1699 1751 1731 Π.
1772 1700 1820 1732 ait,

1037 1753 1084 1774 eos
1106 1745 1266 1781 elephantos
1288 1746 1374 1774 semel
1390 1746 1417 1773 in
1437 1746 1490 1773 vita
1505 1745 1590 1773 coire.
1608 1745 1698 1778 Ἃπαξ
1712 1744 1777 1779 γοῦν
1791 1746 1820 1772 ὲν

1037 1791 1076 1826 τῷ
1104 1790 1154 1827 βίῳ
1178 1790 1217 1826 τῷ
1242 1792 1365 1827 σφετέρῳ
1393 1791 1605 1827 μνημονεύουσιν
1639 1791 1820 1826 Ἀφροδίτης·

1038 1838 1132 1873 ὅτανὴ
1159 1837 1254 1872 θήλεια
1270 1837 1392 1873 ὑπομένῃ
1417 1837 1463 1864 καὶ
1486 1837 1565 1872 αὐτή.
1590 1834 1655 1863 Εἶτα
1679 1836 1822 1871 ἐμπλήσας

1039 1883 1153 1915 Exacto;
1175 1882 1225 1918 τὴν
1248 1881 1389 1918 σύννομον,
1404 1882 1435 1909 τὸ
1455 1881 1579 1908 ἐντεῦθεν
1592 1881 1639 1908 liti
1653 1881 1758 1913 τούτοις
1772 1881 1822 1908 οὐκ

1040 1923 1109 1953 εἶδεν
1132 1927 1227 1963 αὐτήν.
1255 1926 1303 1955 Vel
1327 1927 1409 1963 igitur
1433 1934 1519 1962 genus
1545 1927 1596 1954 hoc
1617 1926 1822 1961 elephantorum

1042 1972 1135 2007 plures
1153 1973 1269 2008 singulis
1289 1972 1422 2008 partubus
1445 1976 1588 2008 generant.
1614 1973 1654 2000 rel
1669 1980 1729 2000 cum
1751 1973 1824 2000 binis

1042 2018 1202 2054 parentibus
1216 2027 1270 2046 una
1292 2017 1421 2046 succedet
1440 2018 1559 2050 soboles,
1575 2018 1682 2046 tandem
1699 2018 1733 2046 ad
1750 2017 1824 2045 nihi-

1042 2065 1099 2092 lum
1114 2068 1187 2093 esset
1212 2064 1419 2093 deveniendum.
1443 2063 1497 2092 Sed
1519 2065 1633 2092 ulterius
1656 2064 1693 2092 ita
1708 2064 1823 2094 Plinius.

1043 2111 1090 2138 lib.
1108 2119 1136 2143 x.
1153 2118 1214 2146 cap.
1228 2111 1274 2142 55,
1289 2110 1413 2146 Singulos
1427 2111 1547 2146 gignunt.
1561 2110 1701 2145 elephanti.
1720 2111 1824 2141 cameli,

1042 2158 1116 2193 equi;
1131 2162 1160 2185 et
1176 2157 1299 2189 inferius.
1316 2155 1466 2191 Elephanti,
1477 2161 1505 2182 ut
1514 2156 1642 2187 diximus.
1655 2157 1761 2190 pariunt
1776 2157 1828 2184 siu-

1043 2204 1128 2239 gulos.
1145 2203 1325 2239 magnitudine
1343 2203 1418 2229 uituli
1438 2202 1587 2230 trimestris.
1611 2202 1667 2230 Nec
1681 2202 1738 2230 haec
1763 2210 1827 2230 sen-

208 2248 342 2280 minibus.
358 2255 395 2275 an
417 2247 528 2276 odorem
544 2249 674 2279 sentiant.
696 2248 812 2283 ejusque
834 2247 920 2282 gratia
935 2253 992 2274 rem
1009 2240 1031 2269 υ
1045 2249 1129 2277 tentia
1139 2250 1247 2277 videtur
1260 2249 1295 2276 ab
1308 2248 1479 2277 Aristotelica
1496 2249 1652 2276 dissentire.
1667 2248 1828 2276 Aristoteles

208 2293 352 2322 odoratam
368 2299 576 2329 persequantur.
593 2302 627 2322 an
643 2294 779 2330 appetitus
795 2298 900 2321 tantum
920 2292 993 2320 fera-

208 2343 256 2368 tur
282 2340 317 2368 ad
345 2340 435 2375 ipsum
463 2341 604 2375 pabulum.
633 2341 749 2377 ejusque
777 2347 862 2368 causa
889 2339 935 2367 sit.
962 2339 995 2366 Et

209 2387 337 2423 quamvis
357 2386 507 2414 animantia
521 2386 654 2415 olfactum
676 2387 745 2423 ipsis
764 2385 922 2414 hominibus
946 2384 995 2412 ob-

210 2435 316 2463 tineant
342 2434 559 2469 exquisitiorem,
577 2442 631 2462 non
655 2439 746 2463 tamen
770 2438 874 2463 certum
891 2437 933 2461 est
954 2433 995 2460 vel

210 2481 324 2509 odorem
341 2481 453 2512 sentire.
468 2480 509 2507 vel
524 2480 584 2514 ejus
598 2481 685 2516 gratia
697 2480 770 2507 duci.

247 2527 328 2559 lbid..
344 2527 393 2555 lin.
415 2528 459 2555 Li.
479 2529 506 2553 '0
521 2527 556 2554 δὲ
572 2528 685 2563 ἐλέφας
707 2529 811 2563 ἐγκυμ.
836 2527 949 2555 Plautus
970 2528 995 2554 in

211 2572 304 2602 Sticho
312 2581 322 2600 :

281 2630 379 2658 Audivi
391 2637 458 2664 sape
473 2630 549 2665 vulgo
565 2638 582 2657 ιι
597 2631 688 2658 multis
702 2631 795 2662 dicier.

283 2665 374 2693 Solerc
387 2665 551 2699 elephantum
571 2666 707 2700 grauidam
723 2671 858 2700 perpetuos
874 2665 962 2692 decem

283 2700 350 2729 Esse
363 2709 446 2729 annos
459 2709 469 2728 .'
479 2700 536 2735 ejus
549 2708 564 2727 e
577 2702 673 2728 semine
687 2701 742 2729 hac
759 2706 828 2728 certo
842 2705 881 2727 est
903 2700 996 2735 fames.

212 2755 352 2788 Elianus.
369 2757 408 2784 De
429 2756 491 2783 hist.
511 2756 593 2783 anim.
614 2756 633 2782 1.
655 2764 692 2787 iv.
710 2764 771 2792 cap.
792 2756 822 2783 5i
841 2766 847 2784 :
869 2756 952 2782 Κύειν
969 2755 997 2782 δὲ

212 2803 384 2839 πυνθάνομαι
398 2803 444 2832 δύο
462 2803 531 2830 ἑτῶν
547 2803 591 2830 τὸν
615 2803 755 2838 ἐλέφαντα.
771 2805 802 2830 0!
817 2804 843 2829 δὲ
860 2803 889 2830 οὗ
904 2803 997 2829 τοσοῦ-

212 2857 259 2877 τον
287 2849 392 2885 χρόνον,
420 2849 488 2877 ἀλλὰ
517 2849 703 2876 ὀκτωκαίδεκα
732 2850 825 2885 μηνῶν
852 2848 995 2884 ὁμολογοῦ-

214 2902 267 2923 σιν.
287 2896 458 2930 Aristotclcs.
475 2904 508 2924 ex
534 2891 649 2924 alio'i'um
674 2896 820 2929 sententia,
838 2895 878 2924 De
904 2896 997 2922 histor.

1045 2302 1172 2330 namque,
1186 2295 1222 2322 De
1234 2299 1350 2330 generat.
1368 2294 1478 2322 animal.
1492 2294 1539 2322 lib.
1555 2302 1590 2327 iv;
1601 2301 1661 2330 cap.
1674 2294 1691 2321 4
1706 2303 1712 2321 :
1729 2294 1829 2330 Πρῶτα

1047 2339 1095 2374 μὲν
1103 2338 1149 2366 οὖν
1163 2340 1207 2366 διὰ
1219 2341 1246 2367 τι
1259 2340 1294 2368 τὰ
1309 2342 1358 2375 μὲν
1371 2340 1429 2367 ἐστι
1441 2340 1586 2372 πολυτόκα,
1595 2340 1629 2366 τὰ
1641 2340 1669 2366 δὲ
1685 2340 1826 2375 pavo-.6111.

1044 2384 1115 2411 τοῦτ’
1130 2384 1163 2411 ἄν
1176 2394 1218 2417 τις
1230 2385 1331 2418 δόξειεν
1347 2385 1464 2419 εὐλόγως
1476 2384 1634 2421 θαυμάζειν.
1647 2385 1688 2412 Τὰ
1702 2384 1756 2420 γὰρ
1780 2385 1827 2420 μέ-

1046 2441 1125 2469 γιστα
1142 2432 1275 2467 μονοτόκα
1288 2432 1341 2459 τῶν
1354 2432 1430 2465 ζώων
1447 2432 1530 2464 ἐστὶν,
1543 2429 1597 2459 οἷον
1613 2431 1722 2466 ἐλέφας.
1739 2430 1830 2466 κάμη-

1045 2475 1100 2512 λοξ,
1117 2479 1209 2511 ἵππος,
1226 2480 1273 2506 καὶ
1288 2478 1323 2505 τὰ
1338 2478 1459 2514 μώνυχα,
1477 2478 1510 2505 Et
1528 2478 1591 2513 quia
1615 2477 1782 2513 probabilius
1804 2477 1831 2504 id

1047 2525 1200 2557 videbatur,
1217 2525 1319 2560 majora
1337 2525 1475 2555 animalia.
1492 2532 1554 2552 cum
1572 2524 1633 2559 plus
1656 2523 1769 2551 seminis
1791 2522 1832 2550 ef-

1047 2571 1118 2600 ferre
1131 2575 1253 2606 possent.
1272 2571 1349 2605 plura
1365 2570 1447 2598 etiam
1469 2577 1610 2606 generare,
1627 2569 1706 2605 cujus
1722 2573 1831 2596 contra-

1047 2617 1118 2644 rium
1143 2616 1242 2643 mirum
1266 2620 1318 2644 est.
1335 2615 1491 2651 Respondet
1503 2615 1566 2643 huic
1592 2619 1753 2651 argumento
1764 2614 1832 2641 vali-

1048 2662 1161 2690 dissima
1178 2662 1293 2694 ratione,
1307 2661 1480 2696 maximeque
1494 2661 1601 2693 idonea,
1618 2660 1831 2697 magnitudinem

1049 2707 1152 2736 scilicet
1167 2714 1262 2734 eorum
1286 2706 1313 2733 id
1335 2706 1423 2734 facere
1442 2714 1475 2733 ne
1497 2706 1582 2733 multa
1606 2705 1731 2741 pariant;
1753 2705 1833 2732 cibus

1049 2754 1121 2783 enim
1147 2753 1175 2781 in
1202 2753 1235 2781 iis
1256 2753 1409 2780 absumitur
1425 2753 1452 2779 in
1475 2753 1600 2786 corporis
1619 2752 1832 2783 incrementum;

1050 2800 1201 2828 minoribus
1225 2807 1289 2826 vero
1310 2803 1408 2826 natura
1433 2798 1566 2826 demendo
1581 2799 1614 2826 dc
1635 2796 1833 2832 magnitudine,

1051 2855 1149 2882 augere
1179 2847 1206 2873 in
1240 2849 1413 2874 excremento
1446 2844 1569 2872 scminali
1601 2843 1834 2878 exsuperantiam.

1050 2894 1132 2931 ldqne
1148 2892 1290 2922 conﬁrmat
1304 2891 1356 2920 alia
1374 2891 1488 2925 ratione,
1503 2891 1626 2919 videlicet
1643 2891 1702 2926 plus
1723 2888 1836 2918 seminis
