2143 3163
218 202 270 231 θῦί

717 198 752 226 ΙΝ
771 197 958 226 ευετιτιιιι
974 195 1210 226 ΗΕΧΔΕΙΕἎΟΝ
1230 195 1348 226 κοτε.

1786 199 1839 229 962

219 261 324 297 femina
340 264 417 294 caput
432 259 579 294 impingat,
592 258 665 293 quod
681 258 729 285 illa
743 265 799 293 prie
813 257 891 285 nimii
904 257 1005 284 amoris
1019 259 1043 288 Α
1057 263 1127 292 nm,
1143 255 1217 291 quod
1232 259 1260 284 et
1275 255 1388 283 tradidit
1411 255 1572 292 Apollonius
1596 255 1668 292 apud
1686 255 1839 285 Philostra-

219 307 385 342 impatie'ntia
400 305 542 333 mordenda
554 305 693 339 pracidat,
715 312 747 331 ac
755 307 853 339 praua
864 303 1004 338 deglutiat,

219 353 338 388 εει-κίκι
360 352 455 386 capitis
475 351 560 378 oculis
581 350 635 377 duo
652 350 735 377 catuli
757 348 1005 384 procreantur,qui

218 403 311 434 partus
329 403 443 432 tempore
461 400 582 423 materna
605 395 691 423 latera
710 395 832 430 utrinque
849 394 1004 428 sorrodunt,

218 449 244 471 et
255 444 294 470 sie
307 443 465 470 altrinsecus
477 441 557 468 simul
567 441 757 473 occidentes,et
771 444 907 467 nascentes
916 447 1004 466 erum-

217 493 293 523 punt.
310 487 363 522 Qui
374 488 499 514 nimirum
509 492 570 514 ante
584 492 645 515 sunt
657 486 798 521 parricida
813 493 893 521 quam
905 485 966 520 ﬁlii,
979 489 1005 512 et

220 534 278 562 ideo
294 528 428 568 nunquam
441 538 537 568 praeter
550 533 618 560 duos
628 533 696 561 ualet
716 532 796 567 hujus
810 533 912 568 generis
928 539 1004 558 exce-

218 579 283 607 dens
297 579 397 614 aliquid
413 579 534 607 inueniri.
551 579 610 606 Duo
625 583 717 606 tamen
734 578 779 606 hic
791 577 826 605 de
839 581 939 605 natura
954 577 1004 608 hu-

216 622 264 658 jus
276 623 411 658 serpentis
422 643 430 655 .
445 631 508 658 quae
530 623 614 651 refert
629 624 673 651 hic
689 626 804 654 auctor,
819 627 847 650 et
862 623 940 650 multi
956 622 1003 649 alii

219 675 274 696 uno
289 675 348 701 ore,
373 669 572 697 consideranda
586 672 662 701 sunt,
677 672 704 696 et
726 668 844 704 primum
861 668 897 695 de
913 668 1001 702 coitu;

217 714 257 742 ait
274 715 346 742 enim
357 733 365 746 ,
385 715 507 750 viperam
527 723 575 751 per
587 722 621 743 os
646 722 740 742 semen
762 715 900 750 excipere,
917 722 1003 742 mem-

219 760 354 795 bruanue
369 761 453 788 maris
467 768 516 789 ore
528 760 664 792 excidere.
681 760 732 788 hac
747 759 854 788 ratione
868 762 937 787 marl
953 768 1002 788 ne-

217 813 277 834 cem
290 806 419 842 parando.
431 806 489 835 Hoc
505 807 575 834 idem
589 807 670 834 aliter
683 806 730 833 alii
746 810 869 838 narrant,
879 806 1001 841 viperam

217 851 350 880 duntaxat
365 852 407 879 ori
421 859 472 880 suo
488 852 571 879 maris
587 855 670 887 caput
696 851 797 879 habere
820 851 954 878 insertum
972 850 1001 878 in

216 896 302 928 coitu,
318 899 345 924 et
359 895 427 923 illud
441 896 538 924 ardore
554 895 675 923 libidinis
693 902 873 930 pmmorsum
888 894 1000 922 abscin-

1056 306 1131 334 tum,
1145 306 1174 329 et
1197 301 1332 329 Maximus
1356 300 1467 337 Tyrius.
1491 300 1629 329 EtRorna:
1645 302 1797 337 sepissime
1811 303 1840 330 in

1054 348 1151 383 ligneis
1165 348 1253 376 thecis
1273 351 1355 376 enata
1378 347 1488 375 soboles
1507 348 1542 376 ab
1556 347 1684 376 omnibus
1705 349 1840 381 cernitur,

1053 397 1080 422 et
1100 401 1201 430 parens
1224 393 1301 422 salva
1324 401 1358 422 ac
1375 397 1517 429 superstes
1535 402 1543 427 ;
1569 397 1596 421 et
1610 401 1660 429 ego
1676 393 1760 422 etiam
1774 393 1838 421 vidi.

1053 439 1173 468 Consule
1186 439 1364 475 l'lodiginum,
1377 439 1426 468 lib.
1435 447 1541 475 vi,cap.
1555 440 1599 467 15.
1616 439 1684 467 Illud
1695 440 1777 467 etiam
1791 439 1839 466 sd-

1052 486 1127 518 dam,
1152 486 1309 514 Cardanum
1328 493 1344 513 a
1362 485 1502 521 Scaligero
1525 493 1616 514 exerc.
1643 485 1696 514 125
1720 490 1749 513 et
1773 485 1838 518 485,

1053 539 1129 560 num.
1146 531 1191 565 15,
1209 532 1383 568 reprehendi,
1402 532 1475 566 quod
1490 532 1593 560 scilicet
1608 531 1730 567 aspidem
1757 534 1785 559 et
1798 531 1840 558 vi-

1052 585 1146 614 peram
1171 583 1254 606 unam
1278 581 1306 605 et
1328 577 1452 608 eamdem
1475 577 1635 612 agnoverit;
1650 575 1723 604 sicut
1740 575 1768 603 in
1782 575 1841 611 epi-

1052 622 1122 650 stola
1132 621 1250 656 quadam
1260 629 1342 649 manu
1354 621 1464 657 propria
1477 620 1596 649 Cardani
1609 621 1711 657 scripta
1726 627 1756 649 se
1771 620 1840 648 Sca-

1051 667 1120 703 liger
1143 666 1246 695 vidisse
1268 670 1405 699 testatur,
1427 675 1492 696 eum
1511 667 1653 703 dipsadem
1668 675 1730 695 cum
1746 668 1840 703 vipera

1051 713 1124 740 idem
1137 712 1322 741 existimasse.
1338 713 1437 741 Petrus
1454 714 1519 741 item
1534 713 1686 748 Bellonius,
1700 714 1838 742 Obserest.

1052 759 1100 787 lib.
1119 767 1157 791 ιι,
1172 766 1234 794 cap.
1249 758 1284 786 54
1294 778 1302 791 ,
1317 758 1415 787 fatetur
1440 767 1470 788 se
1482 759 1574 787 verbis
1593 759 1776 788 Aristotelicis
1789 760 1839 787 im—

1051 805 1161 841 pulsum
1172 825 1181 836 ,
1197 806 1307 840 viperas
1326 810 1498 841 praegnantes
1510 806 1693 834 observasse:
1709 813 1770 841 qua
1780 806 1841 834 sine

1051 851 1154 880 tunicis
1170 851 1293 879 sobolem
1308 852 1448 887 peperisse
1460 852 1527 880 visae
1542 856 1616 880 sunt.
1630 851 1682 886 Qui
1694 856 1787 880 tamen
1799 852 1841 879 vi-

1051 904 1146 934 peram
1163 904 1223 925 eam
1241 896 1380 932 intelligit,
1394 904 1477 932 quam
1501 897 1679 925 Turonenses
1706 901 1734 925 et
1747 897 1839 925 Ceno—

218 942 293 970 del'e.
303 941 402 974 ﬂoros,
417 942 464 970 lib.
480 949 512 970 tl.
527 949 588 977 cap.
597 941 647 969 59:
659 941 733 978 Αὕτη
747 941 812 978 γὰρ,
827 941 890 968 hev
903 940 1001 975 συγγέ-
1016 944 1038 974 n
1051 951 1064 970 ι]

992 955 1001 961 -
1016 944 1038 974 Β
1051 943 1145 971 manui
1157 943 1238 976 Aspis
1251 944 1394 971 nominant
1404 951 1464 979 quae
1478 951 1559 979 quam
1574 950 1640 972 vera
1653 944 1708 971 sint
1724 943 1838 971 alterius

219 996 297 1024 νηται
305 987 346 1023 τῷ
354 987 457 1024 ἄρρενι,
469 987 558 1023 στόμα
573 987 686 1022 στόματι
696 985 862 1022 ἐμϐαλοῦσα,
870 985 918 1012 καὶ
931 984 1000 1020 μετὰ

217 1034 249 1061 τὸ
261 1034 472 1070 ἀποζευχθῆναι,
483 1032 654 1059 ἀποδακοῠσα
665 1031 714 1067 τὴν
729 1031 848 1067 κεφαλὴν
860 1030 907 1058 τοῦ
919 1030 1001 1065 sppe-

218 1089 273 1113 νος.
287 1080 403 1115 ἀναιρεῖ.
418 1079 544 1111 Basilus,
554 1078 655 1106 Contra
669 1077 829 1111 feneratores
839 1096 847 1108 ,
867 1081 894 1104 et
908 1075 946 1103 De
959 1076 1000 1102 in-

218 1127 301 1158 vidia;
314 1125 450 1156 Elianus,
467 1123 504 1152 De
516 1124 579 1152 hist.
594 1124 690 1156 σπίνω,
706 1122 753 1151 lib.
769 1131 790 1155 ι,
804 1129 866 1158 cap.
881 1121 928 1154 ιι,
945 1122 1000 1150 etsi

219 1171 358 1206 paululum
372 1170 407 1198 ab
421 1170 481 1197 aliis
494 1169 587 1196 varius
600 1167 687 1201 Phile,
705 1168 731 1195 in
741 1166 842 1194 lambis
851 1174 861 1194 :

273 1227 357 1262 Ἐχις
371 1227 405 1254 δὲ
418 1227 524 1262 θερμὸς
540 1225 747 1262 προσπλακβις
759 1224 798 1259 τῇ
810 1223 938 1262 συζύτφ,

270 1261 327 1290 Kal
341 1262 394 1290 τὸν
405 1261 476 1296 rem
492 1262 618 1295 ἥδιστον
631 1261 678 1296 ἄρ’
692 1261 810 1293 ἀνύσας
823 1261 929 1296 γάμον,

270 1298 368 1337 eam
383 1296 542 1337 φονευθεὶς
552 1295 694 1337 amitis
709 1295 868 1337 ἀρασῖρίας

274 1328 542 1372 ἴθιὲτοιῖσὺνβρῑῆ
556 1328 764 1372 arsuram
776 1328 921 1372 έκρμένης

273 1367 406 1402 Σοσαρὸν
418 1367 442 1394 τ’
455 1365 571 1394 ἐκεῖνον
585 1366 771 1400 ἐκτεμούσης
781 1365 905 1399 αὐχένα.

218 1423 401 1457 Prudentius,
429 1423 654 1459 Hamartigenia;
672 1421 794 1455 Plinius,
818 1421 869 1449 lib.
887 1430 903 1448 ι
914 1441 922 1454 ,
937 1428 998 1456 cap.

218 1469 264 1501 ιε,
287 1469 386 1504 Vipera
398 1477 455 1496 mas
470 1472 548 1503 caput
563 1468 657 1495 inserit
672 1467 699 1494 in
714 1475 755 1501 os,
769 1466 839 1502 quod
858 1466 906 1493 illa
922 1466 1001 1494 abro-

218 1516 258 1543 dit
274 1515 415 1549 uoluptatis
427 1514 574 1541 dulcedine.
593 1513 626 1540 Et
639 1521 674 1541 ex
686 1513 886 1541 recentioribus
901 1512 1000 1541 Adria-

219 1567 272 1588 nus
285 1558 394 1592 Junius,
408 1559 535 1587 emblem.
548 1558 592 1586 38.

254 1607 336 1641 lbid.,
351 1607 400 1634 lin.
417 1606 444 1634 5.
458 1606 540 1640 Αὕτη
553 1605 588 1632 δὲ
602 1605 718 1641 ἔγγυος.
736 1604 893 1633 Secundum
908 1608 950 1633 est
966 1604 1001 1633 de
1014 1612 1036 1641 ε

218 1657 299 1689 partu
320 1661 431 1686 eorum;
450 1653 526 1680 aiunt
547 1659 666 1687 namque
690 1652 764 1687 quod
787 1651 851 1683 ﬂlii,
873 1650 1001 1686 disrupto

217 1704 313 1727 vcntre
324 1719 332 1732 ,
350 1697 483 1734 caesaque
498 1699 578 1726 vulva
601 1701 748 1733 erumpunt
759 1717 767 1729 ,
784 1695 932 1733 pensantes
944 1715 953 1729 ,
968 1703 1001 1724 ac

218 1746 382 1773 ulciscentes
408 1744 523 1780 primam
559 1743 648 1778 pejori
678 1744 826 1779 impietate.
853 1742 945 1776 Phile,
972 1742 1001 1770 in

219 1790 321 1818 lambis
328 1797 338 1816 :

271 1835 359 1870 Πλὴν
371 1835 440 1863 ἀλλ’
454 1836 470 1862 δ
484 1835 542 1870 μὲν
556 1835 708 1868 τέθνηκεν,
721 1835 740 1869 ή
755 1833 789 1860 δὲ
800 1833 861 1870 νῦν
876 1834 956 1861 κύει·

271 1868 353 1899 Μετὰ
364 1871 398 1897 δὲ
413 1868 521 1905 μικρόν
535 1879 601 1897 τινα
613 1870 738 1905 αὐτὰτὰ
749 1868 848 1905 βρέφη
863 1870 974 1903 χρόνον

273 1907 333 1940 Τὴν
343 1903 490 1941 μητρικῆν
501 1903 745 1941 ρήΕαη-αᾼγηδὺν
759 1903 859 1941 ἐξέδυ.

269 1941 319 1976 Μὴ
334 1939 409 1976 ’χῖ-οῦν
426 1940 602 1975 τετιμώρηκε
616 1939 655 1972 τῷ
669 1939 860 1974 φυτοσπόρφ.

221 1999 326 2030 Horus,
340 1999 387 2025 lib.
405 2006 423 2026 ιι
434 2018 441 2029 ,
458 2005 519 2033 cap.
541 1997 595 2031 60;
615 1997 768 2032 Antigonus
785 1996 944 2031 Carystius,
962 1994 1002 2022 De

221 2045 356 2077 mirabil.,
378 2045 446 2072 Οὐδὲ
474 2045 563 2080 ἔχιδνα.
587 2044 638 2076 δίς.
655 2043 755 2070 Ἐσθιει
780 2042 835 2078 γὰρ
855 2042 939 2078 αὐτῆς
951 2041 1002 2077 τὴν

220 2091 322 2118 κοιλίαν
335 2090 369 2117 τὰ
381 2090 495 2126 ἔμϐρυα.
512 2090 646 2122 Elianus,
658 2089 704 2117 lib.
716 2097 725 2117 ι
738 2088 781 2119 De
794 2089 887 2116 histor.
906 2090 1000 2121 anim.,

218 2143 280 2171 cap.
295 2135 349 2167 24,
363 2140 390 2163 et
415 2136 461 2162 lib.
481 2143 514 2162 xv
528 2157 536 2169 ,
553 2143 614 2170 cup.
632 2135 665 2162 l6
676 2155 684 2166 ,
704 2143 738 2162 ex
759 2135 894 2162 sententia
909 2134 1001 2162 Theo-

219 2181 324 2217 pbrasti
336 2181 382 2212 ait,
399 2185 521 2207 ventrem
538 2188 591 2207 non
618 2181 726 2208 corrodi
738 2200 746 2212 ,
762 2187 851 2215 neque
866 2180 1001 2214 disrumpi

217 2233 235 2253 a
252 2225 324 2259 filiis,
341 2225 388 2253 sed
412 2226 476 2260 quia
493 2229 627 2260 angustus
649 2229 691 2252 est
715 2225 786 2252 mole
802 2225 905 2253 sobolis
922 2225 1001 2259 pelli-

1049 988 1101 1016 erit
1111 988 1217 1023 negotii
1232 987 1381 1017 discutere.

1085 1033 1172 1066 Ibid...
1194 1033 1244 1061 lin.
1259 1034 1287 1062 9.
1308 1035 1452 1069 Γηράσας
1469 1035 1504 1062 δὲ
1517 1038 1534 1064 ὀ
1553 1036 1631 1072 ὄφις.
1647 1035 1686 1065 De
1698 1041 1838 1072 serpente.

1049 1079 1110 1115 ejus
1129 1084 1247 1113 natura,
1268 1085 1296 1109 et
1317 1082 1454 1117 quomodo
1475 1087 1614 1110 senectam
1627 1082 1838 1116 exuat,Petrus

1050 1126 1215 1161 Damianus,
1236 1127 1285 1155 lib.
1303 1123 1340 1162 If,
1359 1128 1443 1164 epist.
1467 1129 1524 1163 l8;
1545 1128 1689 1162 Elianus,
1711 1128 1749 1157 De
1771 1128 1835 1156 list.

1049 1174 1132 1202 anim.
1150 1173 1197 1201 lib.
1214 1182 1252 1207 Ix,
1261 1181 1322 1209 cap.
1337 1174 1381 1207 16,
1390 1174 1438 1207 ait,
1455 1179 1610 1213 serpentem
1626 1175 1757 1204 fteniculo
1770 1182 1837 1203 ocu-

1049 1218 1085 1247 lis
1097 1219 1380 1248 an‘ricatisoculorum
1395 1221 1587 1249 hebetudinem
1604 1222 1741 1257 abjicere;
1757 1229 1838 1251 senv

1049 1271 1130 1293 scunt
1143 1267 1215 1294 enim
1232 1267 1306 1294 oculi
1322 1271 1351 1294 et
1369 1266 1449 1294 sicuti
1468 1268 1601 1302 reliquum
1620 1275 1738 1303 corpus,
1758 1268 1795 1294 ita
1809 1271 1838 1295 et

1049 1312 1120 1340 oculi
1135 1320 1192 1340 sua!
1206 1313 1384 1348 perfectionis
1399 1313 1501 1340 habent
1519 1313 1665 1340 terminum
1699 1320 1779 1348 quem
1793 1317 1836 1339 at-

1049 1358 1172 1400 tingant,
1184 1366 1265 1394 quem
1278 1359 1302 1387 si
1316 1359 1486 1386 excesserint
1501 1359 1592 1386 lumen
1603 1359 1774 1391 absumunt,
1795 1359 1838 1386 in-

1050 1402 1175 1440 Irmique
1189 1403 1358 1438 redduntur,
1379 1406 1462 1432 Ὅταν
1485 1405 1653 1440 ἀποδύσηται
1669 1405 1701 1432 τὸ
1719 1405 1807 1441 γῆρας
1825 1405 1840 1431 ὁ

1049 1449 1128 1484 ιφις,
1148 1451 1338 1487 ὑπερχομένου
1355 1451 1384 1478 δὲ
1398 1451 1445 1478 τοῦ
1463 1449 1530 1487 ἦρος
1550 1451 1601 1487 δρᾷ
1615 1450 1710 1483 τοῦτο,
1725 1449 1841 1478 ἐνταῦθά

1049 1503 1091 1522 τοι
1106 1496 1155 1522 καὶ
1168 1496 1223 1523 τῶν
1241 1497 1390 1533 ὀφθαλμῶν
1401 1498 1449 1533 τὴν
1467 1498 1561 1533 ἀχλὺν,
1577 1497 1626 1525 καὶ
1637 1497 1669 1524 τὸ
1684 1497 1775 1532 ἀμϐλὺ
1788 1497 1840 1532 τῆς

1050 1541 1138 1576 ὅψεως
1153 1542 1276 1577 pluerat
1286 1562 1293 1575 ,
1304 1544 1352 1570 καὶ
1365 1544 1452 1570 ἐκεῖνο
1466 1544 1504 1575 ὡς
1521 1544 1610 1579 γῆρας
1623 1542 1780 1579 ὀφθαλμῶν.
1794 1541 1840 1578 Τῷ
1856 1552 1858 1555 ·

1050 1587 1079 1614 δὲ
1096 1588 1228 1625 μαράθρῳ
1245 1589 1462 1624 προῦποθήγων,
1483 1590 1529 1616 καὶ
1544 1589 1700 1625 περιψήχων
1714 1588 1745 1615 τὸ
1762 1588 1840 1624 ὄμμα

1052 1635 1200 1671 ἑκάτερον,
1220 1634 1280 1663 εἶτα
1301 1636 1415 1672 tam;
1434 1636 1511 1663 τοῦδε
1526 1636 1572 1664 τοῦ
1592 1636 1695 1668 πάθους
1723 1635 1838 1670 γίνεταιι

1051 1679 1235 1714 ’Δμσλυὼττει
1251 1681 1280 1707 δὲ
1301 1680 1356 1716 ἄρα.
1379 1680 1423 1707 διὰ
1435 1680 1482 1707 τοῦ
1503 1680 1637 1716 χειμῶνος
1650 1679 1791 1715 φωλεύσις
1810 1680 1840 1706 ιν

1052 1724 1129 1760 μυχῷ
1139 1725 1187 1751 καὶ
1200 1725 1297 1760 σκότῳ.
1309 1725 1414 1752 οὐκοῦν
1428 1724 1595 1752 Μλαιοῦσαν
1609 1725 1641 1751 ἐκ
1652 1725 1707 1751 τῶν
1721 1724 1839 1760 κρυμῶν

1049 1769 1103 1796 τῶν
1125 1768 1202 1801 ζώων
1219 1770 1270 1805 τὴν
1287 1769 1349 1804 ὄψιν
1364 1769 1563 1805 ὕποθερμαίνον
1575 1769 1606 1796 τὸ
1621 1768 1758 1805 μάραθρον
1772 1769 1839 1796 καθ-

1049 1814 1132 1850 αίρει,
1145 1816 1192 1841 καὶ
1206 1815 1409 1851 ὀξυωπέστερον
1436 1815 1592 1850 ἀποφαίνει.
1610 1814 1644 1842 Et
1657 1815 1772 1848 Plinius,
1789 1815 1837 1842 lib.

1050 1869 1109 1893 vm,
1118 1867 1179 1896 Cap.
1195 1861 1230 1888 27
1244 1870 1251 1888 ε
1264 1862 1362 1897 Anguis
1371 1862 1486 1896 hyberua
1497 1862 1599 1888 latebra
1615 1862 1671 1889 visu
1685 1861 1837 1894 obscurato,

1051 1907 1187 1934 msrathro
1209 1907 1296 1934 herba.-
1311 1915 1366 1935 sese
1388 1907 1532 1941 aﬂ‘ricans,
1551 1908 1640 1934 oculos
1661 1907 1783 1942 inungit,
1807 1915 1840 1935 ac

1052 1954 1150 1988 refovet
1162 1961 1171 1986 ;
1183 1954 1206 1980 si
1220 1962 1279 1981 vero
1298 1962 1416 1988 squamce
1433 1954 1604 1988 obtorpuere,
1620 1954 1704 1988 spinis
1720 1953 1839 1988 junipers'

1051 2007 1078 2027 se
1091 1999 1185 2026 scabit.
1199 1999 1233 2026 Et
1247 1999 1294 2027 lib.
1310 2007 1337 2032 x,
1347 2007 1407 2035 cap.
1422 2000 1477 2027 23:
1491 2000 1656 2027 Feniculum
1670 2000 1840 2027 nobilitatem

1051 2051 1179 2081 serpentes
1198 2051 1315 2082 gustatu,
1331 2052 1360 2073 ut
1375 2046 1443 2078 dixi,
1458 2052 1588 2074 senectam
1605 2046 1732 2077 cauendo;
1746 2046 1838 2073 oeulo—

1051 2101 1159 2129 rumque
1174 2095 1256 2120 aciem
1271 2101 1348 2120 succo
1365 2093 1420 2127 ejus
1445 2093 1592 2127 refovendo.
1613 2093 1773 2120 Aristoteles
1795 2096 1837 2118 ta-

1051 2146 1112 2166 men
1123 2157 1131 2170 ,
1148 2138 1196 2165 lib.
1211 2145 1258 2164 vin
1275 2137 1312 2164 De
1330 2138 1392 2164 hist.
1417 2138 1498 2164 anim.
1510 2158 1518 2171 ,
1540 2145 1600 2173 cap.
1617 2137 1669 2170 d7,
1683 2138 1790 2165 videtur
1809 2136 1834 2164 ln

1051 2191 1081 2211 ea
1100 2191 1162 2211 esse
1177 2184 1312 2210 sententia
1323 2202 1330 2215 ,
1352 2184 1374 2211 si
1393 2188 1466 2210 recle
1482 2184 1543 2217 ejus
1562 2183 1643 2210 verba
1658 2183 1834 2210 consideren-

1052 2233 1113 2262 tur,
1127 2229 1254 2256 videlicet
1273 2235 1413 2264 serpentes
1427 2237 1483 2256 non
1499 2237 1560 2256 esse
1574 2236 1661 2257 oecos
1678 2238 1684 2255 ε
1705 2228 1754 2256 sed
1773 2228 1837 2263 quis

218 2276 274 2303 tur,
286 2271 331 2306 qui
347 2278 408 2298 cum
422 2270 503 2298 reniti
515 2278 569 2298 non
586 2271 673 2306 possit
685 2270 881 2305 perrumpitur,
892 2274 920 2298 et
933 2278 1000 2298 acus
1017 2277 1039 2305 υ
1053 2286 1064 2313 ι

990 2278 1000 2298 ³
1017 2277 1039 2305 D
1053 2278 1132 2313 pellis
1142 2278 1188 2305 illa
1200 2278 1257 2305 sive
1269 2280 1378 2305 senecta
1390 2276 1507 2311 primum
1522 2275 1675 2303 detrahitur
1689 2275 1724 2302 ab
1736 2275 1836 2308 oculis,

218 2317 331 2346 marine
347 2316 470 2351 exemplo
486 2316 651 2351 persuadere
665 2321 790 2348 conatur,
801 2323 862 2351 quae
877 2316 942 2352 quia
953 2323 999 2343 ca-

218 2371 313 2400 pacem
323 2363 482 2405 ‘alvum_non
493 2363 594 2390 habent
606 2363 732 2391 similiter
743 2362 896 2390 adiciuntur
910 2370 925 2389 a
942 2363 1000 2390 suis

219 2410 331 2438 fetibus.
342 2408 458 2441 Plinius,
474 2409 494 2436 l.
507 2408 552 2436 d.:
570 2409 661 2436 Tertia
671 2410 713 2436 die
727 2410 800 2436 intra
810 2413 914 2436 uterum
925 2413 1001 2435 eatu-

216 2456 258 2484 los
272 2454 404 2486 excludit,
421 2453 513 2481 deinde
533 2453 652 2489 singulos
671 2454 762 2482 diebus
782 2454 892 2488 singulis
916 2454 998 2488 parit,

215 2502 309 2537 uiginti
329 2501 383 2536 fere
395 2508 514 2528 numero.
529 2498 623 2534 Itaque
637 2500 727 2527 ιιι-ιινί
757 2499 892 2527 tarditatis
907 2499 1001 2533 inspa-

215 2550 310 2577 tlentes
324 2550 495 2583 perrumpunt
511 2546 596 2573 latera
611 2546 699 2573 occisa
711 2551 830 2580 parente.
841 2545 1000 2573 Aristotcles

214 2600 319 2627 tamen,
336 2594 375 2622 De
391 2594 453 2621 hist.
467 2593 563 2624 anim,
580 2592 627 2620 lib.
641 2600 673 2624 v,
686 2599 748 2628 cap.
764 2593 826 2624 ult.,
842 2591 922 2618 aliter
936 2598 1000 2618 sen-

214 2643 250 2670 tit
269 2645 298 2671 et
315 2645 422 2669 narrat.
450 2639 566 2675 ideoque
588 2639 623 2666 ab
642 2639 780 2675 aliquibus
800 2639 851 2666 hoc
873 2637 955 2666 sicuti
971 2642 1000 2665 et

214 2687 334 2723 primum
347 2686 382 2715 de
392 2687 545 2722 viperarum
557 2685 632 2713 coitu
647 2686 687 2713 uti
699 2685 854 2714 fabulosum
865 2684 997 2719 rejicitur.

215 2733 295 2761 Parit
309 2732 412 2760 catulos
435 2723 572 2760 absolutos
595 2732 756 2759 membranis
767 2751 776 2764 ,
790 2739 845 2766 qua
862 2731 941 2758 tertia
957 2730 999 2758 die

213 2783 384 2814 rumpuntur.
399 2777 533 2814 Contingit
546 2785 604 2805 vero
628 2785 817 2813 nonnunquam
829 2798 838 2811 ,
855 2782 884 2804 ut
903 2777 948 2812 qui
971 2777 999 2804 in

212 2830 290 2852 utero
311 2824 397 2851 adhuc
416 2829 478 2852 sunt
503 2823 605 2851 abrasit
631 2824 792 2852 membranis
815 2826 996 2858 prorumpunt.

213 2870 339 2907 Singulos
351 2870 443 2898 diebus
460 2871 571 2906 singulis
592 2870 681 2905 parit,
695 2870 784 2904 plures
796 2879 876 2906 quam
895 2869 997 2905 uiginti.

214 2916 395 2945 Verissimum
411 2916 503 2952 itaque
517 2920 559 2944 est
579 2922 723 2951 superesse
745 2916 835 2951 panni
857 2922 908 2942 suo
923 2914 998 2950 vipe-

1050 2324 1114 2352 dum
1126 2327 1275 2355 exuuntur,
1284 2324 1345 2351 ideo
1356 2323 1390 2350 iis
1398 2323 1444 2358 qui
1454 2330 1510 2350 rem
1522 2329 1575 2349 non
1590 2321 1743 2356 intelligunt
1753 2322 1837 2349 videri

1049 2377 1137 2397 caecos
1152 2369 1221 2401 fieri,
1231 2370 1315 2396 Ὅταν
1324 2369 1352 2396 δὲ
1368 2369 1506 2404 ἄρχωνται
1520 2367 1640 2394 ὲκδύνειν
1652 2368 1675 2393 οἱ
1689 2366 1776 2401 ὄφεις,
1785 2367 1840 2394 ἀπὸ

1048 2416 1102 2442 τῶν
1121 2415 1267 2451 ὀφθαλμῶν
1282 2414 1446 2449 ἀφίστασθαι
1462 2413 1568 2450 πρῶτόν
1587 2421 1685 2447 φασιν,
1706 2412 1776 2439 ὥστε
1794 2412 1839 2439 δο-

1049 2462 1106 2488 κεῖν
1127 2460 1248 2495 γίνεσθαι
1269 2460 1385 2495 τυφλοὺς
1406 2461 1462 2491 τοῖς
1484 2459 1522 2495 μὴ
1542 2458 1662 2486 συνιοῦσι
1687 2458 1718 2485 τὸ
1741 2458 1836 2490 πάθος.

1048 2506 1151 2534 Natura
1166 2507 1377 2542 perfectioribus
1391 2505 1555 2533 animalibus
1571 2504 1673 2535 invida,
1689 2506 1732 2531 sui
1746 2508 1837 2531 tamen

1049 2553 1078 2580 in
1093 2553 1266 2588 serpentibus
1287 2552 1401 2588 prodiga
1429 2552 1609 2587 conspicitur.
1634 2549 1663 2577 Si
1692 2550 1736 2577 cui
1765 2549 1837 2577 enim

1048 2599 1092 2626 vel
1109 2599 1277 2627 levissimum
1294 2599 1359 2634 quid
1373 2599 1399 2625 in
1415 2599 1510 2625 ocuIOs
1526 2597 1665 2632 inieceris,
1677 2600 1777 2631 prater
1789 2595 1836 2622 αυ-

1049 2643 1121 2670 lores
1134 2643 1293 2675 immensos,
1301 2647 1328 2670 et
1338 2643 1483 2678 lacrymas.
1493 2650 1553 2677 qua:
1561 2641 1694 2669 continuo
1704 2639 1836 2671 defluunt,

1048 2692 1092 2716 est
1113 2694 1141 2716 et
1161 2688 1313 2723 periculum
1341 2688 1412 2720 illis,
1432 2696 1466 2716 ne
1496 2688 1591 2715 morbo
1611 2686 1722 2714 obnoxii
1745 2686 1834 2713 lumen

1048 2733 1186 2762 amittant.
1199 2733 1278 2767 Quod
1293 2734 1317 2762 si
1336 2734 1501 2768 contigerit,
1520 2740 1655 2769 nusquam
1669 2732 1703 2760 ad
1719 2732 1835 2767 primam

1049 2779 1123 2807 illam
1146 2780 1233 2807 aciem
1249 2779 1357 2815 regredi
1368 2781 1470 2808 valent.
1487 2780 1667 2815 Serpentibus
1681 2778 1836 2806 idconces-

1048 2826 1102 2859 sit,
1115 2833 1234 2861 quorum
1247 2826 1344 2854 oculos
1359 2826 1382 2854 si
1398 2826 1574 2858 laceraveris,
1587 2826 1632 2852 alii
1646 2827 1834 2857 renascentur,

1047 2875 1076 2900 et
1096 2872 1168 2900 idem
1190 2879 1252 2898 cum
1272 2872 1412 2907 prioribus
1427 2879 1528 2900 munus
1542 2870 1721 2907 prestabunt.
1738 2869 1835 2898 Notavi

1048 2922 1082 2942 ea
1095 2914 1253 2947 Aristotele,
1268 2914 1305 2942 Ds
1318 2915 1381 2942 hist.
1400 2915 1494 2946 anim"
1510 2914 1557 2942 lib.
1577 2920 1614 2946 II,
1625 2920 1686 2946 cap.
1703 2912 1753 2945 l7,
1770 2910 1836 2940 Ess-
