2143 3163
283 194 357 223 9063

951 190 1074 219 ιεοΝιε
1091 188 1228 217 ΑιιΑτιι

1876 190 1931 218 θαι

303 253 360 281 nire
378 250 542 286 stupentibus
556 250 626 278 idem
642 250 711 286 quod
726 249 807 284 pullis
828 248 1001 275 hirundinum
1018 256 1092 275 non-
1107 251 1130 278 Α
1143 255 1149 262 ·

1086 262 1092 268 -
1107 251 1130 278 Α
1143 255 1207 277 τας·
1225 246 1344 278 καὶτοὺς
1358 245 1461 279 ἰδόντας
1472 245 1554 274 αὐτόν
1564 255 1570 260 “
1580 246 1628 275 καὶ
1638 246 1680 275 δτι
1690 247 1744 275 τῶν
1757 246 1932 280 mea»

303 298 372 326 nulli
384 298 476 329 aiunt;
484 297 568 325 oculis
578 297 648 324 enim
659 300 808 330 serpentum
820 295 956 327 laceratis,
965 293 1091 321 subnasci

303 343 372 371 alios
384 343 519 378 referunt;
534 342 629 369 cauda
646 342 728 369 etiam
742 341 850 367 lacertis
869 345 948 375 atque
960 339 1090 374 serpenti-

305 388 353 416 bus
368 393 512 423 amputata
528 394 714 415 renascuntur.
729 386 844 416 Plinius.
853 385 900 412 lib.
916 392 955 416 xi,
967 392 1028 419 cap.
1045 383 1090 416 57,

306 423 461 470 Serpentum
469 434 564 461 catulis
573 438 598 461 et
612 433 784 460 hirundinum
795 431 886 467 pullis,
894 431 918 457 si
933 431 991 465 quis
1003 433 1090 462 eruat,

304 481 408 508 renasci
423 481 544 507 tradunt.

339 524 407 553 Ibid.
416 526 471 553 Kal
479 525 653 560 νηστεύσας
660 523 781 558 ἡμέρας.
797 522 968 551 Aristoteles.
977 521 1014 549 De
1028 522 1091 549 hist.

304 572 387 598 anim.
403 571 422 599 l.
437 579 496 603 vni.
517 578 541 597 c.
560 570 587 603 4,
603 569 649 597 diu
661 574 687 596 et
702 572 842 603 serpentes
858 572 886 595 et
897 567 1042 603 phalangia
1055 566 1094 593 vi-

304 625 368 644 vere
389 624 469 652 posse
488 616 547 643 sine
565 616 627 643 cibo
657 614 783 645 allirmat,
802 613 874 649 quod
893 621 927 640 ex
951 612 996 644 iis,
1023 619 1093 646 quos

305 655 520 698 pbarniacopolra
544 662 621 688 alunt
636 662 810 695 perspicuum
834 663 887 687 est.
914 658 1092 694 Epiphanius.

304 709 331 736 in
352 708 471 743 Pligsiol.
486 715 512 735 c.
526 708 559 734 l3
572 717 578 734 :
596 708 681 733 Ὅταν
697 706 837 742 γηράσκῃ,
853 705 1034 741 ἁμόλύνοντιιι
1047 705 1094 731 αὑ-

302 753 350 780 τοῦ
367 754 391 780 οἱ
406 753 550 788 ὀφθαλμοὶ,
565 753 613 779 καὶ
628 752 676 778 ἐὰν
700 752 856 784 ἀνανεάζειν
879 751 973 778 ἑαυτὸν
996 751 1093 787 βούλη-

302 808 358 831 ται,
373 799 496 835 νηστεύει
510 799 615 834 ἡμέρας
630 799 844 833 τεσσαράκοντα,
854 798 906 829 ἓως
920 798 953 824 ἄν
966 798 996 824 τὸ
1009 797 1094 832 δέμας

304 845 387 872 αὑτοῦ
413 844 557 880 χαυνωθῇ,
578 845 625 871 καὶ
649 844 772 879 εὑρίσκει
801 844 913 878 πέτραν,
937 845 985 870 καὶ
1009 846 1094 880 para-

303 891 427 918 δαστεύιι
438 900 444 906 '
465 891 607 928 προκύψας
623 890 651 916 δὲ
671 890 714 916 διὰ
736 890 785 925 τῆς
799 890 868 925 ὀπῆς
883 889 992 916 ὠθεῖται
1008 889 1094 925 περά-

304 944 361 968 σαι,
386 936 434 962 καὶ
457 935 582 963 ἐκϐάλλει
608 935 638 961 τὸ
661 935 767 970 γῆρας,
794 936 841 962 καὶ
864 934 1010 963 ἀποὸαλὼν
1028 934 1094 962 αὐτὸ

302 982 445 1018 τερπωλὴν
464 982 578 1018 παρέχει
596 981 754 1009 νεανίσκων.

341 1027 420 1061 lbid.,
436 1028 486 1055 lin.
503 1028 546 1055 to.
572 1027 630 1054 Καὶ
645 1027 810 1062 εἰσέρχεται
826 1028 870 1060 εις
881 1028 951 1062 par.
977 1026 1095 1062 Serpen-

303 1078 346 1103 tes
361 1080 498 1102 senectam
520 1082 621 1102 exuere
644 1075 769 1101 scribunt
783 1074 954 1107 Aristoteles,
972 1074 1010 1101 De
1030 1074 1092 1102 hist.

304 1120 386 1148 anim.
413 1120 459 1147 lib.
485 1127 546 1150 vm.
567 1127 592 1147 c.
612 1119 660 1152 l7;
680 1116 815 1151 Elianus.
839 1120 911 1152 1.1x,
927 1127 952 1147 c.
977 1120 1029 1154 16;
1047 1120 1094 1147 Ni-

305 1165 419 1196 cander,
446 1165 473 1192 in
501 1165 653 1198 Tlieriacis;
680 1166 827 1201 Virgilius,
857 1173 876 1192 ll
903 1165 996 1200 Georg.
1023 1171 1050 1193 et
1069 1174 1093 1201 ,ιι

305 1210 434 1243 Eueni”-
455 1210 580 1242 Nonnus.
596 1211 774 1246 Dionysiacon
798 1212 816 1238 1.
833 1219 892 1244 xu;
911 1211 1049 1242 Siinmias.
1067 1213 1094 1239 in

304 1256 388 1288 Ala.;
406 1255 543 1283 Tlieodor.
568 1255 587 1284 Ι.
604 1263 612 1283 l
630 1256 806 1290 TherapeuL;
827 1255 943 1286 Plinius.
961 1257 978 1284 l.
992 1263 1052 1288 vui.
1067 1264 1092 1284 c.

303 1302 338 1329 27
353 1311 360 1329 :
375 1301 477 1337 Anguis
492 1301 607 1337 hyberno
623 1302 675 1328 situ
692 1301 843 1328 membrana
855 1303 971 1336 corporis
981 1302 1094 1329 obducta

305 1347 422 1383 feniculi
437 1355 514 1374 succo
529 1346 743 1380 impedimentum
764 1347 832 1373 illud
848 1348 930 1378 exuit.
944 1347 1094 1382 nitidusque

304 1399 406 1421 uernat.
432 1392 513 1420 Exuit
528 1397 615 1419 autem
633 1401 649 1418 a
668 1393 752 1427 capite
772 1393 899 1426 primunt,
917 1401 962 1419 nec
983 1393 1094 1420 celerius

304 1448 385 1476 quam
401 1448 451 1466 uno
465 1440 518 1470 die,
535 1447 566 1466 ac
583 1444 656 1466 nocte
672 1438 812 1473 replicans.
826 1444 854 1466 ut
868 1446 943 1466 extra
955 1440 1003 1474 ﬁat
1014 1448 1094 1466 mem-

305 1486 401 1515 brana.
427 1483 496 1519 quod
522 1484 609 1518 fuerat
632 1483 721 1515 intus;
748 1482 848 1516 Horus,
865 1483 882 1511 Ι.
909 1491 927 1515 i.
953 1492 977 1511 c.
993 1484 1022 1510 2.
1040 1482 1095 1511 Nec

307 1530 395 1565 parcit
416 1529 508 1556 hacin
527 1536 557 1556 re
578 1528 706 1556 Cardano
727 1527 859 1563 Scaliger.
877 1536 966 1556 exerc.
985 1528 1045 1560 i89.
1065 1537 1092 1557 n.

306 1576 335 1608 5,
355 1575 402 1603 sed
420 1582 531 1602 causam
551 1574 695 1602 adductam
712 1582 796 1609 quare
807 1579 947 1609 serpentes
967 1580 1094 1602 senectu-

306 1625 361 1648 tem
390 1624 492 1647 exuunt
521 1623 632 1654 propter
660 1619 810 1646 siccitatem
834 1619 968 1646 duntaxat
996 1619 1094 1647 refellit

305 1666 430 1701 exemplo
445 1665 591 1697 stellionis.
607 1665 653 1700 qui
668 1672 723 1692 non
739 1668 782 1692 est
807 1665 899 1692 siccus
917 1669 945 1693 et
965 1666 1050 1697 exuit.
1067 1669 1095 1693 et

306 1713 435 1740 arborum
458 1712 616 1743 sicciorum,
633 1711 679 1746 qui
698 1711 828 1739 corticem
849 1712 954 1738 nullum
969 1715 1093 1745 mutant;

306 1759 512 1790 cantharidum.
527 1766 589 1793 qua:
604 1758 674 1785 inter
688 1758 792 1785 insecta
805 1758 965 1785 siccissimas
977 1761 1052 1789 sunt.
1068 1761 1095 1785 et

306 1806 435 1833 ciniicum
455 1805 616 1836 volantium.
632 1811 702 1838 quos
719 1803 777 1839 ipse
796 1811 826 1831 se
842 1803 937 1839 igneos
952 1807 1094 1839 expertum

306 1858 370 1879 esse
388 1851 498 1878 fatetur.
1024 1856 1027 1860 '

344 1896 424 1928 lbid..
443 1897 493 1924 lin.
508 1896 551 1924 15.
563 1897 656 1924 ὀταν
671 1896 706 1924 δὲ
722 1895 852 1930 διψήσῃ.
868 1894 907 1923 De
917 1895 1020 1930 vipera,
1034 1902 1095 1930 qua

306 1950 441 1970 venenum
465 1943 574 1977 exspuit
591 1943 655 1970 dum
676 1950 739 1969 cum
761 1949 881 1968 muraena
907 1940 1093 1976 congreditur,

308 1989 378 2017 idem
387 1989 511 2016 scribunt
522 1989 663 2023 Oppianus
676 1989 803 2016 Ἀλιευτ.
813 1995 821 2015 l
832 1997 839 2022 ;
851 1987 928 2016 Phile
936 1988 964 2015 in
971 1987 1072 2015 lambis
1083 1995 1093 2020 ;

307 2033 427 2061 Achilles
442 2033 548 2063 Tatius.
566 2038 594 2060 et
612 2034 669 2060 alii.

343 2079 424 2110 Ibid.,
443 2079 491 2106 lin.
509 2079 554 2107 l9.
569 2079 600 2106 '0
616 2079 650 2106 δὲ
660 2079 847 2112 ,βασιλίσκος
858 2079 915 2106 ιόν.
931 2079 1093 2106 Basiliscum

305 2129 334 2152 et
344 2125 444 2152 olfactu
461 2129 613 2156 necantem.
631 2129 658 2151 et
672 2125 807 2152 hominem
822 2125 844 2153 si
859 2125 973 2160 aspiciat
987 2129 1093 2152 tantum

307 2171 464 2199 interimere
480 2172 547 2198 dicit
569 2170 686 2202 Plinius.
704 2172 752 2198 lib.
770 2180 844 2204 xxix,
860 2179 921 2207 cap.
944 2171 972 2203 ι,
995 2172 1023 2198 in
1039 2179 1094 2206 quo

306 2218 367 2245 loco
392 2225 442 2252 pro
467 2217 578 2249 olfactu.
604 2217 695 2252 amata
718 2218 892 2246 restituerem
907 2225 940 2245 ex
953 2218 1092 2245 communi

1141 291 1168 318 ιῐ
1181 300 1208 318 τι
1225 292 1271 318 καὶ
1285 292 1384 327 albano
1406 292 1454 319 τοῦ
1478 293 1548 326 (diois
1564 294 1727 330 ἀνηρμένου,
1742 293 1790 320 καὶ
1803 293 1870 321 αὐτὸ
1883 302 1931 321 τι-

1141 337 1223 372 λευτᾷ
1236 337 1346 370 εὐθέως,
1362 343 1410 364 και
1422 338 1466 364 διὰ
1478 338 1558 366 τοῦτο
1573 340 1629 367 πᾶν
1646 339 1727 367 αὑτοῦ
1742 340 1774 366 τὸ
1787 339 1865 374 γένος
1875 340 1931 368 τῶν

1140 382 1228 410 ἄλλων
1250 383 1352 418 θηριων
1376 383 1461 418 ἐγγὺς
1484 381 1554 411 εἶναι
1569 385 1742 420 φυλάττεται.
1766 384 1868 413 Eadem
1885 392 1932 414 ro-

1142 428 1197 470 fert
1212 427 1314 461 Horas.
1337 429 1383 456 lib.
1410 436 1430 461 ι,
1448 436 1509 464 cap.
1526 429 1553 461 1.
1577 434 1605 458 et
1624 430 1672 458 lib.
1693 438 1723 462 tl,
1738 437 1800 466 cap.
1814 429 1845 458 61
1859 439 1868 464 ;
1883 430 1932 458 Δι-

1141 474 1238 502 bertus
1258 474 1382 509 Magnus.
1398 474 1445 502 lib.
1460 483 1514 502 xxv
1528 474 1567 502 De
1580 476 1674 508 anim..
1685 477 1824 504 nominum
1839 475 1932 504 diver-

1142 520 1221 548 sitate
1244 520 1385 556 deceptus.
1402 521 1559 549 basiliscum
1571 521 1787 556 congeminando
1808 522 1877 550 duas
1894 522 1930 550 il-

1142 565 1196 593 lius
1223 566 1330 600 species
1367 565 1491 594 diversas
1515 567 1673 601 constituit;
1711 567 1844 603 siquidem
1872 567 1929 596 duo

1142 611 1232 645 capita
1258 610 1333 642 facit.
1352 611 1468 638 alterum
1484 611 1518 639 de
1545 611 1682 645 basilisco,
1699 613 1814 640 alterum
1829 613 1865 641 de
1885 620 1932 641 ar-

1143 663 1231 683 meue.
1244 656 1383 684 Avicenna
1395 656 1513 691 dubitat,
1525 658 1597 686 sitne
1609 657 1679 686 idem
1692 666 1805 695 serpens
1818 666 1931 688 armeue

1144 709 1206 728 cum
1224 702 1362 734 basilisca,
1388 703 1431 730 vel
1446 703 1582 731 diversus.
1608 703 1738 732 Nicotaus
1759 704 1931 734 Leonicenua

1144 754 1284 775 armenem
1298 751 1326 775 et
1339 748 1499 776 basiliscum
1514 750 1622 777 unicam
1632 758 1693 778 esse
1704 751 1822 786 speciem
1838 756 1866 780 et
1875 759 1931 779 non

1144 794 1214 822 duas
1229 795 1323 822 multis
1346 796 1516 831 argumentis
1541 803 1572 823 ac
1592 797 1745 825 rationibus
1760 798 1866 832 prohat,
1887 805 1931 826 ro-

1144 838 1267 874 l'ellitque
1292 840 1444 872 Albertum.
1460 844 1487 868 et
1508 841 1687 873 Aviceunam.
1707 845 1735 869 et
1746 842 1930 877 quorumdam

1145 885 1260 913 aliorum
1276 886 1444 921 opinionem.
1457 886 1504 922 qui
1526 894 1664 915 armenem
1679 895 1763 915 unum
1779 895 1841 916 cum
1855 894 1933 917 cato-

1110 919 1132 949 Β
1145 931 1225 966 blepa
1247 919 1603 968 coristituebantIDecepti.
1622 938 1652 961 ut
1665 937 1742 968 puto.
1768 935 1932 962 auctoritate

1146 977 1238 1010 Plinii,
1260 978 1308 1013 qui
1327 978 1375 1006 lib.
1397 987 1456 1010 vui.
1473 979 1555 1015 capit.
1571 979 1617 1012 Si.
1633 979 1683 1012 ait,
1700 981 1931 1016 quemadmodum

1145 1023 1315 1056 basiliscum.
1328 1024 1365 1051 ita
1378 1028 1406 1052 et
1419 1025 1587 1060 catoblepam
1600 1025 1642 1052 vel
1652 1025 1710 1052 solo
1719 1029 1830 1060 aspectu
1843 1025 1932 1053 homi-

1145 1076 1195 1096 nes
1223 1073 1306 1104 atque
1321 1070 1375 1097 alia
1389 1070 1516 1098 animalia
1529 1071 1693 1099 interimere.
1713 1071 1790 1100 Mons
1803 1072 1868 1099 item
1883 1072 1931 1108 qui

1145 1113 1286 1150 Narsingae
1312 1122 1426 1150 regnum
1452 1114 1551 1143 dividit
1574 1123 1589 1142 a
1605 1114 1750 1144 Halabaris
1766 1116 1867 1144 multas
1883 1116 1933 1144 alit

1146 1160 1229 1193 feras,
1247 1161 1317 1188 inter
1332 1169 1401 1196 quas
1414 1162 1502 1189 alatos
1517 1169 1621 1197 angues
1640 1162 1785 1190 arboribus
1798 1163 1933 1191 insisten-

1146 1209 1199 1238 tes.
1216 1213 1286 1241 quas
1301 1207 1379 1234 aiunt
1400 1208 1460 1235 solo
1475 1207 1581 1240 altlatu.‘
1595 1209 1637 1236 vel
1661 1209 1743 1237 etiam
1760 1209 1867 1242 obtutu.
1883 1217 1934 1238 eos

1144 1252 1191 1286 qui
1218 1253 1330 1287 propius
1357 1253 1492 1280 accedunt
1516 1254 1678 1282 inlerllcere.
1704 1254 1793 1283 Julius
1809 1255 1933 1291 Scaliger

1145 1297 1172 1323 in
1189 1296 1355 1330 Cardanum,
1373 1299 1487 1326 excrcit.
1499 1299 1560 1327 249.
1577 1299 1670 1332 refert.
1684 1308 1713 1328 se
1738 1301 1837 1336 legisse
1858 1301 1932 1336 apud

1145 1344 1310 1371 recentiores
1322 1343 1414 1372 Romae
1424 1343 1514 1373 Leone
1525 1345 1654 1380 pontiﬁce
1668 1346 1786 1374 maximo
1798 1347 1834 1374 ad
1845 1347 1932 1375 adem

1144 1388 1235 1417 Lucize
1254 1390 1305 1417 sub
1320 1390 1424 1418 fornice
1437 1391 1604 1419 stabulaluiu
1619 1399 1681 1420 esse
1696 1392 1867 1425 basiliscum,
1883 1401 1933 1421 cu—

1142 1436 1189 1470 jus
1204 1436 1294 1465 alllatu
1311 1444 1408 1471 magna
1426 1437 1469 1464 lue
1485 1437 1581 1466 all’ecta
1600 1437 1687 1466 Roma
1708 1439 1799 1471 fuerit.
1814 1447 1933 1475 eumque

1145 1480 1217 1507 illico
1246 1481 1383 1515 pontifu-is
1410 1482 1538 1516 precibus
1558 1483 1735 1511 exstinctum.
1768 1483 1933 1511 Basiliscum

1145 1535 1200 1554 non
1216 1527 1350 1554 incantari
1365 1531 1492 1555 testatum
1503 1532 1545 1555 est
1553 1528 1641 1556 sacris
1650 1527 1779 1557 Litteris:
1791 1528 1858 1557 Ecce
1872 1538 1932 1565 ego,

1145 1573 1229 1608 inquit
1247 1572 1385 1605 Dominus,
1398 1574 1500 1600 mittam
1518 1574 1589 1601 nobis
1602 1581 1731 1610 serpentes
1744 1577 1857 1612 regulos,
1871 1578 1934 1613 qui-

1145 1618 1192 1645 bus
1205 1626 1256 1645 non
1266 1623 1304 1645 est
1318 1619 1473 1652 int-antatioI
1483 1625 1507 1647 et
1518 1621 1671 1648 mordebant
1685 1623 1754 1650 vos‘.
1770 1622 1932 1656 Quinetiam

1144 1663 1254 1698 quidam
1270 1664 1611 1694 credideruntbasiliscuiu
1629 1667 1830 1697 incantamenta
1840 1669 1934 1698 discu-

1144 1716 1211 1742 tere.
1229 1712 1306 1740 et.ab
1320 1713 1364 1741 bis
1382 1709 1439 1748 jam
1457 1718 1553 1749 captos
1569 1715 1639 1743 alios
1662 1720 1803 1752 serpentes
1819 1718 1888 1746 solvi
1905 1723 1934 1748 et

1144 1757 1273 1786 Iberari.‘
1289 1758 1383 1786 Obiter
1405 1759 1524 1787 notanda
1540 1764 1583 1788 est
1606 1761 1650 1789 hic
1666 1761 1812 1797 Augustini
1837 1764 1933 1801 Eugu-

1143 1803 1201 1831 bini
1224 1806 1371 1838 sententia,
1397 1806 1445 1841 qui
1468 1806 1495 1833 in
1518 1805 1684 1842 Cosmopizia
1708 1814 1862 1844 serpentem
1883 1813 1932 1848 qui

1144 1849 1227 1878 Evam
1252 1851 1358 1887 decepit
1386 1851 1473 1880 fuisse
1496 1853 1657 1881 basiliscum
1679 1861 1782 1888 censet.
1804 1863 1834 1885 ut
1857 1858 1933 1887 sicut

1144 1896 1279 1929 diabolus.
1295 1899 1340 1933 qui
1356 1899 1471 1926 tentavit
1486 1898 1581 1933 Evam.
1598 1901 1727 1936 princeps
1741 1901 1828 1931 fuisse
1841 1905 1933 1932 credi-

1144 1945 1190 1968 tur
1205 1943 1370 1976 daemonum,
1385 1944 1423 1971 ita
1443 1952 1510 1973 usus
1526 1945 1562 1973 sit
1582 1949 1612 1972 ut
1629 1953 1731 1981 organo
1747 1955 1780 1975 eo
1793 1949 1932 1984 serpente,

1144 1988 1192 2022 qui
1222 1989 1345 2016 omnium
1372 1994 1532 2025 serpentum
1565 1995 1695 2026 tanquam
1725 2001 1772 2021 rex
1803 1994 1932 2024 habetur.

1145 2032 1223 2060 Hunc
1236 2042 1301 2061 vero
1318 2043 1380 2063 esse
1400 2036 1570 2067 basiliscum.
1587 2041 1614 2064 et
1636 2045 1737 2066 nomen
1756 2038 1844 2074 ipsum
1859 2041 1934 2069 indi-

1144 2083 1198 2110 cat.
1213 2084 1241 2108 et
1263 2088 1324 2116 qua:
1346 2081 1380 2109 de
1408 2082 1562 2109 incredibili
1585 2083 1646 2118 ejus
1671 2085 1705 2112 ad
1730 2086 1885 2115 nocendum
1903 2089 1931 2117 vi

1143 2123 1248 2153 Plinius
1261 2130 1288 2153 et
1303 2126 1413 2155 Solinus
1430 2128 1552 2156 tradunt.

1180 2171 1261 2205 lbid.,
1277 2172 1323 2200 lin.
1339 2173 1384 2200 22.
1408 2173 1576 2207 Ἰστοροῦσι
1587 2173 1622 2201 δὲ
1637 2177 1739 2204 αὐτόν.
1756 2176 1889 2214 Origenes
1901 2179 1929 2207 in

1144 2221 1239 2245 catena
1262 2217 1355 2246 Gmca
1371 2219 1400 2246 in
1425 2218 1536 2252 lamin,
1551 2227 1612 2256 cap.
1627 2221 1662 2249 ιθ
1677 2230 1684 2250 :
1698 2223 1753 2250 Kal
1774 2224 1852 2258 δφεις
1875 2225 1934 2262 γὰρ

306 2267 450 2291 auctorum
478 2264 624 2295 sententia.
648 2264 695 2298 qui
724 2263 814 2291 amatu
837 2272 916 2291 suum
932 2265 1007 2292 virus
1034 2264 1091 2291 cir-
1106 2263 1152 2294 Dl

1087 2265 1129 2294 -D
1144 2263 1278 2296 ῑοσόλλους
1300 2265 1534 2298 ιικατακλεισεις,
1558 2267 1618 2302 ὕψει
1635 2269 1700 2301 τοὺς
1727 2269 1851 2302 ἀσθενεῖς
1877 2271 1933 2298 ὑπὸ

306 2316 499 2344 omnspargere
512 2309 619 2340 dicunt,
634 2313 661 2336 et
677 2310 765 2344 ipsius
780 2309 860 2336 Plinii
876 2309 978 2340 verbis.
998 2309 1017 2336 1.
1032 2317 1092 2340 VIII.

306 2362 331 2381 c.
349 2354 380 2381 21
394 2364 400 2381 :
412 2354 509 2382 Eadem
520 2360 544 2382 et
559 2354 679 2382 basilisci
691 2355 817 2389 serpentis
832 2359 871 2382 est
888 2355 935 2382 vis.
948 2355 1094 2390 Cyrenaica

305 2399 374 2426 hunc
386 2404 490 2434 generat
510 2401 657 2434 prouincia.
678 2406 716 2427 xu
741 2408 792 2427 non
811 2400 926 2435 amplius
949 2401 1094 2435 digitorum

306 2445 496 2479 magnitudine.
513 2445 628 2473 candida
651 2447 676 2473 in
693 2447 779 2481 capite
795 2447 912 2478 macula,
935 2451 965 2473 ut
978 2447 1094 2483 quodam

305 2490 455 2517 diademate
476 2491 612 2526 insignem.
637 2491 722 2518 Sibilo
745 2500 834 2519 omnes
852 2492 928 2527 fugat
949 2498 1093 2528 serpentes,

305 2545 351 2564 nec
371 2537 442 2571 ﬂexu
460 2538 599 2572 multiplici
615 2543 642 2564 ut
665 2538 773 2573 reliqua:
793 2547 887 2574 corpus
910 2539 1032 2574 impellit.
1047 2539 1093 2566 sed

305 2583 390 2610 celsus
409 2588 433 2610 et
455 2588 555 2610 erectus
579 2583 606 2610 in
630 2584 714 2610 medio
730 2584 859 2611 incedens.
887 2584 970 2612 Necat
985 2585 1093 2619 frutices

306 2636 357 2654 non
374 2633 509 2656 contactos
524 2629 611 2661 modo,
635 2637 723 2657 verum
745 2636 770 2657 et
794 2630 895 2666 aﬂlatos
909 2639 918 2657 :
930 2632 1018 2658 exurit
1034 2631 1094 2658 lier-

305 2672 353 2700 bas
365 2681 374 2699 .'
390 2675 487 2708 rumpit
502 2682 580 2706 sua.
605 2675 667 2702 talis
683 2676 720 2702 uis
735 2676 805 2702 malo
825 2681 873 2704 est.
896 2676 1027 2709 Galenus.
1043 2677 1091 2704 lib.

306 2718 346 2745 De
359 2718 487 2746 Theriaca
500 2719 535 2746 ad
559 2719 684 2748 Pisonem
701 2730 707 2748 :
732 2720 762 2748 Ὀ
777 2721 826 2757 μὲν
849 2721 904 2756 γὰρ
925 2721 1090 2757 βασιλίσκος.

307 2765 385 2791 Ἐστι
402 2764 457 2800 γὰρ
478 2764 508 2791 τὸ
521 2765 614 2802 θηρίον
627 2766 785 2799 ὑπόξανθῡν,
804 2766 850 2795 καὶ
871 2768 918 2794 ἐπὶ
937 2769 971 2803 τῇ
988 2767 1091 2804 κεφαλῇ

304 2812 379 2846 τρεῖς
405 2811 541 2846 ὑπεροχὰς
565 2811 645 2847 ἔχων.
670 2812 708 2845 ὥς
737 2822 830 2848 φασιν,
854 2814 895 2841 ὃτι
914 2814 960 2841 καὶ
985 2812 1093 2849 ὸραθεὶς

306 2857 384 2894 μόνον
399 2859 445 2885 καὶ
461 2858 592 2894 συρίττων
607 2859 749 2892 titubabat;
760 2860 867 2896 ἀναιρεῖ
880 2861 942 2892 τοὺς
955 2859 1090 2888 ἀκούσαν-

341 2906 362 2922 ¹¹
377 2905 476 2934 lenem.
496 2914 556 2941 vui,
571 2906 616 2934 l7.

1144 2309 1199 2336 τῶν
1216 2310 1407 2346 δυνατωτέρων
1421 2310 1476 2338 ἀπὸ
1488 2311 1567 2347 λιμοῦ
1581 2314 1816 2350 κατισθιομὲνους,
1833 2317 1887 2348 tu;
1899 2314 1933 2344 οὗ

1143 2355 1158 2381 ό
1172 2356 1280 2382 πάντων
1295 2355 1469 2391 ἰσχυρότατος
1480 2357 1634 2393 πληρωθεὶς
1649 2357 1703 2386 ὑπὸ
1714 2360 1768 2386 τῶν
1779 2360 1868 2395 ὄφεων
1883 2362 1933 2394 οὓς

1144 2401 1322 2436 κατεδήδοκεν
1345 2402 1360 2428 ό
1382 2401 1546 2438 καλούμνος
1571 2404 1684 2440 γένηται
1706 2405 1873 2441 βασιλίσκος.
1891 2407 1933 2434 ιὸν

1143 2445 1214 2481 ιχων
1237 2447 1270 2473 tu
1293 2447 1377 2482 μόνης
1406 2447 1470 2480 θέαις
1500 2451 1674 2487 καρποφόρον
1698 2451 1806 2487 δένδρον
1835 2452 1933 2489 ξηραι-

1143 2499 1233 2519 νοντα.
1253 2491 1432 2527 Epiphanius,
1454 2493 1564 2522 Adam.
1583 2494 1677 2523 haras.
1699 2495 1747 2523 lib.
1765 2503 1785 2530 ι,
1803 2500 1872 2525 tom.
1891 2498 1930 2531 Il.

1144 2537 1241 2565 haras.
1257 2538 1302 2570 22.
1319 2542 1414 2566 narrat
1428 2538 1499 2566 hanc
1515 2547 1531 2567 a
1553 2540 1696 2569 veteribus
1710 2541 1851 2571 historiam
1867 2551 1933 2579 pro-

1142 2583 1227 2611 ditam
1241 2592 1302 2612 esse
1318 2593 1326 2612 :
1344 2583 1411 2612 Cum
1425 2585 1512 2620 plures
1523 2586 1668 2622 aliquando
1680 2588 1785 2622 aspidas
1804 2590 1832 2616 in
1846 2599 1931 2620 unum

1143 2629 1224 2664 ﬁctile
1253 2638 1299 2657 vos
1324 2630 1466 2665 conjecta,
1494 2637 1519 2659 et
1535 2633 1562 2660 in
1578 2633 1757 2668 fundamentis
1770 2637 1931 2671 angulorum

1143 2680 1256 2710 quatuor
1270 2675 1396 2712 cujusque
1411 2677 1544 2705 idolorum
1572 2680 1662 2714 templi
1676 2680 1704 2707 in
1724 2680 1840 2717 Egypto
1853 2684 1934 2718 depo-

1142 2721 1202 2748 sita
1216 2725 1312 2753 essent.
1327 2729 1360 2748 ea:
1374 2722 1407 2749 iis
1420 2723 1556 2758 aspidibus
1565 2733 1624 2760 qua
1634 2726 1731 2760 [artior
1744 2728 1839 2755 eratin
1858 2728 1933 2758 alius

1141 2771 1249 2802 invasit.
1267 2778 1362 2806 easque
1379 2772 1521 2804 devoravit.
1531 2781 1589 2809 qui:
1600 2782 1659 2801 cum
1673 2775 1731 2802 sola
1747 2777 1931 2810 remansisset.

1141 2819 1166 2843 et
1178 2823 1230 2850 quo
1244 2823 1272 2842 se
1286 2816 1368 2843 aleret
1381 2817 1487 2845 haberet
1507 2819 1584 2852 nihil,
1600 2819 1628 2846 in
1646 2827 1675 2846 ιο
1690 2819 1774 2854 ipsane
1788 2826 1890 2849 retorta
1904 2826 1931 2850 at

1142 2867 1159 2887 a
1169 2859 1256 2887 cauda
1269 2860 1400 2894 paulatim
1413 2861 1540 2891 arrodens
1558 2868 1633 2899 parte
1644 2872 1671 2892 κ
1680 2865 1847 2901 aliquatenus
1864 2874 1931 2895 eor-
