2143 3163
198 191 252 218 965

694 191 726 218 ΙΝ
748 189 935 219 EUb'l‘ATllll
955 189 1195 219 HEXAEMERON
1216 191 1333 219 ΝΟΤᾸΞ.

1775 193 1829 222 σω

197 250 271 284 poris
291 250 401 283 depasta
420 253 470 281 ut,
493 249 559 276 adeo
580 254 608 275 ut
623 257 674 276 non
696 249 809 282 amplius
824 249 926 280 inteqra
944 246 990 274 sed
1004 249 1027 277 Α
1041 248 1153 283 signito,
1177 252 1256 283 tergo
1270 247 1397 279 caeruleo,
1418 247 1506 276 cauda
1528 247 1667 276 turbinata
1685 253 1767 284 atque
1783 251 1825 279 in-

198 294 311 322 dimidia
344 295 386 322 sui
412 298 487 328 parte
510 294 635 320 mutilata
659 293 833 328 permanserit
855 301 864 320 :
886 293 986 319 idcirco
1040 301 1146 325 curva,
1173 294 1248 321 hiatu
1275 294 1402 328 rictuque
1425 295 1482 322 oris
1504 302 1554 330 pro
1570 295 1694 330 corporis
1711 303 1815 333 propor

198 339 438 376 Aspidogorgonem
452 347 511 366 eam
526 339 704 373 appellarunt.
732 339 776 366 Sic
799 338 871 373 apud
902 337 986 369 Spar-

197 386 302 415 tianum
315 387 343 413 in
354 386 493 413 Antonino
507 385 567 417 Pio,
582 385 658 412 Visus
671 390 709 412 est
724 385 750 412 in
763 384 863 412 Arabia
873 385 985 419 jabatns

197 431 292 466 anguis
301 430 389 464 major
400 430 498 462 solitis,
509 432 553 466 qui
565 439 592 458 se
604 439 620 457 α
631 431 718 457 cauda
730 430 844 457 medium
860 430 983 458 comedit.

197 475 303 512 Saepius
316 484 359 504 me
374 476 484 504 memini
498 477 618 508 audisse.
637 482 664 505 et
677 478 775 512 vulgus
785 478 843 505 sine
860 478 915 504 ulla
928 478 984 505 hie-

194 522 324 549 sitatione
340 520 466 554 allirmat,
482 522 638 549 basiliseum
661 523 738 550 nasci
751 530 783 550 ex
804 530 857 550 Ovo
868 523 942 558 galli,
959 523 983 550 si

194 568 304 602 quando
328 575 344 594 a
365 568 471 599 rubeta.
494 576 543 596 seu
567 568 668 596 bufonc
691 568 776 596 fotum
801 569 846 596 sit.
866 568 938 596 Sane
955 569 983 595 id

194 614 254 641 sine
271 613 354 641 dubio
369 621 473 642 cenum
487 619 540 645 est,
555 619 582 641 et
593 614 762 649 experientia
772 614 894 650 quotidie
907 614 984 641 vide-

194 666 256 686 mus
271 659 358 694 gallos
370 659 427 694 jam
443 663 523 687 aetate
540 659 665 687 defessos
678 667 740 687 cum
756 660 873 690 veneris.
883 660 982 687 virium

195 703 393 735 imbecillitate.
425 712 515 740 neque
537 705 657 732 fructum
683 713 772 740 neque
793 713 872 733 usum
896 706 982 733 ullum

195 749 324 781 habeant,
339 758 420 777 ovum
433 758 539 785 parere,
554 751 705 778 orbiculata
721 751 816 786 ﬁgura,
834 752 926 779 colore
943 753 983 778 ln-

195 799 249 827 teo,
274 795 442 829 ﬂavescenti,
465 797 571 824 lurido.-
594 796 627 823 Et
651 797 729 830 mihi,
760 797 824 824 dum
854 796 983 826 Lucania:

192 850 279 872 eram.
294 847 434 871 ostensum
451 843 512 876 fuit,
537 843 564 871 in
581 851 637 879 quo
653 849 751 879 preter
773 845 856 873 hosce
874 846 981 874 colores

191 889 373 917 circumcirca
397 889 483 924 figura
494 891 617 924 quaedam
633 898 667 918 ex
684 891 787 918 cortice
798 891 857 919 ovis
879 892 979 919 exube-

191 943 258 964 rans
282 936 468 970 spectabatur,
493 940 621 971 tactuque
642 937 744 971 optime
766 937 980 972 dignoscebatur

191 981 277 1010 variis
296 981 411 1009 ﬂexibus
430 982 618 1016 contortisque
638 982 712 1017 gyris
737 982 764 1009 in
790 982 904 1009 formam
921 990 978 1010 ser—

191 1027 282 1062 pontis
306 1026 452 1059 desinens,
476 1027 647 1061 relatumque
670 1026 722 1054 fuit
745 1034 826 1054 ovum
850 1027 918 1054 illud
945 1035 978 1055 ex

190 1072 263 1108 gallo
277 1077 382 1101 natum.
402 1071 474 1106 Ἐγὼ
489 1072 518 1098 δέ
535 1080 576 1098 τοι
591 1072 622 1098 οὺ
633 1071 809 1107 ταχυπειθής,
826 1079 978 1106 me_eorutn

190 1119 326 1147 inscitiam
340 1118 431 1146 mirari
446 1118 589 1151 dicebam;
605 1118 662 1145 fieri
679 1118 752 1145 enim
771 1125 860 1153 posse,
878 1122 907 1145 ut
918 1119 977 1154 gal-

190 1164 233 1191 lus
255 1167 380 1199 pareret:
397 1163 435 1190 illi
461 1163 684 1198 reprehensionis
698 1165 870 1198 impatientes
884 1164 978 1200 plures

189 1209 330 1237 adducunt
344 1213 429 1237 testes
444 1209 506 1236 aliis
518 1209 597 1237 annis
610 1209 635 1236 id
648 1210 730 1237 etiam
750 1210 887 1242 evenisse,
901 1215 928 1237 et
945 1210 978 1237 il-

187 1255 230 1283 los
245 1263 305 1283 esse
322 1259 406 1283 testes
418 1256 444 1282 in
463 1256 514 1282 hoc
528 1255 662 1286 oculatos.
674 1259 701 1282 et
717 1255 769 1283 fide
782 1255 890 1291 dignos.
907 1255 977 1283 Dum

188 1301 279 1329 adhuc
293 1301 443 1334 obstarem,
459 1305 488 1327 et
510 1300 589 1335 quasi
611 1308 706 1328 eorum
726 1300 788 1329 fidei
803 1306 978 1338 contemptor

187 1348 290 1375 abirem
306 1355 438 1379 aversus,
453 1347 619 1375 contrahunt
635 1352 749 1381 vestem,
764 1349 844 1383 vique
866 1352 976 1384 raptum

187 1398 299 1426 cogunt,
317 1398 347 1421 ut
369 1401 424 1421 una
448 1394 636 1429 procederem.
661 1394 732 1427 Quid
754 1394 892 1422 facerem?
910 1403 976 1431 pro-

186 1440 270 1472 cessi,
295 1442 405 1467 domum
431 1440 458 1466 in
483 1447 538 1475 quo
553 1440 641 1474 gallus
665 1444 735 1472 erat,
775 1441 930 1473 invisimus,
949 1445 977 1469 et

185 1493 267 1512 ovum
285 1484 357 1512 unde
372 1484 541 1512 abstulerant
561 1484 711 1520 deponunt.
727 1485 820 1514 Gallus
835 1487 882 1521 qui
903 1486 977 1514 vide-

186 1531 268 1558 batur
288 1531 382 1559 nescio
398 1531 536 1566 quomodo
553 1533 692 1560 turbatus.
707 1532 798 1560 statim
815 1534 909 1567 agnito
920 1532 976 1560 fetu

186 1576 331 1608 acclamat,
355 1578 484 1609 accurrit,
511 1580 601 1604 rostro
620 1577 699 1612 quasi
719 1577 896 1608 deosculatus,
924 1577 976 1604 alis

186 1623 316 1658 expansis
343 1622 535 1658 superinsedit.
566 1622 749 1650 Discedimus.
771 1623 838 1650 Post
863 1623 974 1650 tertium

185 1667 258 1695 diem
276 1667 375 1696 accedo
390 1673 502 1696 vocatus
512 1677 519 1694 :
529 1668 618 1703 gallus
631 1675 713 1696 ovum
729 1668 847 1701 fovebat,
861 1668 914 1696 cibi
926 1675 975 1703 po-

186 1717 286 1749 tusque
301 1715 461 1747 immemor;
486 1722 625 1750 nunquam
646 1714 692 1741 illo
713 1713 802 1741 triduo
817 1714 915 1742 cistam
932 1722 974 1742 re-

186 1759 315 1794 liquerat.
341 1759 378 1786 Eo
403 1760 499 1793 minis,
527 1759 680 1795 baculoque
702 1759 815 1794 depulso
839 1767 920 1786 ovum
945 1759 973 1786 in

187 1804 324 1832 fornacem
344 1803 481 1839 abjicitur.
506 1804 618 1831 Pariunt
641 1804 735 1839 itaque
751 1804 825 1839 galli,
849 1807 877 1831 et
895 1804 972 1831 incu-

184 1850 262 1878 bant.
279 1849 378 1878 Verum
399 1857 432 1877 an
448 1857 481 1877 ex
502 1849 547 1876 illa
567 1849 742 1877 incubatione
766 1849 912 1877 basiliscus
932 1849 974 1884 gi-

185 1896 331 1932 gneretur!
355 1895 476 1925 Dicerem
497 1895 608 1931 aliquod
622 1895 734 1927 animal,
750 1895 833 1931 idque
854 1903 974 1923 veneno-

183 1949 246 1969 sum
260 1942 380 1976 prodire,
404 1949 467 1969 cum
490 1942 579 1977 putris
594 1942 639 1968 illa
657 1943 780 1973 materia,
796 1949 858 1976 qua:
875 1941 903 1968 in
921 1949 973 1969 ovo

184 1987 260 2020 latet,
284 1992 413 2015 concreta
427 1987 454 2015 id
476 1988 576 2015 habeat
599 1988 673 2023 quod
697 1987 797 2015 similia
826 1987 972 2023 producat,

183 2041 246 2068 qua!
258 2037 286 2060 et
301 2033 365 2068 galli
381 2034 480 2068 halitu,
504 2034 545 2061 vel
560 2034 673 2061 alterius
692 2034 840 2062 animantis
856 2034 972 2061 animari

183 2087 265 2115 posse
284 2087 337 2106 non
353 2080 458 2113 dubito,
474 2084 504 2107 ut
517 2080 642 2108 videmus
657 2080 684 2107 in
702 2081 745 2112 iis,
762 2088 822 2115 quae
835 2088 868 2108 ex
882 2081 971 2115 putri-

182 2127 227 2154 dis
252 2126 415 2161 corporibus
440 2131 618 2155 enascuntur.
644 2127 736 2160 Quare
762 2131 789 2154 et
815 2134 866 2154 sua
891 2127 972 2155 laude

183 2171 296 2206 dignum
311 2177 353 2200 est
361 2172 550 2208 Egyption
566 2174 718 2205 inventum,
733 2174 779 2208 qui
796 2174 856 2201 ovis
870 2174 971 2201 ibidem

182 2216 359 2249 insidiantur,
375 2223 536 2253 repertaque
552 2219 691 2254 frangunt,
707 2225 741 2246 ne
759 2219 871 2246 noxium
891 2219 972 2254 quid-

988 1604 1012 1636 ϐ

1037 339 1111 367 tione
1127 340 1272 368 immenso.
1289 339 1370 373 Quod
1385 340 1455 367 inter
1468 345 1610 376 serpentes
1628 342 1730 377 potius,
1744 350 1826 378 quam

1036 385 1181 414 basiliscos
1196 385 1369 414 referendum
1393 390 1446 417 est.
1469 394 1532 413 cum
1551 395 1601 415 nec
1619 388 1705 415 halitu
1731 393 1821 416 conta-

1035 431 1116 466 giane
1131 432 1261 464 alliciant,
1277 439 1328 459 nec
1343 435 1456 467 aspectu
1473 437 1570 460 net-cut
1583 433 1742 462 adorientes
1754 436 1826 469 agri-

1035 478 1120 511 colas,
1138 479 1165 505 ni
1181 479 1301 514 regionis
1323 479 1397 506 illius
1413 478 1500 514 frigus
1515 481 1642 516 aerisque
1664 486 1741 509 certa
1757 486 1824 509 tem-

1034 524 1124 559 peries
1138 529 1273 552 venenum
1289 524 1356 552 illud
1379 525 1416 552 ita
1432 532 1618 560 compescere,
1638 527 1826 563 impedireque

1033 578 1069 598 ne
1087 569 1245 598 eﬂ‘nndatur
1268 570 1403 598 aliirmare
1417 565 1544 598 velimus.
1569 571 1648 605 Quod
1673 573 1701 600 in
1718 573 1826 602 adustis

1033 617 1190 650 regionibus
1213 617 1436 652 torrentibusque
1457 624 1512 644 non
1528 617 1660 645 eveniret.
1672 616 1825 655 Oppianus,

1033 658 1082 686 lib.
1107 667 1114 686 I
1138 660 1250 687 Ἁλιευτ
1265 681 1272 693 ,
1289 660 1374 696 piscis
1395 660 1540 696 cujusdam
1566 662 1687 691 basilisci
1714 671 1826 693 nomine

1033 706 1170 733 meminit.

1068 751 1150 781 Ibid..
1167 751 1214 778 lin.
1230 750 1276 779 28.
1298 752 1353 779 Ὶὸν
1366 752 1446 786 ἔχων
1464 752 1611 787 χαλεπώτ.
1626 752 1663 781 Ea
1678 753 1761 790 hujus
1775 763 1824 784 ve-

1034 796 1097 823 neni
1123 796 1174 828 vis,
1197 800 1226 823 ut
1253 803 1308 824 non
1334 797 1422 824 solum
1443 801 1518 825 tactu
1542 798 1680 831 absumat,
1699 800 1748 827 sed
1762 807 1824 827 eam

1033 842 1116 868 etiam
1129 841 1212 869 rebus
1228 849 1243 868 a
1259 850 1289 869 se
1305 843 1477 878 consumptis
1492 843 1620 878 pcstifcre
1633 852 1730 880 repens
1748 846 1826 882 inge-

1035 892 1086 918 rat,
1103 888 1138 913 ita
1152 892 1180 914 ut
1198 892 1224 914 et
1242 888 1293 915 illa
1307 889 1390 915 etiam
1407 896 1542 916 venenum
1559 895 1692 926 spargant
1705 896 1733 918 et
1751 891 1822 919 inte-

1032 934 1142 960 rimant.
1155 933 1272 965 Plinius,
1288 934 1336 961 lib.
1353 942 1412 967 vm,
1428 943 1490 970 cap.
1511 936 1543 963 21
1565 946 1571 964 :
1589 937 1724 964 Creditum
1739 946 1825 973 quott-

1030 979 1093 1006 dam
1115 987 1148 1006 ea:
1170 987 1235 1014 equo
1250 981 1337 1007 occiso
1360 980 1450 1013 hasta,
1467 986 1492 1008 et
1511 990 1558 1016 per
1572 991 1630 1010 eam
1653 983 1778 1011 subeunt:
1798 985 1824 1012 si

1031 1033 1083 1052 non
1102 1026 1213 1060 equitem
1234 1026 1312 1052 modo
1336 1026 1382 1052 sed
1410 1034 1504 1062 equum
1519 1036 1620 1063 quoque
1641 1029 1821 1064 absumptum.

1031 1071 1167 1103 Elisnus.
1194 1073 1242 1100 lib.
1266 1081 1283 1099 ιι
1307 1073 1346 1100 De
1367 1073 1430 1100 hist.
1448 1075 1543 1105 anim.,
1560 1082 1621 1108 cup.
1641 1075 1667 1106 5,
1686 1076 1718 1102 Et
1733 1076 1762 1103 δὲ
1775 1077 1822 1104 ἇν-

1030 1116 1139 1152 ορωττος
1161 1118 1270 1152 κατέχει
1296 1117 1405 1152 ῥάϐδον,
1423 1116 1481 1144 εἶτα
1496 1119 1598 1154 ταύτην
1609 1120 1714 1152 ἐκεῖνος
1739 1120 1820 1157 δάκῃ,

1028 1162 1159 1198 τέθνηκεν
1171 1163 1185 1190 6
1197 1163 1291 1199 κύριος
1305 1163 1356 1198 τῆς
1372 1163 1465 1198 λύγου.

1067 1205 1147 1237 lbid.,
1174 1206 1223 1233 lin.
1248 1206 1293 1234 29.
1327 1208 1374 1240 Ὧς
1399 1208 1448 1234 καὶ
1477 1209 1536 1236 ἀπὸ
1559 1210 1667 1244 μόνου.
1689 1209 1822 1246 Superius

1029 1251 1159 1284 diximus,
1177 1252 1336 1281 basiliscum
1351 1254 1412 1282 solo
1431 1255 1574 1282 oculorum
1596 1261 1708 1291 aspectu
1732 1258 1820 1285 homi-

1028 1297 1110 1325 nibus
1134 1306 1227 1326 necem
1252 1299 1366 1331 inferre,
1390 1301 1475 1329 variis
1496 1301 1618 1328 historiis
1634 1303 1659 1329 id
1677 1303 1821 1331 referenti-

1028 1343 1090 1370 bus.
1105 1343 1270 1372 Franciscus
1286 1344 1433 1377 Vallesius.
1449 1346 1487 1373 De
1503 1355 1581 1374 sacra
1599 1348 1745 1383 philosoplt.
1758 1356 1818 1385 cap.

1028 1388 1074 1422 68,
1090 1390 1146 1417 haec
1162 1390 1286 1418 l’almlosa
1303 1399 1365 1419 esse
1379 1392 1532 1425 contendit,
1546 1401 1596 1421 nec
1612 1402 1694 1429 posse
1721 1395 1819 1424 adduci

1029 1440 1059 1462 ut
1077 1437 1180 1464 credat.
1197 1436 1274 1469 Quod
1295 1437 1398 1465 dictum
1420 1445 1502 1474 quam
1518 1440 1554 1467 sit
1575 1440 1601 1467 in
1618 1441 1678 1467 vi'o
1699 1442 1821 1476 philoso-

1028 1482 1083 1517 pho
1102 1483 1235 1518 ineptum,
1252 1492 1307 1512 non
1329 1490 1373 1513 est
1388 1493 1458 1521 opus
1475 1487 1569 1514 multis
1590 1489 1738 1522 explictre,
1755 1496 1819 1516 cum

1029 1529 1180 1557 rationibus
1191 1534 1217 1557 et
1232 1532 1421 1566 expcrientiis,
1437 1540 1490 1560 non
1505 1534 1668 1569 pertinacia,
1679 1542 1733 1562 non
1747 1536 1820 1571 igua-

1027 1574 1070 1601 via
1087 1575 1115 1602 in
1136 1575 1217 1603 rebus
1233 1577 1354 1613 physicis
1368 1579 1502 1614 agendum
1518 1580 1563 1607 sit.
1579 1579 1636 1607 Nec
1654 1581 1760 1609 videtur
1774 1589 1819 1610 sa-

1028 1621 1127 1655 pientis
1145 1623 1171 1649 id
1187 1630 1258 1655 esse,
1288 1623 1352 1651 dum
1381 1632 1410 1652 se
1435 1626 1550 1660 opponit
1574 1627 1719 1654 difﬁcultas
1734 1635 1817 1663 quam

1026 1674 1082 1694 non
1098 1667 1234 1703 intelligit,
1250 1669 1324 1696 illico
1339 1674 1470 1705 tanquam
1486 1671 1623 1703 fabulosa,
1639 1681 1699 1707 qua
1711 1673 1747 1700 ab
1756 1674 1818 1702 aliis

1025 1720 1080 1740 uno
1110 1720 1246 1742 consensu
1275 1715 1423 1748 dicuntur,
1453 1717 1576 1751 rejicere.
1613 1717 1666 1745 Sed
1695 1724 1726 1746 ut
1758 1719 1817 1746 ha-c

1025 1760 1139 1794 quastio
1164 1760 1262 1788 habeat
1287 1761 1376 1788 lucem
1401 1763 1533 1798 aliquam,
1551 1765 1750 1792 consideranda
1774 1771 1818 1794 est

1024 1813 1107 1832 causa
1130 1813 1191 1841 qua
1215 1806 1364 1834 Vallcsium
1389 1809 1515 1843 impulit,
1545 1815 1574 1837 ut
1599 1811 1656 1839 haec
1687 1816 1816 1847 tanquam

1024 1847 1092 1875 falsa
1107 1847 1259 1876 damnaret.
1276 1849 1344 1876 Cum
1357 1850 1431 1878 enim
1456 1857 1550 1887 ageret
1569 1853 1603 1880 de
1621 1853 1816 1887 fascinatione,

1024 1900 1075 1920 nec
1100 1901 1195 1921 eorum
1212 1895 1368 1929 opinionem
1387 1896 1469 1923 vellet
1489 1897 1645 1930 admittere,
1666 1900 1713 1934 qui
1734 1899 1817 1928 fasci-

1024 1940 1162 1967 nationem
1172 1939 1229 1967 lieri
1245 1940 1373 1968 dicebant
1383 1943 1547 1970 exeuntibus
1557 1944 1668 1972 viscriis
1684 1946 1778 1977 radiis.
1789 1950 1816 1974 et

1023 1993 1085 2013 cum
1101 1985 1144 2013 his
1159 1986 1260 2013 delerri
1277 1994 1393 2022 vapores
1402 1996 1633 2024 venenosus,qnae
1648 1991 1742 2026 opinio
1758 1999 1813 2019 non

1023 2032 1165 2059 videbatur
1179 2032 1217 2059 illi
1234 2033 1400 2066 communis,
1413 2034 1460 2062 sed
1477 2039 1581 2062 tantum
1594 2035 1813 2069 Platonicorum.

1025 2085 1059 2105 ne
1075 2082 1228 2113 cogeretur,
1245 2080 1371 2114 quamvis
1383 2080 1441 2115 ipse
1452 2080 1479 2107 id
1494 2089 1548 2108 non
1567 2082 1695 2117 attingat,
1713 2084 1739 2110 in
1752 2091 1813 2111 eam

1023 2125 1063 2152 ire
1087 2125 1261 2157 sententiam,
1281 2125 1305 2153 si
1328 2126 1451 2154 basilisci
1472 2135 1643 2155 venenosum
1672 2134 1812 2165 aspectum

1022 2171 1195 2203 concederet,
1226 2171 1349 2199 fabulosa
1374 2179 1436 2200 esse
1451 2180 1511 2208 quae
1535 2173 1569 2201 de
1592 2174 1721 2202 basilisco
1744 2176 1813 2202 tanti

1022 2216 1074 2243 viri
1101 2216 1273 2244 tradiderunt
1296 2218 1447 2246 contendit.
1472 2217 1550 2251 Quod
1571 2221 1696 2254 quamvis
1718 2226 1814 2249 contra

181 2264 256 2300 piam
265 2264 326 2292 inde
336 2265 576 2302 trahatoriginem.
592 2266 660 2298 sive,
669 2266 758 2301 utipsi
765 2266 970 2299 existimabant,
987 2272 1010 2300 ι)
1024 2263 1178 2291 Aristotelis
1192 2264 1356 2290 sententiam
1368 2264 1462 2292 nescio
1479 2266 1619 2299 quomodo
1636 2265 1727 2294 facere
1740 2267 1811 2295 vide

182 2310 339 2338 basiliscos.
370 2310 477 2338 Etenim
495 2320 557 2339 cum
571 2312 659 2340 ibides
674 2317 831 2339 venatorum
846 2313 969 2340 venatio-

182 2357 265 2384 nibus
273 2356 428 2391 gaudeant,
452 2358 680 2393 serpentibusque
696 2357 885 2391 inferciantur,
903 2359 969 2386 uulli

181 2402 295 2430 dubium
312 2402 458 2438 aliquando
481 2411 515 2430 ex
537 2411 632 2431 eorum
646 2406 706 2431 ovis
729 2404 888 2440 pestiferum
903 2405 969 2440 quid

180 2449 364 2476 nasciturum.
389 2447 507 2476 Consule
531 2448 768 2486 Theophylactunr
788 2450 968 2492 Simoealum,

180 2493 218 2527 ρ.
243 2498 311 2526 παι..
327 2497 426 2529 quaest.
448 2493 491 2525 ιι,
514 2494 587 2529 Ποῐῳ
608 2495 679 2530 λόγῳ
696 2495 731 2521 τὰ
757 2494 812 2521 τῶν
830 2494 910 2521 ἴϐεων
926 2494 969 2522 tbi

178 2540 364 2576 εὐχερέστατα
381 2539 502 2566 τίκτουσι
521 2539 695 2574 βασιλίσκους
711 2541 803 2575 opus;
823 2541 910 2568 Aliam
926 2545 970 2569 ta-

179 2595 245 2615 men
259 2586 379 2614 basilisci
393 2586 593 2621 generati0nem
614 2591 711 2614 narrat
732 2587 775 2615 hic
796 2587 968 2615 Eustathius.

178 2633 319 2669 Quidquid
335 2637 425 2660 tamen
437 2633 483 2663 sit,
495 2632 620 2660 historici
636 2634 747 2661 tradunt
761 2634 823 2662 illos
839 2635 866 2661 in
877 2633 967 2661 Africa

178 2680 318 2716 generari.
332 2683 359 2707 et
378 2678 491 2706 torridis
509 2678 563 2706 illis
580 2679 739 2714 regionibus
759 2679 889 2708 nidulari.
914 2679 968 2707 Be-

179 2726 234 2754 fert
248 2725 366 2753 Levinus
375 2722 562 2755 Lemnius,-De
572 2728 667 2754 occult.
685 2731 742 2754 nat.
759 2727 853 2754 mirae.
864 2726 914 2754 lib.
929 2734 966 2760 tv,

177 2780 242 2808 cap.
260 2772 303 2804 12.
321 2774 349 2800 'rn
372 2767 491 2804 Saxonia
513 2772 634 2800 basilisci
657 2773 794 2809 quoddam
815 2781 902 2809 genus
919 2774 967 2801 sil-

176 2822 272 2845 vestre
286 2818 388 2853 passim
412 2817 546 2853 conspici,
571 2818 660 2852 capite
680 2819 848 2851 acuminata,
874 2819 968 2847 colore

175 2863 261 2895 flavo,
274 2864 442 2900 longitudine
457 2864 621 2896 dodrantali.
631 2865 761 2893 inusitata
771 2865 965 2898 crassitudine,

176 2916 275 2941 ventre
297 2912 447 2946 maculoso,
470 2912 618 2948 multisque
640 2912 766 2942 candidis
791 2913 901 2949 punctis
924 2913 967 2942 in-

1026 2312 1079 2341 tur,
1100 2313 1191 2336 tamen
1217 2315 1268 2336 nec
1291 2307 1492 2336 Platonicorum
1507 2311 1600 2344 npinio
1622 2311 1811 2342 confirmatur.

1024 2362 1074 2382 nec
1090 2353 1332 2390 Peripateticorum
1357 2355 1500 2383 refellitur.
1525 2356 1675 2385 Basiliscus
1695 2365 1813 2393 namque

1023 2408 1078 2428 non
1096 2401 1243 2429 emissione
1257 2401 1408 2433 radiorum,
1421 2402 1522 2436 quibus
1540 2406 1670 2437 tanquam
1681 2404 1813 2431 vehiculis

1023 2454 1158 2474 venenum
1181 2450 1210 2474 et
1229 2454 1300 2474 noxa
1317 2447 1375 2474 viso
1390 2446 1541 2479 deferatur,
1559 2448 1606 2475 sed
1625 2448 1737 2476 humido
1749 2457 1812 2476 ocu-

1023 2491 1122 2524 larum,
1138 2491 1165 2519 in
1181 2499 1236 2526 quo
1250 2496 1380 2528 tanquam
1397 2492 1523 2528 subjecto
1545 2500 1679 2520 venenum
1699 2499 1751 2525 est.
1770 2495 1812 2522 iu-

1023 2537 1080 2565 licit
1093 2545 1168 2570 aera,
1183 2542 1210 2565 et
1225 2545 1273 2573 per
1291 2538 1366 2565 illum
1387 2536 1537 2571 hominem,
1552 2543 1579 2566 et
1599 2545 1727 2574 aspectus
1748 2544 1811 2567 tan-

1022 2587 1080 2611 tum
1097 2583 1245 2618 requiritur
1266 2588 1296 2611 ut
1313 2583 1413 2620 dirigat
1433 2584 1499 2612 illud
1520 2592 1654 2612 venenum
1677 2585 1705 2612 in
1720 2585 1810 2612 homi-

1022 2638 1084 2658 nem
1108 2638 1188 2665 quem
1210 2630 1292 2657 videt.
1319 2629 1392 2657 Nulli
1420 2631 1493 2658 enim
1510 2630 1623 2657 dubium
1639 2638 1702 2658 esse
1717 2631 1808 2662 debet.

1022 2678 1074 2706 hoc
1090 2678 1191 2705 animal
1206 2686 1286 2706 suum
1299 2680 1470 2714 pestilentem
1485 2679 1610 2712 halitum,
1632 2687 1687 2707 non
1701 2683 1808 2706 tantum

1021 2733 1102 2761 quem
1121 2732 1167 2753 ore
1190 2725 1287 2760 spirat,
1309 2726 1354 2754 sed
1370 2729 1398 2754 et
1414 2734 1495 2761 quem
1518 2729 1578 2753 toto
1593 2733 1707 2762 corpore
1725 2725 1808 2754 exha-

1021 2773 1069 2803 lat.
1096 2772 1235 2800 effundere
1260 2772 1440 2801 circumcirca
1465 2780 1513 2807 per
1536 2777 1622 2800 totum
1647 2779 1737 2799 aerem
1752 2779 1809 2799 arn-

1021 2820 1149 2850 bientem,
1174 2826 1290 2853 eumque
1310 2819 1430 2847 inlicere.
1451 2818 1589 2854 Singulari
1611 2823 1701 2845 tamen
1724 2818 1808 2846 modo

1020 2866 1160 2894 oculorum
1176 2870 1262 2898 motu,
1278 2872 1368 2892 aerem
1385 2872 1569 2896 commovere,
1584 2868 1612 2892 et
1627 2864 1807 2899 perniciosio-

1019 2920 1077 2941 rem
1092 2911 1215 2940 reddere.
1235 2911 1288 2939 Sed
1303 2910 1388 2939 multa
1405 2910 1531 2939 fabulosa
1554 2914 1582 2939 et
1598 2909 1661 2939 ﬁcta
1675 2909 1804 2944 Vallesio,
