2143 3163
327 138 380 170 πί
966 144 1091 173 LEONIS
1110 143 1250 172 ALLATII
1805 174 1811 185 ,
1898 151 1954 181 τις

325 199 354 222 et
365 193 461 222 Patres
484 194 601 224 Basilius
630 196 760 233 Magnus,
783 197 930 234 Gregorius
952 198 1110 234 Nyssenus.
1127 207 1147 235 Α
1163 199 1344 229 abhorruisse
1358 201 1503 236 aliquando
1517 203 1797 238 videtur,Comntent.
1812 206 1953 241 ηρσεο-

326 240 443 269 Basilius
470 240 627 275 Seleucius,
649 242 808 276 Nemesius,
831 244 1004 276 Ambrosius.
1025 245 1112 274 Geor-

323 286 386 322 gius
397 285 512 319 Pisidcs,
527 288 563 314 ita
579 293 608 315 ut
622 288 734 317 minimc
748 297 837 324 operae
853 291 970 325 pretium
983 291 1018 318 sit
1033 292 1112 327 plura

326 331 355 359 in
368 331 465 359 borum
480 331 614 360 dictorum
644 335 850 369 explicationem
869 343 1027 370 congerere.
1045 336 1113 366 Vide

325 382 453 414 praterea
477 378 609 407 Galenum
638 380 676 407 De
696 389 745 407 usu
769 382 896 416 partium,
919 382 1110 419 Theophilum,

324 424 472 457 Ielctium,
485 426 621 454 Andream
635 426 786 454 Vessalium
800 433 827 455 et
841 429 920 456 alios.

358 470 416 499 Col.
426 471 487 504 749,
505 472 552 499 lin.
568 472 613 500 25.
628 472 682 499 Τὸν
693 472 849 507 ἄνθρωπον
862 475 895 501 ἐκ
908 474 963 509 τῆς
978 475 1044 510 τῆς.
1056 475 1111 502 Nu-

322 517 467 552 gacissime
483 518 510 545 iu
527 518 578 545 hac
596 526 626 545 re
647 518 765 546 delirant
786 518 982 553 Mahumetani.
1002 522 1048 556 qui
1069 523 1110 549 di-

323 566 389 589 cunt
407 561 491 590 Deum
510 570 619 590 creasse
645 563 775 590 mundum
798 572 830 592 ex
857 565 967 600 pulvere
989 567 1109 593 omnium

321 608 452 640 colorum,
470 612 496 635 et
512 608 646 635 Adamum
664 617 697 636 ex
713 610 777 636 limo
791 611 880 638 omnis
895 612 1003 646 generis
1020 616 1108 640 terra-

322 661 390 681 rum.
407 653 474 681 Nam
500 654 523 681 si
550 654 665 682 inissent
691 655 773 682 unius
798 655 975 691 ejusdemque
998 658 1108 690 coloris,

319 706 415 727 omnes
429 707 474 727 res
491 700 607 727 invicem
631 701 735 729 similes
760 701 865 730 futuras
885 703 979 734 luisse,
997 712 1046 731 nec
1061 704 1109 730 h0-

319 746 419 773 minem
438 753 521 773 unum
537 747 571 774 ab
585 746 691 774 alterno
707 748 812 775 secerni
833 749 963 783 potuisse.
985 748 1108 777 Ridicula

318 793 382 822 item
404 797 445 821 est
471 793 629 822 Mohametis
644 794 767 822 doctrina
793 796 827 823 de
849 796 952 824 factura
978 798 1107 826 hominis.

316 847 370 875 qua
385 840 452 868 dicit
473 840 611 868 hominem
636 849 668 869 ex
685 841 778 876 humo,
796 843 869 870 stilla
887 844 1039 871 hirundinis
1051 845 1108 872 sive

1165 243 1298 277 desidat;
1313 244 1471 281 Cajctanus,
1488 248 1516 274 in
1527 249 1624 283 psaltis.
1642 257 1748 284 eun;
1766 251 1951 286 Augustinus,

1166 289 1212 316 lib.
1234 297 1253 316 ιι
1269 289 1308 317 De
1326 290 1419 319 Cenes.
1435 292 1470 319 ad
1495 293 1560 326 litt,
1580 301 1641 330 cap.
1671 295 1716 330 18,
1736 300 1764 323 et
1786 294 1896 324 Euhir.
1914 298 1952 325 ad

1164 333 1346 367 Laurentium.
1363 345 1423 372 cap.
1438 337 1483 365 58.
1509 337 1647 377 Relellunt
1668 348 1730 369 eam
1755 340 1872 371 Basilius
1893 342 1950 372 lla-

1163 387 1244 415 gnus,
1262 381 1334 409 hom.
1344 383 1361 409 3
1376 383 1403 409 in
1416 382 1556 418 "eadem,
1566 390 1593 413 et
1607 385 1803 420 Damascenus,
1813 387 1859 415 lib.
1876 395 1897 415 ιι
1911 387 1953 416 De

1163 426 1215 458 ﬁde
1226 426 1412 464 ortlmd.,cap.
1429 429 1457 458 li.
1473 429 1545 463 Quid
1564 430 1601 459 sit
1616 432 1644 459 in
1661 432 1714 460 hac
1731 440 1761 461 re
1778 433 1951 462 saliendum

1162 472 1264 505 optime
1279 473 1396 508 explicat
1413 473 1442 501 S.
1460 473 1591 509 Thomas,
1608 484 1616 504 ι
1637 481 1723 512 part,
1749 483 1845 514 quiest.
1860 480 1905 514 70,
1920 486 1951 508 et

1163 525 1249 552 nuper
1258 518 1292 545 de
1310 518 1361 546 hac
1375 520 1469 547 eadem
1482 528 1512 549 re
1526 522 1660 559 singulari
1680 524 1791 559 pietate,
1810 530 1838 553 et
1855 526 1952 554 erudi-

1163 563 1236 590 tione
1246 564 1297 596 vir,
1311 568 1338 591 et
1352 565 1405 592 mei
1425 566 1609 596 amicissimus
1619 567 1709 597 Julius
1723 570 1814 598 Cresa!-
1824 570 1948 607 Lagalla,

1163 608 1282 636 libellum
1297 610 1331 638 de
1346 610 1398 638 liae
1408 619 1438 639 re
1449 613 1612 647 scripserat;
1626 622 1709 649 quem
1724 623 1775 651 ego
1790 616 1825 644 ob
1837 618 1949 653 elegan-

1162 653 1238 685 tiam.
1259 658 1286 681 et
1311 654 1442 683 doctrina:
1459 657 1645 693 peripatetica:
1663 666 1797 687 summam
1809 663 1948 696 peritiam,

1160 699 1224 726 dum
1237 699 1423 736 llaidelbergae
1433 709 1629 735 commorarer,
1640 705 1761 733 maximo
1771 707 1949 744 philosopho-

1160 751 1221 771 rum
1231 744 1366 774 desiderio
1375 748 1508 775 edendum
1519 750 1624 778 curavi.
1634 749 1721 784 Quem
1732 752 1834 787 adesis,
1847 754 1946 788 lector,

1160 791 1183 817 si
1199 799 1273 826 pura:
1291 793 1469 829 philosophia
1484 794 1605 823 fontibus
1620 796 1781 832 delectaris;
1805 799 1830 827 si
1850 805 1946 829 nostra

1160 836 1218 863 haec
1229 842 1350 872 tempora
1361 839 1561 874 antiquioribus
1584 841 1648 876 illis,
1677 850 1728 871 nec
1750 843 1879 872 inferiora
1894 846 1942 873 lit-

315 886 498 922 sanguisugre,
511 889 538 913 et
553 886 763 915 manducatione
779 888 870 915 lictum
886 897 956 916 esse.
974 889 1046 917 Ordo
1060 892 1105 925 qui
1122 880 1145 909 Β
1160 890 1161 902 ³

1099 892 1105 917 ί
1122 880 1145 909 Β
1160 883 1239 911 teris.
1253 891 1303 911 nec
1322 885 1535 920 cogitationibus
1553 886 1727 921 obscuriora,
1744 897 1797 918 nec
1808 891 1943 920 methodis

314 932 475 959 observatur
494 939 577 966 super
596 932 630 960 iis
655 934 731 967 quia
749 933 894 961 Saracenis
916 935 950 961 ad
972 935 1106 962 Christia-

314 980 377 1005 nam
399 977 478 1004 ﬁdem
503 985 534 1005 se
556 982 738 1005 convertunt:
759 979 963 1015 Ἀναθεματίζω
978 981 1026 1016 τὴν
1041 983 1105 1017 περὶ

310 1020 362 1058 ’τῆς
387 1022 511 1054 πλάσεως
528 1022 574 1048 τοῦ
605 1022 748 1058 ἀνθρώπου
767 1024 941 1051 διδασκαλίαν
957 1026 1002 1052 τοῦ
1024 1027 1105 1053 Μωά-

314 1068 373 1103 μεδ,
391 1069 420 1095 ἐν
469 1076 562 1103 φησιν,
585 1068 626 1094 ὅτι
651 1068 772 1104 ἐπλάσθη
790 1071 804 1095 ὁ
824 1070 965 1106 ἄνθρωπος
979 1072 1032 1098 ἀπὸ
1051 1072 1104 1107 χώ-

313 1122 398 1149 ματος
418 1113 465 1140 καὶ
482 1113 623 1146 σταγόνος,
644 1114 690 1140 καὶ
707 1114 832 1149 βδελλῶν,
851 1115 898 1142 καὶ
916 1118 1102 1151 μασσήματος.

313 1160 346 1187 Et
358 1159 521 1195 Euthymius
537 1159 565 1185 in
591 1160 742 1194 l’unoplia:
774 1160 823 1187 Ἐκ
837 1161 948 1197 βδέλλης
962 1162 1104 1198 amputa-12v

310 1204 433 1240 γίνεσθαι
456 1204 540 1238 λέγει.
562 1204 643 1232 Ἀλλὰ
667 1205 725 1237 πῶς
749 1206 781 1233 ὲκ
818 1207 865 1233 τοῦ
890 1207 1051 1242 ἁτιμοτάτου
1072 1209 1104 1235 τὸ

309 1251 484 1287 τιμιώτατον,
497 1251 544 1277 καὶ
557 1250 590 1276 ἐκ
603 1250 649 1277 τοῦ
662 1250 758 1285 ἀλόγου
772 1251 803 1278 τὸ
817 1251 934 1286 λογικὸν,
951 1253 998 1279 καὶ
1011 1254 1043 1280 ὲκ
1055 1253 1102 1280 τοῦ

310 1298 427 1333 φευκτοῦ
445 1298 475 1324 τὺ
489 1298 601 1331 εὐκτόν;
617 1298 673 1326 Nec
685 1298 777 1326 minus
792 1298 991 1327 Mahumetanis
1002 1301 1099 1328 absur-

309 1345 362 1373 dus
374 1344 540 1373 Franciscus
555 1344 697 1380 Georgius,
714 1345 760 1380 qui
776 1345 810 1373 de
823 1346 888 1373 limo
903 1350 982 1373 terra:
1005 1351 1041 1374 ita
1054 1355 1101 1374 ex-

308 1391 402 1426 plicet,
415 1394 446 1417 ut
458 1391 616 1424 concludat,
629 1390 747 1417 animam
761 1395 865 1418 tantum
873 1400 934 1419 esse
944 1393 1100 1425 hominem;

308 1439 345 1466 ita
361 1439 433 1465 enim
448 1438 485 1464 ait
499 1447 506 1464 :
528 1437 665 1464 Format'it
687 1436 757 1463 Deus
776 1436 905 1464 hominem
926 1446 1055 1472 pulverem
1069 1438 1101 1465 de

309 1491 390 1517 terra,
407 1485 433 1510 id
446 1488 495 1515 est,
513 1484 599 1510 induit
611 1492 670 1510 eum
686 1488 754 1510 veste
767 1489 862 1516 terrea,
874 1492 967 1518 corpus
982 1484 1100 1511 videlicet

282 1538 286 1541 '
308 1535 449 1559 terrenum.
475 1529 568 1557 Primo
587 1530 656 1556 enim
677 1529 747 1556 Deus
772 1529 882 1556 decrevit
905 1530 1034 1556 hominem
1057 1530 1100 1564 [a-

307 1586 381 1610 tere;
398 1582 488 1611 postea
509 1577 604 1604 creavit
615 1584 672 1603 eum
683 1577 709 1602 in
722 1576 803 1607 cmlo;
816 1578 892 1603 tertio
905 1578 1027 1611 [armavit
1040 1585 1098 1603 cor-

306 1633 355 1660 pus
369 1624 424 1658 ejus
439 1623 519 1650 veluti
532 1628 636 1650 vestem.
654 1622 720 1655 Quae
740 1623 872 1650 sententia
888 1623 1098 1657 reprehensione

307 1678 362 1698 non
388 1674 484 1701 caret,
507 1669 534 1695 in
555 1668 672 1695 concilio
696 1667 842 1695 Viennensi
871 1667 1007 1694 danmala.
1031 1667 1098 1695 Vide

307 1717 385 1751 plura
402 1715 484 1749 hujus
498 1713 637 1741 Francisci
651 1717 813 1747 nugamenta
833 1713 905 1748 apud
926 1713 1033 1740 Sixtum
1049 1712 1098 1741 Se-

306 1769 430 1794 nensem,
447 1760 573 1787 Biblioth.
591 1759 733 1786 sanct.lib.
751 1767 769 1786 ι.
788 1759 955 1793 Augustinus
969 1764 1097 1794 prmterea

306 1808 354 1835 lib.
377 1814 395 1834 ll
408 1807 444 1833 De
453 1804 546 1833 Genet.
565 1805 673 1840 allegat.
687 1804 777 1837 docet,
796 1812 895 1839 corpus
911 1805 1028 1833 hominis
1042 1814 1096 1833 non

305 1853 391 1880 fuisse
414 1851 552 1879 conditum
575 1854 637 1878 ante
659 1851 756 1877 anluue
774 1850 951 1882 creationem,
974 1851 1020 1878 sed
1042 1859 1096 1878 una

304 1907 366 1926 cum
389 1899 447 1933 ipsa
474 1897 564 1924 anima
590 1896 616 1923 in
638 1896 733 1924 eodem
757 1896 838 1923 simul
860 1900 989 1931 tempore.
1017 1896 1095 1929 Quod

305 1950 400 1980 postea
424 1943 578 1978 reprobavit
593 1942 641 1969 lib.
668 1950 676 1969 ι
701 1941 829 1974 Retract.,
853 1949 913 1977 cap.
946 1942 988 1969 l0.
1016 1942 1094 1970 .Iose-

304 1991 385 2025 phus,
408 1989 495 2023 Antiq.
511 1988 576 2014 Jud.
595 1988 641 2015 lib.
658 1996 676 2018 ι,
693 1996 752 2022 cap.
774 1988 801 2021 2,
817 1987 949 2015 Adamum
965 1988 1004 2015 ait
1019 1996 1095 2015 crea-

304 2040 362 2062 tum
378 2043 393 2063 e
409 2035 470 2062 rufa
486 2035 568 2061 humo
589 2034 759 2067 fermentata,
772 2034 833 2062 talis
848 2035 920 2061 enim
938 2038 979 2061 est
993 2035 1092 2062 intacta

305 2085 378 2107 terra
398 2083 424 2107 et
450 2086 532 2111 vera;
560 2078 672 2113 ideoque
699 2083 828 2106 vocatum
848 2079 982 2106 Adamum
1013 2081 1091 2115 quasi

304 2125 396 2153 rufum
412 2135 418 2152 :
437 2125 466 2151 Ὀ
478 2125 508 2151 δὲ
522 2123 663 2159 ἇνθρωπθς
675 2121 750 2156 οὗτος
768 2124 887 2159 Ἄδαμος
910 2124 1010 2161 ἐκλήθη
1020 2133 1026 2138 '
1045 2134 1092 2161 ση-

305 2171 394 2207 μαίνει
411 2171 439 2198 at
454 2170 533 2197 τοῦτο
546 2169 615 2196 κατά
628 2169 751 2203 γλῶτταν
765 2170 813 2205 τὴν
829 2171 960 2206 Ἐὁραίων
977 2171 1089 2206 πυρῶν,

303 2217 450 2253 ὲνιδήπερ
464 2216 519 2243 ἀπὸ
530 2216 579 2250 τῆς
593 2216 699 2250 mpod;
714 2215 764 2251 γῆς
778 2216 944 2251 φυραθείσης
960 2217 1088 2251 ἐγεγόνει.

302 2262 419 2297 Tenum
430 2262 484 2297 γάρ
497 2263 569 2288 ἐστιν
582 2262 598 2297 ἡ
611 2261 743 2296 παρθένος
755 2262 789 2296 γῆ
801 2262 847 2288 καὶ
860 2261 983 2297 ἀληθινή.

339 2307 406 2335 Ibid.
422 2307 478 2333 Kal
499 2306 572 2338 δοὺς
594 2305 684 2338 αὐτῷ.
713 2304 752 2332 Ita
772 2310 801 2332 ut
821 2306 872 2332 hoc
899 2307 959 2333 solo
983 2307 1084 2338 animo,

302 2353 416 2380 rationis
431 2352 562 2379 duntaxat
579 2356 703 2385 compote
727 2358 742 2377 a
757 2351 861 2378 czeleris
878 2351 950 2384 aliis,
975 2352 1032 2379 sive
1045 2353 1087 2380 IllS

303 2398 482 2426 inferioribus
501 2399 558 2426 sive
581 2397 780 2432 superioribus,
797 2397 931 2424 creaturis
960 2397 1086 2431 dillerat;

303 2446 331 2472 in
346 2452 432 2479 eoque
461 2452 540 2471 suum
558 2451 638 2470 omne
655 2443 784 2474 decus.et
797 2443 986 2470 excellentiam
1002 2444 1083 2471 sitam

303 2495 444 2526 agnoscat.
455 2489 534 2523 Quod
554 2490 588 2516 ab
607 2489 716 2516 homine
731 2489 753 2516 si
771 2488 875 2520 demas,
890 2496 1024 2523 nusquam
1044 2489 1085 2516 vel

302 2536 452 2569 brutis,vel
468 2535 618 2567 vermibus,
630 2536 671 2562 vel
687 2535 798 2570 plantis,
811 2535 851 2562 vel
867 2534 1001 2569 lapidibus
1019 2535 1093 2576 ipsis

302 2582 430 2617 superior
448 2582 511 2609 erit.
526 2581 598 2614 Quin
618 2581 739 2608 omnium
759 2580 976 2613 infelicissimus,
996 2586 1023 2609 et
1036 2582 1086 2609 mi-

301 2628 436 2655 serrimus
451 2629 535 2655 vitam
552 2630 654 2662 ageret.
671 2626 731 2653 Non
754 2625 864 2653 deluere
892 2630 993 2660 tamen,
1012 2627 1086 2661 iique

301 2673 521 2709 praestantissimi
538 2673 602 2704 viri,
621 2672 667 2707 qui
690 2672 808 2699 animum
825 2672 1036 2699 ratiocinantem
1051 2672 1087 2699 si-

300 2720 423 2752 deribus,
438 2720 577 2754 rebusque
596 2719 659 2746 aliis
688 2718 874 2753 assignarunt,
903 2718 985 2745 veluti
1007 2717 1085 2745 Philo

299 2765 422 2799 Judmus,
439 2766 488 2794 ιιι).
505 2765 544 2793 De
566 2765 676 2792 somniis
698 2769 725 2791 ct
741 2764 779 2790 De
803 2763 867 2798 opif.
893 2772 939 2790 sea:
962 2764 1083 2795 dierum;

300 2813 442 2847 Origenes.
455 2816 523 2840 tom.
538 2820 556 2844 ι,
571 2811 725 2839 Comment.
741 2811 768 2837 in
785 2809 868 2837 Joan.
880 2814 906 2837 et
918 2811 1006 2844 primo
1014 2809 1084 2844 Περὶ

298 2858 410 2894 ἀρχῶν,
427 2866 487 2894 cap.
516 2859 541 2885 7.
560 2857 741 2893 Hieronymus
755 2856 788 2884 ab
809 2856 859 2884 hac
873 2856 1008 2885 sententia
1029 2863 1083 2884 non

1159 933 1191 953 ac
1206 927 1329 955 scientiis
1340 929 1502 963 ignobiliora
1520 938 1687 966 cognOscere
1705 935 1822 969 appetis.

1194 971 1273 1006 lbid.,
1288 974 1338 1001 lin.
1354 974 1400 1002 ει.
1419 976 1475 1003 Τοῦ
1491 977 1688 1011 παραδείσω.
1702 979 1784 1008 Plura
1807 981 1879 1016 apud
1896 981 1942 1010 Pa-

1159 1023 1214 1047 tres
1232 1020 1266 1048 de
1288 1022 1417 1056 paradiso
1439 1023 1599 1057 voluptatis,
1630 1026 1766 1061 variaeque
1780 1027 1815 1054 de
1839 1035 1873 1056 eo
1887 1036 1944 1057 non

1157 1068 1262 1092 tantuut
1281 1067 1352 1101 apud
1371 1068 1508 1103 antiquos,
1524 1069 1572 1097 sed
1588 1075 1615 1097 et
1636 1073 1803 1100 recentiores
1825 1074 1945 1109 scripto-

1157 1118 1213 1144 res,
1229 1111 1401 1141 diﬂicultates
1414 1114 1589 1142 elucubratas.
1605 1116 1680 1144 Multi
1699 1118 1762 1145 item
1777 1118 1863 1147 libros
1871 1120 1945 1149 inte-

1157 1165 1219 1192 gros
1232 1158 1266 1185 de
1289 1159 1341 1186 hoc
1352 1160 1478 1194 paradiso
1501 1163 1672 1198 conscriptos
1685 1164 1714 1192 in
1726 1164 1824 1200 vulgus
1849 1166 1943 1196 edideo

1156 1208 1230 1235 runt,
1247 1204 1274 1231 in
1295 1205 1394 1238 quibus
1413 1210 1455 1233 sat
1471 1207 1559 1242 plura.

1194 1248 1262 1275 lbid.
1282 1249 1462 1284 Ἐπίμοχθοιο
1482 1252 1573 1284 αὐτῷ.
1602 1252 1710 1282 Delrius
1728 1263 1755 1282 tn
1774 1264 1832 1291 cup.
1848 1264 1879 1285 ιιι
1890 1257 1943 1286 σιω

1155 1304 1160 1320 ;
1179 1302 1210 1322 .s.
1227 1302 1237 1320 :
1260 1294 1293 1321 1η
1321 1296 1448 1329 paradiso
1473 1297 1604 1325 innocenti
1634 1299 1737 1327 Adamn
1766 1302 1844 1330 tellus
1865 1312 1942 1340 longe

1154 1341 1243 1367 omnia
1262 1342 1463 1376 suppeditasret,
1491 1344 1571 1371 levem
1591 1354 1651 1373 cum
1675 1347 1805 1382 voluptate
1832 1357 1941 1384 operm

1154 1386 1312 1419 impendenti
1322 1396 1330 1413 :
1339 1390 1479 1421 peccaturi,
1491 1396 1514 1416 et
1526 1396 1602 1417 extra
1611 1392 1767 1425 paradisum
1780 1395 1870 1422 eadem
1881 1404 1940 1424 utr-

1155 1433 1226 1467 ligna
1241 1434 1331 1459 nutrix
1347 1435 1453 1461 inarata
1469 1435 1547 1467 nihil,
1571 1443 1649 1464 arata
1667 1446 1745 1473 parce
1761 1442 1895 1476 quddam,
1912 1450 1939 1470 et

1153 1478 1309 1513 quibusdam
1334 1481 1397 1508 locis
1414 1481 1550 1509 redditura
1569 1483 1750 1512 denuntiatur.
1771 1486 1803 1513 Ει
1819 1487 1938 1516 Basilius

1155 1523 1346 1558 Seleuciensis,
1367 1531 1437 1554 orat.
1457 1528 1474 1553 2
1488 1527 1527 1554 De
1546 1528 1633 1556 Adam
1648 1538 1659 1557 :
1680 1531 1896 1568 Ἐπικατάρατος
1917 1538 1936 1572 ἡ

1150 1570 1186 1604 γῆ
1202 1571 1231 1597 ἐν
1246 1573 1301 1603 τοῖς
1323 1572 1414 1607 ἔργοις
1430 1582 1486 1599 σου.
1504 1574 1615 1610 Τρυφῆς
1633 1576 1734 1613 ἐφάνης
1750 1578 1865 1611 ἀνάξιος,
1879 1570 1936 1614 suis

1150 1616 1214 1651 περὶ
1228 1617 1279 1651 γῆν
1296 1617 1404 1653 ἱδρῶσιν
1424 1619 1555 1653 ὑπάρξεις
1583 1621 1745 1657 κατάρατος,
1770 1624 1816 1650 καὶ
1844 1626 1936 1658 πόνοις

1150 1662 1289 1697 μετρήσας
1305 1663 1355 1697 τῆς
1372 1664 1443 1699 ζωῆς
1464 1672 1511 1690 σου
1529 1664 1574 1691 τὸν
1588 1666 1693 1701 χρόνον,
1710 1668 1794 1703 τάφον
1807 1670 1935 1706 εὑρήσεις

1148 1708 1195 1735 τοῦ
1223 1709 1279 1744 βίου
1297 1711 1426 1746 διάδιλχον.

1186 1753 1325 1787 lbid.,lin.
1338 1756 1382 1783 29.
1403 1757 1559 1791 Γνωρίσας
1575 1755 1632 1785 οὖν
1653 1759 1719 1792 τήν.
1742 1759 1934 1790 Ἡιιωιίιιοηιιιι

1148 1798 1257 1833 quidam
1269 1806 1381 1827 censent
1396 1800 1455 1829 Eva:
1474 1810 1571 1830 zonam
1596 1804 1624 1831 in
1650 1805 1778 1839 paradiso
1800 1808 1932 1840 solutam,

1148 1844 1336 1880 Adamumque
1350 1854 1460 1881 operam
1475 1848 1567 1875 liberis
1580 1849 1688 1882 dedisse
1702 1851 1794 1878 statim
1806 1856 1836 1879 ut
1850 1852 1885 1880 ad
1899 1854 1935 1882 il-

1149 1891 1204 1918 lum
1222 1892 1337 1919 adducta
1353 1897 1395 1920 est
1410 1893 1476 1921 Eva.
1501 1895 1578 1927 Quod
1596 1896 1751 1924 insinuatur
1761 1898 1841 1925 etiam
1856 1899 1905 1928 lib.
1919 1908 1931 1929 ι

1148 1936 1342 1974 Sibyllinorum
1356 1941 1529 1968 oraculorum
1544 1942 1618 1978 circa
1643 1943 1818 1980 principium.
1839 1945 1930 1974 Cabu-

1146 1984 1215 2011 listre
1231 1985 1413 2013 insulsissime
1427 1991 1553 2014 asserunt
1568 1988 1663 2022 genios
1676 1990 1772 2017 noxios
1787 1991 1857 2017 lilitlt
1878 1999 1929 2028 ap-

1148 2030 1261 2064 pellatos
1277 2032 1381 2065 genitos
1397 2032 1481 2059 fuisse
1496 2040 1529 2059 ex
1551 2033 1683 2067 proﬂuvio
1695 2035 1808 2064 seminis
1817 2037 1929 2071 Adami,

1145 2081 1289 2110 antequam
1301 2084 1362 2104 eum
1377 2077 1431 2104 Eva
1448 2085 1531 2105 uxore
1545 2079 1765 2114 congrederetur,
1782 2085 1809 2109 ct
1827 2082 1930 2112 habere

1145 2121 1254 2155 quidem
1267 2129 1314 2149 eos
1326 2129 1427 2156 corpus
1437 2123 1578 2158 palpabile,
1588 2128 1615 2152 et
1625 2126 1752 2154 sensibus
1763 2122 1929 2164 subjectum,

1144 2166 1192 2193 sed
1209 2174 1327 2197 aereum,
1343 2168 1441 2193 subtile.
1458 2173 1483 2193 et
1503 2169 1656 2197 evanidum.
1670 2171 1769 2198 Eorum
1784 2174 1868 2201 vitam
1881 2183 1931 2202 an-

1144 2219 1240 2238 norum
1259 2214 1329 2239 milic
1354 2218 1476 2239 statuunt
1500 2216 1628 2248 vegetari,
1646 2220 1672 2243 et
1693 2225 1835 2246 senescere
1850 2228 1929 2249 more

1142 2259 1306 2293 reliquorum
1318 2260 1465 2288 hmninum,
1475 2263 1614 2295 propagari
1629 2270 1722 2289 eorum
1738 2265 1854 2298 speciem
1864 2268 1927 2301 pol-

1142 2304 1290 2330 lutioniims
1301 2306 1451 2336 nmturnis,
1476 2311 1502 2332 et
1514 2305 1641 2335 Venereis
1656 2308 1775 2336 virorum
1791 2313 1926 2346 somniis;

1140 2357 1201 2376 cum
1220 2351 1272 2377 sint
1299 2351 1435 2377 libidinosi
1462 2352 1605 2385 plurinmm
1623 2354 1752 2381 delectari
1768 2360 1925 2385 menstruo-

1141 2403 1200 2422 rum
1233 2396 1359 2425 lluxilvus,
1392 2398 1490 2430 quibus
1516 2399 1598 2425 robur
1626 2404 1779 2432 assumunt,
1807 2402 1925 2438 ideoque

1140 2447 1221 2469 nocui
1238 2443 1369 2468 “territare
1385 2443 1540 2475 juvenibus,
1560 2444 1680 2477 titillare,
1700 2446 1812 2479 spiritus
1840 2448 1925 2474 semi-

1140 2488 1215 2515 nales
1231 2490 1360 2517 excitare.
1386 2489 1505 2515 relaxare
1525 2497 1588 2516 vasa
1620 2492 1772 2522 seminalia,
1803 2498 1832 2519 ut
1858 2501 1922 2522 sese

1138 2534 1182 2560 his
1197 2534 1393 2568 pollutionibus
1412 2534 1542 2561 renuant.
1569 2535 1635 2567 Quis
1650 2543 1703 2562 non
1721 2536 1793 2563 videt
1812 2540 1924 2572 nugas?

1137 2580 1190 2606 Alii
1204 2580 1277 2610 item,
1289 2588 1356 2614 quos
1372 2585 1397 2606 et
1415 2585 1512 2607 noslrte
1525 2583 1693 2616 tempestatis
1710 2582 1828 2609 haeretici
1841 2592 1923 2613 .non-

1138 2626 1206 2652 nulli
1223 2631 1386 2659 sequuntur,
1406 2627 1497 2652 statim
1515 2631 1575 2661 post
1590 2632 1742 2661 peccatum.
1760 2627 1811 2654 Alii
1827 2636 1860 2656 ex
1875 2638 1923 2658 ve-

1137 2671 1355 2705 riorioptniouc,
1386 2675 1445 2704 ptlsl
1465 2672 1651 2705 cxpulsionem
1680 2680 1695 2698 e
1718 2673 1855 2706 paradiso.
1881 2675 1922 2702 Ita

1138 2717 1267 2745 lrenmus,
1285 2717 1331 2742 illi.
1350 2724 1389 2747 tu,
1405 2724 1464 2750 cap.
1479 2716 1698 2751 55;Procopius,
1712 2724 1773 2752 cap.
1789 2726 1816 2745 tv
1830 2719 1856 2745 in
1870 2717 1923 2747 Ge-

1136 2770 1210 2794 nes.;
1234 2762 1410 2795 Epiphanius,
1429 2762 1473 2789 lib.
1493 2770 1521 2788 ιιι
1545 2762 1644 2789 Contra
1667 2762 1775 2794 Intret,
1795 2762 1922 2793 Justinus

1135 2808 1243 2842 dialogo
1260 2808 1358 2835 Contra
1375 2808 1546 2842 Tryphonem.
1567 2807 1692 2840 Quandiu
1707 2809 1779 2835 cnim
1796 2809 1824 2836 in
1840 2816 1922 2844 pan-

1134 2855 1195 2883 diso
1218 2854 1301 2886 luere,
1330 2854 1448 2888 virgines
1466 2854 1650 2889 permansisse
1673 2853 1830 2882 existimant
1849 2853 1920 2883 Ter.

1965 3006 1977 3018 ._
1990 3011 2016 3020 ,β’
2094 3007 2107 3022 ⁴

1855 3078 1862 3082 .
1879 3061 1938 3075 ⁷-⁴”
