  <div class='ocr_page' id='page_1' title='image "/cluster/home/n/w/nwhite01/storage/ocr_20150623/18/njp.32101064224536/508.png"; bbox 0 0 2143 3163; ppageno 0'>
   <div class='ocr_carea' id='block_1_1' title="bbox 191 179 248 210">
    <p class='ocr_par' dir='ltr' id='par_1_1' title="bbox 191 179 248 210">
     <span class='ocr_line' id='line_1_1' title="bbox 191 179 248 210; baseline 0 0"><span class='ocrx_word' id='word_1_1' title='bbox 191 179 248 210; x_wconf 69' lang='grc'><strong>97⁸</strong></span> 
     </span>
    </p>
   </div>
   <div class='ocr_carea' id='block_1_2' title="bbox 710 175 1333 206">
    <p class='ocr_par' dir='ltr' id='par_1_2' title="bbox 710 175 1333 206">
     <span class='ocr_line' id='line_1_2' title="bbox 710 175 1333 206; baseline -0.005 0"><span class='ocrx_word' id='word_1_2' title='bbox 710 178 744 206; x_wconf 83' lang='lat' dir='ltr'><strong>IN</strong></span> <span class='ocrx_word' id='word_1_3' title='bbox 766 177 949 206; x_wconf 81' lang='lat' dir='ltr'><strong>EUS&#39;I‘ATlllI</strong></span> <span class='ocrx_word' id='word_1_4' title='bbox 969 175 1205 204; x_wconf 68' lang='lat' dir='ltr'><strong>llEXAEHERON</strong></span> <span class='ocrx_word' id='word_1_5' title='bbox 1219 175 1333 203; x_wconf 64' lang='lat' dir='ltr'><strong>NUTxE.</strong></span> 
     </span>
    </p>
   </div>
   <div class='ocr_carea' id='block_1_3' title="bbox 1774 173 1826 203">
    <p class='ocr_par' dir='ltr' id='par_1_3' title="bbox 1774 173 1826 203">
     <span class='ocr_line' id='line_1_3' title="bbox 1774 173 1826 203; baseline 0 0"><span class='ocrx_word' id='word_1_6' title='bbox 1774 173 1826 203; x_wconf 71' lang='grc'><strong>074</strong></span> 
     </span>
    </p>
   </div>
   <div class='ocr_carea' id='block_1_4' title="bbox 192 231 1827 272">
    <p class='ocr_par' dir='ltr' id='par_1_4' title="bbox 192 231 1827 272">
     <span class='ocr_line' id='line_1_4' title="bbox 192 231 1827 272; baseline -0.002 -7"><span class='ocrx_word' id='word_1_7' title='bbox 192 237 337 269; x_wconf 84' lang='lat' dir='ltr'><strong>tullianus.</strong></span> <span class='ocrx_word' id='word_1_8' title='bbox 353 237 403 266; x_wconf 86' lang='lat' dir='ltr'><strong>lib.</strong></span> <span class='ocrx_word' id='word_1_9' title='bbox 422 237 460 264; x_wconf 77' lang='lat' dir='ltr'><strong>De</strong></span> <span class='ocrx_word' id='word_1_10' title='bbox 472 237 576 264; x_wconf 73' lang='lat' dir='ltr'><strong>vetanti.</strong></span> <span class='ocrx_word' id='word_1_11' title='bbox 588 237 696 272; x_wconf 77' lang='lat' dir='ltr'><strong>oirgin.,</strong></span> <span class='ocrx_word' id='word_1_12' title='bbox 708 244 771 272; x_wconf 73' lang='lat' dir='ltr'><strong>cap.</strong></span> <span class='ocrx_word' id='word_1_13' title='bbox 783 237 819 270; x_wconf 84' lang='lat'><strong>5;</strong></span> <span class='ocrx_word' id='word_1_14' title='bbox 845 234 980 271; x_wconf 82' lang='lat' dir='ltr'><strong>Hierony-</strong></span> <span class='ocrx_word' id='word_1_15' title='bbox 995 239 1018 266; x_wconf 79' lang='grc' dir='ltr'><strong>Α</strong></span> <span class='ocrx_word' id='word_1_16' title='bbox 1034 234 1154 270; x_wconf 82' lang='lat' dir='ltr'><strong>probari.</strong></span> <span class='ocrx_word' id='word_1_17' title='bbox 1179 233 1321 261; x_wconf 79' lang='lat' dir='ltr'><strong>Reclamat</strong></span> <span class='ocrx_word' id='word_1_18' title='bbox 1339 232 1465 261; x_wconf 81' lang='lat' dir='ltr'><strong>Justinus</strong></span> <span class='ocrx_word' id='word_1_19' title='bbox 1485 233 1585 270; x_wconf 64' lang='lat' dir='ltr'><strong>llartyr</strong></span> <span class='ocrx_word' id='word_1_20' title='bbox 1600 232 1633 260; x_wconf 89' lang='lat' dir='ltr'><strong>ad</strong></span> <span class='ocrx_word' id='word_1_21' title='bbox 1650 231 1827 261; x_wconf 77' lang='lat' dir='ltr'><strong>Orthodoxos</strong></span> 
     </span>
    </p>
   </div>
   <div class='ocr_carea' id='block_1_5' title="bbox 192 282 985 318">
    <p class='ocr_par' dir='ltr' id='par_1_5' title="bbox 192 282 985 318">
     <span class='ocr_line' id='line_1_5' title="bbox 192 282 985 318; baseline -0.006 -5"><span class='ocrx_word' id='word_1_22' title='bbox 192 293 267 318; x_wconf 85' lang='lat' dir='ltr'><strong>mus,</strong></span> <span class='ocrx_word' id='word_1_23' title='bbox 280 285 379 313; x_wconf 76' lang='lat' dir='ltr'><strong>Contra</strong></span> <span class='ocrx_word' id='word_1_24' title='bbox 393 284 582 317; x_wconf 72' lang='lat' dir='ltr'><strong>Iovinianum;</strong></span> <span class='ocrx_word' id='word_1_25' title='bbox 593 284 767 316; x_wconf 79' lang='lat' dir='ltr'><strong>Ambrosius,</strong></span> <span class='ocrx_word' id='word_1_26' title='bbox 782 283 831 310; x_wconf 94' lang='lat' dir='ltr'><strong>lib.</strong></span> <span class='ocrx_word' id='word_1_27' title='bbox 845 282 883 310; x_wconf 81' lang='lat' dir='ltr'><strong>De</strong></span> <span class='ocrx_word' id='word_1_28' title='bbox 899 282 985 309; x_wconf 71' lang='lat' dir='ltr'><strong>instit.</strong></span> 
     </span>
    </p>
   </div>
   <div class='ocr_carea' id='block_1_6' title="bbox 192 329 988 368">
    <p class='ocr_par' dir='ltr' id='par_1_6' title="bbox 192 329 988 368">
     <span class='ocr_line' id='line_1_6' title="bbox 192 329 988 368; baseline -0.005 -9"><span class='ocrx_word' id='word_1_29' title='bbox 192 332 341 368; x_wconf 71' lang='lat' dir='ltr'><strong>virginum;</strong></span> <span class='ocrx_word' id='word_1_30' title='bbox 356 331 486 365; x_wconf 80' lang='lat' dir='ltr'><strong>Basilius,</strong></span> <span class='ocrx_word' id='word_1_31' title='bbox 501 331 582 367; x_wconf 85' lang='lat' dir='ltr'><strong>epist.</strong></span> <span class='ocrx_word' id='word_1_32' title='bbox 596 331 629 359; x_wconf 87' lang='lat' dir='ltr'><strong>ad</strong></span> <span class='ocrx_word' id='word_1_33' title='bbox 642 330 795 362; x_wconf 84' lang='lat' dir='ltr'><strong>Letorium,</strong></span> <span class='ocrx_word' id='word_1_34' title='bbox 806 329 846 357; x_wconf 80' lang='lat' dir='ltr'><strong>De</strong></span> <span class='ocrx_word' id='word_1_35' title='bbox 859 337 921 357; x_wconf 73' lang='lat' dir='ltr'><strong>vero</strong></span> <span class='ocrx_word' id='word_1_36' title='bbox 935 329 988 356; x_wconf 80' lang='lat' dir='ltr'><strong>vir-</strong></span> 
     </span>
    </p>
   </div>
   <div class='ocr_carea' id='block_1_7' title="bbox 191 374 985 413">
    <p class='ocr_par' dir='ltr' id='par_1_7' title="bbox 191 374 985 413">
     <span class='ocr_line' id='line_1_7' title="bbox 191 374 985 413; baseline -0.006 -8"><span class='ocrx_word' id='word_1_37' title='bbox 191 378 320 412; x_wconf 72' lang='lat' dir='ltr'><strong>ginitm;</strong></span> <span class='ocrx_word' id='word_1_38' title='bbox 338 376 541 413; x_wconf 82' lang='lat' dir='ltr'><strong>Chrysostom..</strong></span> <span class='ocrx_word' id='word_1_39' title='bbox 561 377 635 404; x_wconf 86' lang='lat' dir='ltr'><strong>hom.</strong></span> <span class='ocrx_word' id='word_1_40' title='bbox 651 377 686 404; x_wconf 77' lang='grc'><strong>18</strong></span> <span class='ocrx_word' id='word_1_41' title='bbox 709 376 738 403; x_wconf 80' lang='lat' dir='ltr'><strong>in</strong></span> <span class='ocrx_word' id='word_1_42' title='bbox 755 374 862 406; x_wconf 54' lang='lat' dir='ltr'><strong>Genu;</strong></span> <span class='ocrx_word' id='word_1_43' title='bbox 882 374 985 402; x_wconf 71' lang='lat' dir='ltr'><strong>Marius</strong></span> 
     </span>
    </p>
   </div>
   <div class='ocr_carea' id='block_1_8' title="bbox 193 420 985 461">
    <p class='ocr_par' dir='ltr' id='par_1_8' title="bbox 193 420 985 461">
     <span class='ocr_line' id='line_1_8' title="bbox 193 420 985 461; baseline -0.003 -11"><span class='ocrx_word' id='word_1_44' title='bbox 193 422 299 457; x_wconf 81' lang='lat' dir='ltr'><strong>Victor,</strong></span> <span class='ocrx_word' id='word_1_45' title='bbox 315 423 363 451; x_wconf 85' lang='lat' dir='ltr'><strong>lib.</strong></span> <span class='ocrx_word' id='word_1_46' title='bbox 390 431 410 450; x_wconf 97' lang='grc' dir='ltr'>ιι</span> <span class='ocrx_word' id='word_1_47' title='bbox 433 423 465 461; x_wconf 78' lang='lat' dir='ltr'><strong>ju</strong></span> <span class='ocrx_word' id='word_1_48' title='bbox 479 421 586 455; x_wconf 61' lang='lat' dir='ltr'><strong>Genu;</strong></span> <span class='ocrx_word' id='word_1_49' title='bbox 615 423 797 458; x_wconf 70' lang='lat' dir='ltr'><strong>Augustinus,</strong></span> <span class='ocrx_word' id='word_1_50' title='bbox 823 421 871 448; x_wconf 88' lang='lat' dir='ltr'><strong>lib.</strong></span> <span class='ocrx_word' id='word_1_51' title='bbox 898 423 929 448; x_wconf 85' lang='lat' dir='ltr'><strong>tit</strong></span> <span class='ocrx_word' id='word_1_52' title='bbox 947 420 985 448; x_wconf 74' lang='lat' dir='ltr'><strong>De</strong></span> 
     </span>
    </p>
   </div>
   <div class='ocr_carea' id='block_1_9' title="bbox 191 466 985 503">
    <p class='ocr_par' dir='ltr' id='par_1_9' title="bbox 191 466 985 503">
     <span class='ocr_line' id='line_1_9' title="bbox 191 466 985 503; baseline -0.004 -7"><span class='ocrx_word' id='word_1_53' title='bbox 191 468 286 497; x_wconf 75' lang='lat' dir='ltr'><strong>Cenes.</strong></span> <span class='ocrx_word' id='word_1_54' title='bbox 305 469 340 496; x_wconf 75' lang='lat' dir='ltr'><strong>ad</strong></span> <span class='ocrx_word' id='word_1_55' title='bbox 351 469 417 500; x_wconf 83' lang='lat' dir='ltr'><strong>litt.;</strong></span> <span class='ocrx_word' id='word_1_56' title='bbox 431 469 549 500; x_wconf 81' lang='lat' dir='ltr'><strong>Delrius,</strong></span> <span class='ocrx_word' id='word_1_57' title='bbox 564 469 591 495; x_wconf 83' lang='lat' dir='ltr'><strong>in</strong></span> <span class='ocrx_word' id='word_1_58' title='bbox 610 468 703 496; x_wconf 73' lang='lat' dir='ltr'><strong>Genet.</strong></span> <span class='ocrx_word' id='word_1_59' title='bbox 720 476 781 503; x_wconf 83' lang='lat' dir='ltr'><strong>cap.</strong></span> <span class='ocrx_word' id='word_1_60' title='bbox 801 475 839 495; x_wconf 85' lang='lat' dir='ltr'><strong>Iv.</strong></span> <span class='ocrx_word' id='word_1_61' title='bbox 865 466 920 495; x_wconf 86' lang='lat' dir='ltr'><strong>Nec</strong></span> <span class='ocrx_word' id='word_1_62' title='bbox 934 467 985 493; x_wconf 88' lang='lat' dir='ltr'><strong>ali-</strong></span> 
     </span>
    </p>
   </div>
   <div class='ocr_carea' id='block_1_10' title="bbox 192 513 983 551">
    <p class='ocr_par' dir='ltr' id='par_1_10' title="bbox 192 513 983 551">
     <span class='ocr_line' id='line_1_10' title="bbox 192 513 983 551; baseline -0.005 -7"><span class='ocrx_word' id='word_1_63' title='bbox 192 520 237 544; x_wconf 84' lang='lat' dir='ltr'><strong>ter</strong></span> <span class='ocrx_word' id='word_1_64' title='bbox 251 516 335 543; x_wconf 85' lang='lat' dir='ltr'><strong>sentit</strong></span> <span class='ocrx_word' id='word_1_65' title='bbox 357 515 519 551; x_wconf 84' lang='lat' dir='ltr'><strong>Procopius.</strong></span> <span class='ocrx_word' id='word_1_66' title='bbox 537 515 570 543; x_wconf 85' lang='lat' dir='ltr'><strong>Et</strong></span> <span class='ocrx_word' id='word_1_67' title='bbox 584 516 612 543; x_wconf 89' lang='lat' dir='ltr'><strong>in</strong></span> <span class='ocrx_word' id='word_1_68' title='bbox 626 515 721 548; x_wconf 83' lang='lat' dir='ltr'><strong>Cvrilli</strong></span> <span class='ocrx_word' id='word_1_69' title='bbox 741 513 983 549; x_wconf 83' lang='lat' dir='ltr'><strong>Hierosolymitani</strong></span> 
     </span>
    </p>
   </div>
   <div class='ocr_carea' id='block_1_11' title="bbox 193 559 981 597">
    <p class='ocr_par' dir='ltr' id='par_1_11' title="bbox 193 559 981 597">
     <span class='ocr_line' id='line_1_11' title="bbox 193 559 981 597; baseline -0.004 -8"><span class='ocrx_word' id='word_1_70' title='bbox 193 560 332 589; x_wconf 71' lang='lat' dir='ltr'><strong>catechesi</strong></span> <span class='ocrx_word' id='word_1_71' title='bbox 352 559 396 594; x_wconf 76' lang='lat' dir='ltr'><strong>l2,</strong></span> <span class='ocrx_word' id='word_1_72' title='bbox 412 561 448 588; x_wconf 86' lang='lat' dir='ltr'><strong>ita</strong></span> <span class='ocrx_word' id='word_1_73' title='bbox 459 561 646 597; x_wconf 83' lang='lat' dir='ltr'><strong>reponendum</strong></span> <span class='ocrx_word' id='word_1_74' title='bbox 657 560 783 588; x_wconf 89' lang='lat' dir='ltr'><strong>nonnulli</strong></span> <span class='ocrx_word' id='word_1_75' title='bbox 793 559 981 587; x_wconf 86' lang='lat' dir='ltr'><strong>contendunt:</strong></span> 
     </span>
    </p>
   </div>
   <div class='ocr_carea' id='block_1_12' title="bbox 190 605 983 642">
    <p class='ocr_par' dir='ltr' id='par_1_12' title="bbox 190 605 983 642">
     <span class='ocr_line' id='line_1_12' title="bbox 190 605 983 642; baseline -0.003 -9"><span class='ocrx_word' id='word_1_76' title='bbox 190 606 308 633; x_wconf 71' lang='lat' dir='ltr'><strong>Accessit</strong></span> <span class='ocrx_word' id='word_1_77' title='bbox 323 606 358 633; x_wconf 81' lang='lat' dir='ltr'><strong>ad</strong></span> <span class='ocrx_word' id='word_1_78' title='bbox 370 607 506 634; x_wconf 76' lang='lat' dir='ltr'><strong>mulierem</strong></span> <span class='ocrx_word' id='word_1_79' title='bbox 520 607 607 634; x_wconf 80' lang='lat' dir='ltr'><strong>adhuc</strong></span> <span class='ocrx_word' id='word_1_80' title='bbox 620 607 756 642; x_wconf 71' lang='lat' dir='ltr'><strong>virginem.</strong></span> <span class='ocrx_word' id='word_1_81' title='bbox 778 605 850 632; x_wconf 82' lang='lat' dir='ltr'><strong>Nam</strong></span> <span class='ocrx_word' id='word_1_82' title='bbox 860 609 920 639; x_wconf 73' lang='lat' dir='ltr'><strong>post</strong></span> <span class='ocrx_word' id='word_1_83' title='bbox 937 613 983 632; x_wconf 84' lang='lat' dir='ltr'><strong>ca-</strong></span> 
     </span>
    </p>
   </div>
   <div class='ocr_carea' id='block_1_13' title="bbox 189 650 983 688">
    <p class='ocr_par' dir='ltr' id='par_1_13' title="bbox 189 650 983 688">
     <span class='ocr_line' id='line_1_13' title="bbox 189 650 983 688; baseline -0.001 -9"><span class='ocrx_word' id='word_1_84' title='bbox 189 660 250 679; x_wconf 76' lang='lat' dir='ltr'><strong>sum</strong></span> <span class='ocrx_word' id='word_1_85' title='bbox 261 653 291 679; x_wconf 75' lang='lat' dir='ltr'><strong>in</strong></span> <span class='ocrx_word' id='word_1_86' title='bbox 314 653 453 688; x_wconf 71' lang='lat' dir='ltr'><strong>paradiso,</strong></span> <span class='ocrx_word' id='word_1_87' title='bbox 474 657 536 679; x_wconf 82' lang='lat' dir='ltr'><strong>tunc</strong></span> <span class='ocrx_word' id='word_1_88' title='bbox 550 653 666 688; x_wconf 78' lang='lat' dir='ltr'><strong>primum</strong></span> <span class='ocrx_word' id='word_1_89' title='bbox 681 653 803 688; x_wconf 78' lang='lat' dir='ltr'><strong>cognovit</strong></span> <span class='ocrx_word' id='word_1_90' title='bbox 827 651 921 679; x_wconf 81' lang='lat' dir='ltr'><strong>Evam.</strong></span> <span class='ocrx_word' id='word_1_91' title='bbox 950 650 983 678; x_wconf 84' lang='lat' dir='ltr'><strong>Et</strong></span> 
     </span>
    </p>
   </div>
   <div class='ocr_carea' id='block_1_14' title="bbox 189 697 980 734">
    <p class='ocr_par' dir='ltr' id='par_1_14' title="bbox 189 697 980 734">
     <span class='ocr_line' id='line_1_14' title="bbox 189 697 980 734; baseline -0.001 -9"><span class='ocrx_word' id='word_1_92' title='bbox 189 698 244 726; x_wconf 87' lang='lat' dir='ltr'><strong>hoc</strong></span> <span class='ocrx_word' id='word_1_93' title='bbox 262 698 399 726; x_wconf 78' lang='lat' dir='ltr'><strong>Eustathii</strong></span> <span class='ocrx_word' id='word_1_94' title='bbox 420 699 481 726; x_wconf 83' lang='lat' dir='ltr'><strong>loco</strong></span> <span class='ocrx_word' id='word_1_95' title='bbox 494 699 698 734; x_wconf 75' lang='lat' dir='ltr'><strong>cognoscimus.</strong></span> <span class='ocrx_word' id='word_1_96' title='bbox 726 699 830 734; x_wconf 89' lang='lat' dir='ltr'><strong>primos</strong></span> <span class='ocrx_word' id='word_1_97' title='bbox 845 697 980 729; x_wconf 85' lang='lat' dir='ltr'><strong>homines.</strong></span> 
     </span>
    </p>
   </div>
   <div class='ocr_carea' id='block_1_15' title="bbox 189 741 981 779">
    <p class='ocr_par' dir='ltr' id='par_1_15' title="bbox 189 741 981 779">
     <span class='ocr_line' id='line_1_15' title="bbox 189 741 981 779; baseline -0.001 -8"><span class='ocrx_word' id='word_1_98' title='bbox 189 744 280 779; x_wconf 80' lang='lat' dir='ltr'><strong>quoad</strong></span> <span class='ocrx_word' id='word_1_99' title='bbox 295 743 406 771; x_wconf 84' lang='lat' dir='ltr'><strong>fuerunt</strong></span> <span class='ocrx_word' id='word_1_100' title='bbox 421 744 448 771; x_wconf 91' lang='lat' dir='ltr'><strong>in</strong></span> <span class='ocrx_word' id='word_1_101' title='bbox 469 744 608 779; x_wconf 83' lang='lat' dir='ltr'><strong>paradiso.</strong></span> <span class='ocrx_word' id='word_1_102' title='bbox 631 744 752 779; x_wconf 80' lang='lat' dir='ltr'><strong>virgines</strong></span> <span class='ocrx_word' id='word_1_103' title='bbox 771 743 865 772; x_wconf 89' lang='lat' dir='ltr'><strong>fuisse.</strong></span> <span class='ocrx_word' id='word_1_104' title='bbox 889 741 981 770; x_wconf 83' lang='lat' dir='ltr'><strong>Prima</strong></span> 
     </span>
    </p>
   </div>
   <div class='ocr_carea' id='block_1_16' title="bbox 188 789 981 825">
    <p class='ocr_par' dir='ltr' id='par_1_16' title="bbox 188 789 981 825">
     <span class='ocr_line' id='line_1_16' title="bbox 188 789 981 825; baseline -0.003 -8"><span class='ocrx_word' id='word_1_105' title='bbox 188 789 263 817; x_wconf 81' lang='lat' dir='ltr'><strong>enim</strong></span> <span class='ocrx_word' id='word_1_106' title='bbox 277 797 374 817; x_wconf 79' lang='lat' dir='ltr'><strong>eorum</strong></span> <span class='ocrx_word' id='word_1_107' title='bbox 401 789 560 817; x_wconf 80' lang='lat' dir='ltr'><strong>commistio</strong></span> <span class='ocrx_word' id='word_1_108' title='bbox 576 794 638 825; x_wconf 89' lang='lat' dir='ltr'><strong>post</strong></span> <span class='ocrx_word' id='word_1_109' title='bbox 655 797 796 824; x_wconf 81' lang='lat' dir='ltr'><strong>egressum</strong></span> <span class='ocrx_word' id='word_1_110' title='bbox 819 797 834 816; x_wconf 91' lang='lat' dir='ltr'><strong>e</strong></span> <span class='ocrx_word' id='word_1_111' title='bbox 854 789 981 824; x_wconf 74' lang='lat' dir='ltr'><strong>paradiso</strong></span> 
     </span>
    </p>
   </div>
   <div class='ocr_carea' id='block_1_17' title="bbox 175 829 980 871">
    <p class='ocr_par' dir='ltr' id='par_1_17' title="bbox 175 829 980 871">
     <span class='ocr_line' id='line_1_17' title="bbox 175 829 980 871; baseline -0.001 -9"><span class='ocrx_word' id='word_1_112' title='bbox 175 829 431 864; x_wconf 53' lang='lat' dir='ltr'><strong>commemoratur.</strong></span> <span class='ocrx_word' id='word_1_113' title='bbox 452 835 592 871; x_wconf 81' lang='lat' dir='ltr'><strong>Recteque</strong></span> <span class='ocrx_word' id='word_1_114' title='bbox 621 835 775 863; x_wconf 77' lang='lat' dir='ltr'><strong>Methodius</strong></span> <span class='ocrx_word' id='word_1_115' title='bbox 803 836 831 862; x_wconf 91' lang='lat' dir='ltr'><strong>in</strong></span> <span class='ocrx_word' id='word_1_116' title='bbox 858 835 928 862; x_wconf 88' lang='lat' dir='ltr'><strong>libro</strong></span> <span class='ocrx_word' id='word_1_117' title='bbox 943 834 980 861; x_wconf 82' lang='lat' dir='ltr'><strong>De</strong></span> 
     </span>
    </p>
   </div>
   <div class='ocr_carea' id='block_1_18' title="bbox 190 881 979 916">
    <p class='ocr_par' dir='ltr' id='par_1_18' title="bbox 190 881 979 916">
     <span class='ocr_line' id='line_1_18' title="bbox 190 881 979 916; baseline -0.004 -7"><span class='ocrx_word' id='word_1_118' title='bbox 190 882 242 916; x_wconf 72' lang='lat' dir='ltr'><strong>ﬁne</strong></span> <span class='ocrx_word' id='word_1_119' title='bbox 257 881 349 909; x_wconf 69' lang='lat' dir='ltr'><strong>mundi</strong></span> <span class='ocrx_word' id='word_1_120' title='bbox 364 890 373 909; x_wconf 90' lang='lat'><em>:</em></span> <span class='ocrx_word' id='word_1_121' title='bbox 387 881 496 914; x_wconf 86' lang='grc' dir='ltr'>Ὶστέον,</span> <span class='ocrx_word' id='word_1_122' title='bbox 516 882 568 913; x_wconf 83' lang='grc' dir='ltr'>ὅτι,</span> <span class='ocrx_word' id='word_1_123' title='bbox 589 881 741 914; x_wconf 75' lang='grc' dir='ltr'><strong>ἐξελθόντες</strong></span> <span class='ocrx_word' id='word_1_124' title='bbox 757 881 802 907; x_wconf 79' lang='grc' dir='ltr'>ὅτε</span> <span class='ocrx_word' id='word_1_125' title='bbox 830 881 915 916; x_wconf 73' lang='grc' dir='ltr'>Ἀδὰμ</span> <span class='ocrx_word' id='word_1_126' title='bbox 932 881 979 906; x_wconf 81' lang='grc' dir='ltr'><strong>καὶ</strong></span> 
     </span>
    </p>
   </div>
   <div class='ocr_carea' id='block_1_19' title="bbox 1037 279 1826 316">
    <p class='ocr_par' dir='ltr' id='par_1_19' title="bbox 1037 279 1826 316">
     <span class='ocr_line' id='line_1_19' title="bbox 1037 279 1826 316; baseline -0.001 -9"><span class='ocrx_word' id='word_1_127' title='bbox 1037 284 1134 316; x_wconf 66' lang='lat' dir='ltr'><strong>quaest.</strong></span> <span class='ocrx_word' id='word_1_128' title='bbox 1165 279 1228 312; x_wconf 77' lang='lat' dir='ltr'><strong>M9,</strong></span> <span class='ocrx_word' id='word_1_129' title='bbox 1249 281 1277 307; x_wconf 89' lang='lat' dir='ltr'><strong>in</strong></span> <span class='ocrx_word' id='word_1_130' title='bbox 1304 287 1359 315; x_wconf 89' lang='lat' dir='ltr'><strong>qua</strong></span> <span class='ocrx_word' id='word_1_131' title='bbox 1383 280 1520 307; x_wconf 76' lang='lat' dir='ltr'><strong>fructuum</strong></span> <span class='ocrx_word' id='word_1_132' title='bbox 1542 283 1570 307; x_wconf 90' lang='lat' dir='ltr'><strong>et</strong></span> <span class='ocrx_word' id='word_1_133' title='bbox 1598 280 1722 306; x_wconf 83' lang='lat' dir='ltr'><strong>carnium</strong></span> <span class='ocrx_word' id='word_1_134' title='bbox 1746 286 1826 307; x_wconf 80' lang='lat' dir='ltr'><strong>usum</strong></span> 
     </span>
    </p>
   </div>
   <div class='ocr_carea' id='block_1_20' title="bbox 1037 325 1412 354">
    <p class='ocr_par' dir='ltr' id='par_1_20' title="bbox 1037 325 1412 354">
     <span class='ocr_line' id='line_1_20' title="bbox 1037 325 1412 354; baseline 0.005 -2"><span class='ocrx_word' id='word_1_135' title='bbox 1037 326 1113 353; x_wconf 82' lang='lat' dir='ltr'><strong>Abcli</strong></span> <span class='ocrx_word' id='word_1_136' title='bbox 1128 330 1156 354; x_wconf 86' lang='lat' dir='ltr'><strong>et</strong></span> <span class='ocrx_word' id='word_1_137' title='bbox 1166 325 1253 354; x_wconf 83' lang='lat' dir='ltr'><strong>Caino</strong></span> <span class='ocrx_word' id='word_1_138' title='bbox 1274 326 1412 354; x_wconf 85' lang='lat' dir='ltr'><strong>concedit.</strong></span> 
     </span>
    </p>
   </div>
   <div class='ocr_carea' id='block_1_21' title="bbox 1073 370 1827 408">
    <p class='ocr_par' dir='ltr' id='par_1_21' title="bbox 1073 370 1827 408">
     <span class='ocr_line' id='line_1_21' title="bbox 1073 370 1827 408; baseline -0.003 -8"><span class='ocrx_word' id='word_1_139' title='bbox 1073 373 1154 405; x_wconf 80' lang='grc' dir='ltr'><strong>ΙΙ)ί(Ι.,</strong></span> <span class='ocrx_word' id='word_1_140' title='bbox 1177 373 1226 400; x_wconf 88' lang='lat' dir='ltr'><strong>lin.</strong></span> <span class='ocrx_word' id='word_1_141' title='bbox 1246 372 1291 400; x_wconf 68' lang='grc'><strong>52.</strong></span> <span class='ocrx_word' id='word_1_142' title='bbox 1309 373 1501 408; x_wconf 73' lang='grc' dir='ltr'>Προσήιτγκε</span> <span class='ocrx_word' id='word_1_143' title='bbox 1528 372 1562 399; x_wconf 79' lang='grc' dir='ltr'><strong>δὲ</strong></span> <span class='ocrx_word' id='word_1_144' title='bbox 1575 372 1676 399; x_wconf 69' lang='grc' dir='ltr'>Ἅϐελ.</span> <span class='ocrx_word' id='word_1_145' title='bbox 1704 370 1827 399; x_wconf 81' lang='lat' dir='ltr'><strong>Primum</strong></span> 
     </span>
    </p>
   </div>
   <div class='ocr_carea' id='block_1_22' title="bbox 1036 418 1825 448">
    <p class='ocr_par' dir='ltr' id='par_1_22' title="bbox 1036 418 1825 448">
     <span class='ocr_line' id='line_1_22' title="bbox 1036 418 1825 448; baseline 0 -3"><span class='ocrx_word' id='word_1_146' title='bbox 1036 418 1091 446; x_wconf 85' lang='lat' dir='ltr'><strong>Deo</strong></span> <span class='ocrx_word' id='word_1_147' title='bbox 1113 418 1226 446; x_wconf 84' lang='lat' dir='ltr'><strong>Abelem</strong></span> <span class='ocrx_word' id='word_1_148' title='bbox 1253 419 1349 448; x_wconf 83' lang='lat' dir='ltr'><strong>litasse</strong></span> <span class='ocrx_word' id='word_1_149' title='bbox 1379 424 1422 447; x_wconf 86' lang='lat' dir='ltr'><strong>est</strong></span> <span class='ocrx_word' id='word_1_150' title='bbox 1444 419 1598 447; x_wconf 84' lang='lat' dir='ltr'><strong>communis</strong></span> <span class='ocrx_word' id='word_1_151' title='bbox 1623 418 1680 446; x_wconf 86' lang='lat' dir='ltr'><strong>fere</strong></span> <span class='ocrx_word' id='word_1_152' title='bbox 1701 418 1825 446; x_wconf 87' lang='lat' dir='ltr'><strong>omnium</strong></span> 
     </span>
    </p>
   </div>
   <div class='ocr_carea' id='block_1_23' title="bbox 1036 463 1826 501">
    <p class='ocr_par' dir='ltr' id='par_1_23' title="bbox 1036 463 1826 501">
     <span class='ocr_line' id='line_1_23' title="bbox 1036 463 1826 501; baseline -0.003 -9"><span class='ocrx_word' id='word_1_153' title='bbox 1036 466 1135 501; x_wconf 90' lang='lat' dir='ltr'><strong>opinio.</strong></span> <span class='ocrx_word' id='word_1_154' title='bbox 1152 465 1239 493; x_wconf 71' lang='lat' dir='ltr'><strong>Judaei</strong></span> <span class='ocrx_word' id='word_1_155' title='bbox 1258 465 1364 494; x_wconf 80' lang='lat' dir='ltr'><strong>Adamo</strong></span> <span class='ocrx_word' id='word_1_156' title='bbox 1379 465 1406 492; x_wconf 90' lang='lat' dir='ltr'><strong>id</strong></span> <span class='ocrx_word' id='word_1_157' title='bbox 1423 465 1557 497; x_wconf 87' lang='lat' dir='ltr'><strong>tribuunt,</strong></span> <span class='ocrx_word' id='word_1_158' title='bbox 1576 470 1603 492; x_wconf 90' lang='lat' dir='ltr'><strong>et</strong></span> <span class='ocrx_word' id='word_1_159' title='bbox 1618 472 1680 492; x_wconf 87' lang='lat' dir='ltr'><strong>eum</strong></span> <span class='ocrx_word' id='word_1_160' title='bbox 1706 463 1826 500; x_wconf 82' lang='lat' dir='ltr'><strong>primum</strong></span> 
     </span>
    </p>
   </div>
   <div class='ocr_carea' id='block_1_24' title="bbox 1035 510 1823 545">
    <p class='ocr_par' dir='ltr' id='par_1_24' title="bbox 1035 510 1823 545">
     <span class='ocr_line' id='line_1_24' title="bbox 1035 510 1823 545; baseline 0 -7"><span class='ocrx_word' id='word_1_161' title='bbox 1035 512 1131 539; x_wconf 84' lang='lat' dir='ltr'><strong>bovem</strong></span> <span class='ocrx_word' id='word_1_162' title='bbox 1160 513 1343 545; x_wconf 84' lang='lat' dir='ltr'><strong>sacrificasse,</strong></span> <span class='ocrx_word' id='word_1_163' title='bbox 1360 516 1388 540; x_wconf 89' lang='lat' dir='ltr'><strong>et</strong></span> <span class='ocrx_word' id='word_1_164' title='bbox 1402 512 1484 539; x_wconf 91' lang='lat' dir='ltr'><strong>ritum</strong></span> <span class='ocrx_word' id='word_1_165' title='bbox 1508 511 1584 539; x_wconf 86' lang='lat' dir='ltr'><strong>illum</strong></span> <span class='ocrx_word' id='word_1_166' title='bbox 1602 511 1672 539; x_wconf 82' lang='lat' dir='ltr'><strong>ﬁlios</strong></span> <span class='ocrx_word' id='word_1_167' title='bbox 1686 510 1823 539; x_wconf 76' lang='lat' dir='ltr'><strong>docuisse.</strong></span> 
     </span>
    </p>
   </div>
   <div class='ocr_carea' id='block_1_25' title="bbox 1034 557 1640 588">
    <p class='ocr_par' dir='ltr' id='par_1_25' title="bbox 1034 557 1640 588">
     <span class='ocr_line' id='line_1_25' title="bbox 1034 557 1640 588; baseline 0.003 -4"><span class='ocrx_word' id='word_1_168' title='bbox 1034 557 1174 586; x_wconf 85' lang='lat' dir='ltr'><strong>Gilbertns</strong></span> <span class='ocrx_word' id='word_1_169' title='bbox 1188 557 1393 588; x_wconf 85' lang='lat' dir='ltr'><strong>Genebrardus.</strong></span> <span class='ocrx_word' id='word_1_170' title='bbox 1413 558 1537 586; x_wconf 75' lang='lat' dir='ltr'><strong>Chronol.</strong></span> <span class='ocrx_word' id='word_1_171' title='bbox 1557 558 1604 587; x_wconf 82' lang='lat' dir='ltr'><strong>lib.</strong></span> <span class='ocrx_word' id='word_1_172' title='bbox 1621 566 1640 586; x_wconf 89' lang='lat' dir='ltr'><strong>I.</strong></span> 
     </span>
    </p>
   </div>
   <div class='ocr_carea' id='block_1_26' title="bbox 1070 602 1822 639">
    <p class='ocr_par' dir='ltr' id='par_1_26' title="bbox 1070 602 1822 639">
     <span class='ocr_line' id='line_1_26' title="bbox 1070 602 1822 639; baseline -0.003 -9"><span class='ocrx_word' id='word_1_173' title='bbox 1070 603 1149 635; x_wconf 84' lang='lat' dir='ltr'><strong>lbid..</strong></span> <span class='ocrx_word' id='word_1_174' title='bbox 1164 604 1213 631; x_wconf 92' lang='lat' dir='ltr'><strong>lin.</strong></span> <span class='ocrx_word' id='word_1_175' title='bbox 1229 605 1273 632; x_wconf 77' lang='grc'><strong>55.</strong></span> <span class='ocrx_word' id='word_1_176' title='bbox 1289 605 1343 632; x_wconf 85' lang='lat' dir='ltr'><strong>Kut</strong></span> <span class='ocrx_word' id='word_1_177' title='bbox 1359 606 1378 639; x_wconf 85' lang='grc' dir='ltr'><em>ἠ</em></span> <span class='ocrx_word' id='word_1_178' title='bbox 1389 604 1480 632; x_wconf 77' lang='grc' dir='ltr'>θυσία</span> <span class='ocrx_word' id='word_1_179' title='bbox 1501 604 1604 632; x_wconf 77' lang='grc' dir='ltr'>αὑτοῦ.</span> <span class='ocrx_word' id='word_1_180' title='bbox 1621 602 1700 636; x_wconf 87' lang='lat' dir='ltr'><strong>Quod</strong></span> <span class='ocrx_word' id='word_1_181' title='bbox 1720 602 1822 630; x_wconf 80' lang='lat' dir='ltr'><strong>scilicet</strong></span> 
     </span>
    </p>
   </div>
   <div class='ocr_carea' id='block_1_27' title="bbox 1033 649 1825 684">
    <p class='ocr_par' dir='ltr' id='par_1_27' title="bbox 1033 649 1825 684">
     <span class='ocr_line' id='line_1_27' title="bbox 1033 649 1825 684; baseline 0.001 -9"><span class='ocrx_word' id='word_1_182' title='bbox 1033 649 1096 683; x_wconf 77' lang='lat' dir='ltr'><strong>igne</strong></span> <span class='ocrx_word' id='word_1_183' title='bbox 1107 649 1141 676; x_wconf 92' lang='lat' dir='ltr'><strong>de</strong></span> <span class='ocrx_word' id='word_1_184' title='bbox 1156 650 1233 677; x_wconf 68' lang='lat' dir='ltr'><strong>caelis</strong></span> <span class='ocrx_word' id='word_1_185' title='bbox 1244 650 1364 678; x_wconf 87' lang='lat' dir='ltr'><strong>demisso</strong></span> <span class='ocrx_word' id='word_1_186' title='bbox 1379 650 1547 678; x_wconf 88' lang='lat' dir='ltr'><strong>oblationem</strong></span> <span class='ocrx_word' id='word_1_187' title='bbox 1558 650 1618 684; x_wconf 86' lang='lat' dir='ltr'><strong>ejus</strong></span> <span class='ocrx_word' id='word_1_188' title='bbox 1627 649 1825 684; x_wconf 81' lang='lat' dir='ltr'><strong>absumpserit.</strong></span> 
     </span>
    </p>
   </div>
   <div class='ocr_carea' id='block_1_28' title="bbox 1031 695 1825 734">
    <p class='ocr_par' dir='ltr' id='par_1_28' title="bbox 1031 695 1825 734">
     <span class='ocr_line' id='line_1_28' title="bbox 1031 695 1825 734; baseline 0.001 -11"><span class='ocrx_word' id='word_1_189' title='bbox 1031 695 1110 723; x_wconf 87' lang='lat' dir='ltr'><strong>Caini</strong></span> <span class='ocrx_word' id='word_1_190' title='bbox 1138 696 1267 724; x_wconf 83' lang='lat' dir='ltr'><strong>intactam</strong></span> <span class='ocrx_word' id='word_1_191' title='bbox 1282 698 1435 732; x_wconf 89' lang='lat' dir='ltr'><strong>reliquerit.</strong></span> <span class='ocrx_word' id='word_1_192' title='bbox 1448 698 1488 725; x_wconf 92' lang='lat' dir='ltr'><strong>lta</strong></span> <span class='ocrx_word' id='word_1_193' title='bbox 1511 697 1673 734; x_wconf 79' lang='lat' dir='ltr'><strong>Procopius,</strong></span> <span class='ocrx_word' id='word_1_194' title='bbox 1690 696 1825 731; x_wconf 83' lang='lat' dir='ltr'><strong>Hierony-</strong></span> 
     </span>
    </p>
   </div>
   <div class='ocr_carea' id='block_1_29' title="bbox 1032 742 1826 779">
    <p class='ocr_par' dir='ltr' id='par_1_29' title="bbox 1032 742 1826 779">
     <span class='ocr_line' id='line_1_29' title="bbox 1032 742 1826 779; baseline 0.003 -11"><span class='ocrx_word' id='word_1_195' title='bbox 1032 750 1108 775; x_wconf 86' lang='lat' dir='ltr'><strong>mus;</strong></span> <span class='ocrx_word' id='word_1_196' title='bbox 1136 743 1254 778; x_wconf 87' lang='lat' dir='ltr'><strong>Cyriilus</strong></span> <span class='ocrx_word' id='word_1_197' title='bbox 1280 744 1307 770; x_wconf 84' lang='lat' dir='ltr'><strong>in</strong></span> <span class='ocrx_word' id='word_1_198' title='bbox 1344 742 1436 770; x_wconf 82' lang='lat' dir='ltr'><strong>Cenes.</strong></span> <span class='ocrx_word' id='word_1_199' title='bbox 1466 751 1527 779; x_wconf 89' lang='lat' dir='ltr'><strong>cap.</strong></span> <span class='ocrx_word' id='word_1_200' title='bbox 1557 752 1583 771; x_wconf 85' lang='lat' dir='ltr'><strong>tv</strong></span> <span class='ocrx_word' id='word_1_201' title='bbox 1607 748 1635 772; x_wconf 90' lang='lat' dir='ltr'><strong>et</strong></span> <span class='ocrx_word' id='word_1_202' title='bbox 1659 743 1779 779; x_wconf 84' lang='lat' dir='ltr'><strong>Glaphyr</strong></span> <span class='ocrx_word' id='word_1_203' title='bbox 1798 744 1826 770; x_wconf 73' lang='lat' dir='ltr'><strong>in</strong></span> 
     </span>
    </p>
   </div>
   <div class='ocr_carea' id='block_1_30' title="bbox 1032 785 1824 825">
    <p class='ocr_par' dir='ltr' id='par_1_30' title="bbox 1032 785 1824 825">
     <span class='ocr_line' id='line_1_30' title="bbox 1032 785 1824 825; baseline 0.003 -11"><span class='ocrx_word' id='word_1_204' title='bbox 1032 785 1124 814; x_wconf 77' lang='lat' dir='ltr'><strong>Cenes.</strong></span> <span class='ocrx_word' id='word_1_205' title='bbox 1140 789 1201 815; x_wconf 85' lang='lat' dir='ltr'><strong>libr.</strong></span> <span class='ocrx_word' id='word_1_206' title='bbox 1233 797 1257 822; x_wconf 89' lang='grc' dir='ltr'><strong>ι;</strong></span> <span class='ocrx_word' id='word_1_207' title='bbox 1281 789 1399 817; x_wconf 84' lang='lat' dir='ltr'><strong>Faustus</strong></span> <span class='ocrx_word' id='word_1_208' title='bbox 1420 788 1593 825; x_wconf 77' lang='lat' dir='ltr'><strong>Rhegiensis,</strong></span> <span class='ocrx_word' id='word_1_209' title='bbox 1619 789 1704 818; x_wconf 63' lang='lat' dir='ltr'><strong>libcn</strong></span> <span class='ocrx_word' id='word_1_210' title='bbox 1721 789 1760 816; x_wconf 77' lang='lat' dir='ltr'><strong>De</strong></span> <span class='ocrx_word' id='word_1_211' title='bbox 1777 789 1824 816; x_wconf 86' lang='lat' dir='ltr'><strong>lib.</strong></span> 
     </span>
    </p>
   </div>
   <div class='ocr_carea' id='block_1_31' title="bbox 1033 834 1826 870">
    <p class='ocr_par' dir='ltr' id='par_1_31' title="bbox 1033 834 1826 870">
     <span class='ocr_line' id='line_1_31' title="bbox 1033 834 1826 870; baseline 0.005 -11"><span class='ocrx_word' id='word_1_212' title='bbox 1033 834 1129 865; x_wconf 80' lang='lat' dir='ltr'><strong>arbit..</strong></span> <span class='ocrx_word' id='word_1_213' title='bbox 1154 842 1215 869; x_wconf 83' lang='lat' dir='ltr'><strong>cap.</strong></span> <span class='ocrx_word' id='word_1_214' title='bbox 1239 836 1266 867; x_wconf 68' lang='lat' dir='ltr'><strong>ti,</strong></span> <span class='ocrx_word' id='word_1_215' title='bbox 1284 839 1311 862; x_wconf 89' lang='lat' dir='ltr'><strong>ct</strong></span> <span class='ocrx_word' id='word_1_216' title='bbox 1327 835 1372 862; x_wconf 86' lang='lat' dir='ltr'><strong>alii</strong></span> <span class='ocrx_word' id='word_1_217' title='bbox 1390 845 1397 863; x_wconf 73' lang='grc' dir='ltr'><em>τ</em></span> <span class='ocrx_word' id='word_1_218' title='bbox 1413 836 1487 870; x_wconf 82' lang='lat' dir='ltr'><strong>quod</strong></span> <span class='ocrx_word' id='word_1_219' title='bbox 1505 840 1532 863; x_wconf 91' lang='lat' dir='ltr'><strong>et</strong></span> <span class='ocrx_word' id='word_1_220' title='bbox 1547 839 1762 864; x_wconf 83' lang='lat' dir='ltr'><strong>consentaneum</strong></span> <span class='ocrx_word' id='word_1_221' title='bbox 1781 839 1826 863; x_wconf 80' lang='lat' dir='ltr'><strong>est</strong></span> 
     </span>
    </p>
   </div>
   <div class='ocr_carea' id='block_1_32' title="bbox 1031 878 1824 918">
    <p class='ocr_par' dir='ltr' id='par_1_32' title="bbox 1031 878 1824 918">
     <span class='ocr_line' id='line_1_32' title="bbox 1031 878 1824 918; baseline 0.004 -12"><span class='ocrx_word' id='word_1_222' title='bbox 1031 880 1100 907; x_wconf 87' lang='lat' dir='ltr'><strong>mori</strong></span> <span class='ocrx_word' id='word_1_223' title='bbox 1115 881 1218 908; x_wconf 78' lang='lat' dir='ltr'><strong>divino.</strong></span> <span class='ocrx_word' id='word_1_224' title='bbox 1237 881 1322 909; x_wconf 77' lang='lat' dir='ltr'><strong>Levii.</strong></span> <span class='ocrx_word' id='word_1_225' title='bbox 1336 878 1757 918; x_wconf 68' lang='lat' dir='ltr'><strong>ix,94;lud.vi,21;1Poralip.</strong></span> <span class='ocrx_word' id='word_1_226' title='bbox 1767 890 1824 915; x_wconf 79' lang='lat' dir='ltr'><strong>ut,</strong></span> 
     </span>
    </p>
   </div>
   <div class='ocr_carea' id='block_1_33' title="bbox 189 919 1035 965">
    <p class='ocr_par' dir='ltr' id='par_1_33' title="bbox 189 919 1035 965">
     <span class='ocr_line' id='line_1_33' title="bbox 189 919 1035 965; baseline -0.002 -11"><span class='ocrx_word' id='word_1_227' title='bbox 189 927 246 955; x_wconf 79' lang='grc' dir='ltr'><strong>Εὕα</strong></span> <span class='ocrx_word' id='word_1_228' title='bbox 261 929 294 954; x_wconf 80' lang='grc' dir='ltr'><strong>ὲκ</strong></span> <span class='ocrx_word' id='word_1_229' title='bbox 313 927 360 954; x_wconf 83' lang='grc' dir='ltr'>τοῦ</span> <span class='ocrx_word' id='word_1_230' title='bbox 376 927 551 965; x_wconf 79' lang='grc' dir='ltr'><strong>παραδείσου,</strong></span> <span class='ocrx_word' id='word_1_231' title='bbox 571 927 700 963; x_wconf 79' lang='grc' dir='ltr'><strong>παρθένοι</strong></span> <span class='ocrx_word' id='word_1_232' title='bbox 719 927 876 962; x_wconf 75' lang='grc' dir='ltr'>ἐτύγχανον.</span> <span class='ocrx_word' id='word_1_233' title='bbox 892 927 935 952; x_wconf 89' lang='grc' dir='ltr'><strong>Ἐν</strong></span> <span class='ocrx_word' id='word_1_234' title='bbox 949 926 976 952; x_wconf 71' lang='grc' dir='ltr'><strong>δὲ</strong></span> <span class='ocrx_word' id='word_1_235' title='bbox 993 919 1013 947; x_wconf 79' lang='grc' dir='ltr'><strong>Β</strong></span> <span class='ocrx_word' id='word_1_236' title='bbox 1028 926 1035 952; x_wconf 74' lang='grc' dir='ltr'><strong><em>Ε</em></strong></span> 
     </span>
    </p>
   </div>
   <div class='ocr_carea' id='block_1_34' title="bbox 979 919 1825 965">
    <p class='ocr_par' dir='ltr' id='par_1_34' title="bbox 993 919 1825 964">
     <span class='ocr_line' id='line_1_34' title="bbox 993 919 1825 964; baseline 0.005 -12"><span class='ocrx_word' id='word_1_237' title='bbox 993 919 1013 947; x_wconf 81' lang='grc' dir='ltr'><strong>Β</strong></span> <span class='ocrx_word' id='word_1_238' title='bbox 1028 925 1099 959; x_wconf 70' lang='lat'><strong>2,11</strong></span> <span class='ocrx_word' id='word_1_239' title='bbox 1112 927 1229 961; x_wconf 80' lang='lat' dir='ltr'><strong>Paralip.</strong></span> <span class='ocrx_word' id='word_1_240' title='bbox 1240 936 1294 961; x_wconf 84' lang='lat' dir='ltr'><strong>vn;</strong></span> <span class='ocrx_word' id='word_1_241' title='bbox 1309 928 1537 964; x_wconf 82' lang='lat' dir='ltr'><strong>lllIieg.xvmet</strong></span> <span class='ocrx_word' id='word_1_242' title='bbox 1545 937 1646 957; x_wconf 73' lang='lat' dir='ltr'><strong>xxxvm</strong></span> <span class='ocrx_word' id='word_1_243' title='bbox 1657 938 1665 963; x_wconf 89' lang='lat'><strong>;</strong></span> <span class='ocrx_word' id='word_1_244' title='bbox 1675 929 1707 956; x_wconf 91' lang='grc'><em>11</em></span> <span class='ocrx_word' id='word_1_245' title='bbox 1715 929 1825 956; x_wconf 76' lang='lat' dir='ltr'><strong>Macha-</strong></span> 
     </span>
    </p>
   </div>
   <div class='ocr_carea' id='block_1_35' title="bbox 188 972 975 1011">
    <p class='ocr_par' dir='ltr' id='par_1_35' title="bbox 188 972 975 1011">
     <span class='ocr_line' id='line_1_35' title="bbox 188 972 975 1011; baseline -0.003 -11"><span class='ocrx_word' id='word_1_246' title='bbox 188 973 228 1010; x_wconf 81' lang='grc' dir='ltr'><strong>τῷ</strong></span> <span class='ocrx_word' id='word_1_247' title='bbox 239 974 393 1011; x_wconf 76' lang='grc' dir='ltr'>τριακοστῷ</span> <span class='ocrx_word' id='word_1_248' title='bbox 406 974 461 1000; x_wconf 76' lang='grc' dir='ltr'>ἔτει</span> <span class='ocrx_word' id='word_1_249' title='bbox 473 974 523 1009; x_wconf 84' lang='grc' dir='ltr'>τῆς</span> <span class='ocrx_word' id='word_1_250' title='bbox 538 973 627 1007; x_wconf 68' lang='grc' dir='ltr'>ἐξόδου</span> <span class='ocrx_word' id='word_1_251' title='bbox 643 973 734 1001; x_wconf 81' lang='grc' dir='ltr'>αὐτῶν</span> <span class='ocrx_word' id='word_1_252' title='bbox 750 973 797 999; x_wconf 73' lang='grc' dir='ltr'>τοῦ</span> <span class='ocrx_word' id='word_1_253' title='bbox 812 972 975 1008; x_wconf 76' lang='grc' dir='ltr'><strong>παραδείσου</strong></span> 
     </span>
    </p>
   </div>
   <div class='ocr_carea' id='block_1_36' title="bbox 188 1019 976 1057">
    <p class='ocr_par' dir='ltr' id='par_1_36' title="bbox 188 1019 976 1057">
     <span class='ocr_line' id='line_1_36' title="bbox 188 1019 976 1057; baseline -0.005 -9"><span class='ocrx_word' id='word_1_254' title='bbox 188 1020 301 1048; x_wconf 67' lang='grc' dir='ltr'>τέτοκεν</span> <span class='ocrx_word' id='word_1_255' title='bbox 326 1021 397 1048; x_wconf 78' lang='grc' dir='ltr'><strong>Κὰἶν</strong></span> <span class='ocrx_word' id='word_1_256' title='bbox 410 1021 456 1048; x_wconf 77' lang='grc' dir='ltr'><strong>τὸν</strong></span> <span class='ocrx_word' id='word_1_257' title='bbox 473 1021 643 1057; x_wconf 79' lang='grc' dir='ltr'><strong>πρωτότοκον</strong></span> <span class='ocrx_word' id='word_1_258' title='bbox 662 1020 710 1046; x_wconf 78' lang='grc' dir='ltr'><strong>καὶ</strong></span> <span class='ocrx_word' id='word_1_259' title='bbox 727 1019 777 1055; x_wconf 79' lang='grc' dir='ltr'>τὴν</span> <span class='ocrx_word' id='word_1_260' title='bbox 794 1019 911 1054; x_wconf 71' lang='grc' dir='ltr'>ἀδελφὴν</span> <span class='ocrx_word' id='word_1_261' title='bbox 928 1019 976 1045; x_wconf 79' lang='grc' dir='ltr'><strong>αὺ-</strong></span> 
     </span>
    </p>
   </div>
   <div class='ocr_carea' id='block_1_37' title="bbox 189 1065 977 1103">
    <p class='ocr_par' dir='ltr' id='par_1_37' title="bbox 189 1065 977 1103">
     <span class='ocr_line' id='line_1_37' title="bbox 189 1065 977 1103; baseline -0.004 -8"><span class='ocrx_word' id='word_1_262' title='bbox 189 1066 235 1094; x_wconf 67' lang='grc' dir='ltr'>τοῦ</span> <span class='ocrx_word' id='word_1_263' title='bbox 252 1067 412 1103; x_wconf 83' lang='grc' dir='ltr'>Καλμάναν.</span> <span class='ocrx_word' id='word_1_264' title='bbox 423 1067 492 1095; x_wconf 85' lang='lat' dir='ltr'><strong>Nola</strong></span> <span class='ocrx_word' id='word_1_265' title='bbox 504 1071 546 1095; x_wconf 89' lang='lat' dir='ltr'><strong>est</strong></span> <span class='ocrx_word' id='word_1_266' title='bbox 562 1067 625 1094; x_wconf 85' lang='lat' dir='ltr'><strong>item</strong></span> <span class='ocrx_word' id='word_1_267' title='bbox 637 1074 720 1101; x_wconf 84' lang='lat' dir='ltr'><strong>super</strong></span> <span class='ocrx_word' id='word_1_268' title='bbox 741 1066 792 1093; x_wconf 83' lang='lat' dir='ltr'><strong>hac</strong></span> <span class='ocrx_word' id='word_1_269' title='bbox 810 1073 839 1093; x_wconf 82' lang='lat' dir='ltr'><strong>rc</strong></span> <span class='ocrx_word' id='word_1_270' title='bbox 853 1065 977 1100; x_wconf 79' lang='lat' dir='ltr'><strong>Gregorii</strong></span> 
     </span>
    </p>
   </div>
   <div class='ocr_carea' id='block_1_38' title="bbox 188 1112 976 1149">
    <p class='ocr_par' dir='ltr' id='par_1_38' title="bbox 188 1112 976 1149">
     <span class='ocr_line' id='line_1_38' title="bbox 188 1112 976 1149; baseline -0.001 -10"><span class='ocrx_word' id='word_1_271' title='bbox 188 1112 304 1149; x_wconf 76' lang='lat' dir='ltr'><strong>Nysseni</strong></span> <span class='ocrx_word' id='word_1_272' title='bbox 321 1114 524 1149; x_wconf 80' lang='lat' dir='ltr'><strong>seutentia,qui</strong></span> <span class='ocrx_word' id='word_1_273' title='bbox 542 1113 580 1140; x_wconf 86' lang='lat' dir='ltr'><strong>De</strong></span> <span class='ocrx_word' id='word_1_274' title='bbox 596 1113 684 1148; x_wconf 74' lang='lat' dir='ltr'><strong>api/Ec.</strong></span> <span class='ocrx_word' id='word_1_275' title='bbox 701 1113 827 1144; x_wconf 71' lang='lat' dir='ltr'><strong>hominis.</strong></span> <span class='ocrx_word' id='word_1_276' title='bbox 851 1119 912 1147; x_wconf 89' lang='lat' dir='ltr'><strong>cap.</strong></span> <span class='ocrx_word' id='word_1_277' title='bbox 930 1112 976 1143; x_wconf 68' lang='grc' dir='ltr'><strong>ει,</strong></span> 
     </span>
    </p>
   </div>
   <div class='ocr_carea' id='block_1_39' title="bbox 189 1158 977 1195">
    <p class='ocr_par' dir='ltr' id='par_1_39' title="bbox 189 1158 977 1195">
     <span class='ocr_line' id='line_1_39' title="bbox 189 1158 977 1195; baseline -0.001 -9"><span class='ocrx_word' id='word_1_278' title='bbox 189 1159 228 1186; x_wconf 81' lang='lat' dir='ltr'><strong>ait</strong></span> <span class='ocrx_word' id='word_1_279' title='bbox 243 1168 251 1186; x_wconf 68' lang='grc' dir='ltr'>ς</span> <span class='ocrx_word' id='word_1_280' title='bbox 266 1159 344 1192; x_wconf 84' lang='lat' dir='ltr'><strong>Quod</strong></span> <span class='ocrx_word' id='word_1_281' title='bbox 367 1161 508 1195; x_wconf 73' lang='lat' dir='ltr'><strong>generatio</strong></span> <span class='ocrx_word' id='word_1_282' title='bbox 523 1160 618 1195; x_wconf 89' lang='lat' dir='ltr'><strong>prolis,</strong></span> <span class='ocrx_word' id='word_1_283' title='bbox 641 1163 667 1186; x_wconf 91' lang='lat' dir='ltr'><strong>et</strong></span> <span class='ocrx_word' id='word_1_284' title='bbox 684 1158 844 1194; x_wconf 79' lang='lat' dir='ltr'><strong>propagatio</strong></span> <span class='ocrx_word' id='word_1_285' title='bbox 864 1158 977 1186; x_wconf 82' lang='lat' dir='ltr'><strong>humani</strong></span> 
     </span>
    </p>
   </div>
   <div class='ocr_carea' id='block_1_40' title="bbox 188 1203 978 1241">
    <p class='ocr_par' dir='ltr' id='par_1_40' title="bbox 188 1203 978 1241">
     <span class='ocr_line' id='line_1_40' title="bbox 188 1203 978 1241; baseline -0.001 -9"><span class='ocrx_word' id='word_1_286' title='bbox 188 1205 308 1240; x_wconf 87' lang='lat' dir='ltr'><strong>generis,</strong></span> <span class='ocrx_word' id='word_1_287' title='bbox 334 1206 358 1233; x_wconf 84' lang='lat' dir='ltr'><strong>si</strong></span> <span class='ocrx_word' id='word_1_288' title='bbox 380 1206 462 1241; x_wconf 90' lang='lat' dir='ltr'><strong>primi</strong></span> <span class='ocrx_word' id='word_1_289' title='bbox 492 1210 618 1241; x_wconf 84' lang='lat' dir='ltr'><strong>parentes</strong></span> <span class='ocrx_word' id='word_1_290' title='bbox 642 1203 696 1233; x_wconf 82' lang='lat' dir='ltr'><strong>non</strong></span> <span class='ocrx_word' id='word_1_291' title='bbox 725 1208 894 1241; x_wconf 83' lang='lat' dir='ltr'><strong>peccassent,</strong></span> <span class='ocrx_word' id='word_1_292' title='bbox 923 1212 978 1232; x_wconf 91' lang='lat' dir='ltr'><strong>non</strong></span> 
     </span>
    </p>
   </div>
   <div class='ocr_carea' id='block_1_41' title="bbox 189 1250 976 1287">
    <p class='ocr_par' dir='ltr' id='par_1_41' title="bbox 189 1250 976 1287">
     <span class='ocr_line' id='line_1_41' title="bbox 189 1250 976 1287; baseline -0.001 -8"><span class='ocrx_word' id='word_1_293' title='bbox 189 1250 287 1279; x_wconf 82' lang='lat' dir='ltr'><strong>fuisset</strong></span> <span class='ocrx_word' id='word_1_294' title='bbox 302 1259 351 1287; x_wconf 88' lang='lat' dir='ltr'><strong>per</strong></span> <span class='ocrx_word' id='word_1_295' title='bbox 364 1251 478 1285; x_wconf 85' lang='lat' dir='ltr'><strong>coitum,</strong></span> <span class='ocrx_word' id='word_1_296' title='bbox 495 1252 544 1280; x_wconf 85' lang='lat' dir='ltr'><strong>sed</strong></span> <span class='ocrx_word' id='word_1_297' title='bbox 558 1251 676 1280; x_wconf 94' lang='lat' dir='ltr'><strong>fuissent</strong></span> <span class='ocrx_word' id='word_1_298' title='bbox 696 1251 868 1286; x_wconf 83' lang='lat' dir='ltr'><strong>multiplicati</strong></span> <span class='ocrx_word' id='word_1_299' title='bbox 883 1251 976 1278; x_wconf 88' lang='lat' dir='ltr'><strong>mulli-</strong></span> 
     </span>
    </p>
   </div>
   <div class='ocr_carea' id='block_1_42' title="bbox 188 1295 978 1332">
    <p class='ocr_par' dir='ltr' id='par_1_42' title="bbox 188 1295 978 1332">
     <span class='ocr_line' id='line_1_42' title="bbox 188 1295 978 1332; baseline 0.001 -10"><span class='ocrx_word' id='word_1_300' title='bbox 188 1295 346 1331; x_wconf 78' lang='lat' dir='ltr'><strong>plicationis</strong></span> <span class='ocrx_word' id='word_1_301' title='bbox 363 1296 445 1324; x_wconf 88' lang='lat' dir='ltr'><strong>modo</strong></span> <span class='ocrx_word' id='word_1_302' title='bbox 468 1297 587 1331; x_wconf 87' lang='lat' dir='ltr'><strong>quodam</strong></span> <span class='ocrx_word' id='word_1_303' title='bbox 607 1296 821 1332; x_wconf 82' lang='lat' dir='ltr'><strong>perfectissimo,</strong></span> <span class='ocrx_word' id='word_1_304' title='bbox 847 1295 978 1331; x_wconf 83' lang='lat' dir='ltr'><strong>quemad-</strong></span> 
     </span>
    </p>
   </div>
   <div class='ocr_carea' id='block_1_43' title="bbox 189 1342 979 1378">
    <p class='ocr_par' dir='ltr' id='par_1_43' title="bbox 189 1342 979 1378">
     <span class='ocr_line' id='line_1_43' title="bbox 189 1342 979 1378; baseline 0 -9"><span class='ocrx_word' id='word_1_305' title='bbox 189 1342 300 1370; x_wconf 87' lang='lat' dir='ltr'><strong>modum</strong></span> <span class='ocrx_word' id='word_1_306' title='bbox 311 1342 400 1378; x_wconf 78' lang='lat' dir='ltr'><strong>angeli</strong></span> <span class='ocrx_word' id='word_1_307' title='bbox 417 1352 424 1370; x_wconf 86' lang='lat'><strong>:</strong></span> <span class='ocrx_word' id='word_1_308' title='bbox 440 1343 579 1378; x_wconf 72' lang='lat' dir='ltr'><strong>generatio</strong></span> <span class='ocrx_word' id='word_1_309' title='bbox 596 1350 714 1378; x_wconf 81' lang='lat' dir='ltr'><strong>namque</strong></span> <span class='ocrx_word' id='word_1_310' title='bbox 726 1342 795 1375; x_wconf 72' lang='lat' dir='ltr'><strong>haec,</strong></span> <span class='ocrx_word' id='word_1_311' title='bbox 812 1349 873 1377; x_wconf 69' lang='lat' dir='ltr'><strong>quae</strong></span> <span class='ocrx_word' id='word_1_312' title='bbox 889 1342 918 1369; x_wconf 82' lang='lat' dir='ltr'><strong>fit</strong></span> <span class='ocrx_word' id='word_1_313' title='bbox 931 1349 979 1376; x_wconf 86' lang='lat' dir='ltr'><strong>per</strong></span> 
     </span>
    </p>
   </div>
   <div class='ocr_carea' id='block_1_44' title="bbox 189 1387 978 1423">
    <p class='ocr_par' dir='ltr' id='par_1_44' title="bbox 189 1387 978 1423">
     <span class='ocr_line' id='line_1_44' title="bbox 189 1387 978 1423; baseline 0.001 -9"><span class='ocrx_word' id='word_1_314' title='bbox 189 1387 377 1420; x_wconf 85' lang='lat' dir='ltr'><strong>concubitum,</strong></span> <span class='ocrx_word' id='word_1_315' title='bbox 390 1395 438 1423; x_wconf 87' lang='lat' dir='ltr'><strong>per</strong></span> <span class='ocrx_word' id='word_1_316' title='bbox 448 1392 590 1423; x_wconf 89' lang='lat' dir='ltr'><strong>peccatum</strong></span> <span class='ocrx_word' id='word_1_317' title='bbox 603 1393 644 1417; x_wconf 87' lang='lat' dir='ltr'><strong>est</strong></span> <span class='ocrx_word' id='word_1_318' title='bbox 655 1387 820 1415; x_wconf 87' lang='lat' dir='ltr'><strong>introducta.</strong></span> <span class='ocrx_word' id='word_1_319' title='bbox 831 1388 903 1416; x_wconf 90' lang='lat' dir='ltr'><strong>idem</strong></span> <span class='ocrx_word' id='word_1_320' title='bbox 914 1395 978 1415; x_wconf 90' lang='lat' dir='ltr'><strong>sen-</strong></span> 
     </span>
    </p>
   </div>
   <div class='ocr_carea' id='block_1_45' title="bbox 188 1432 979 1470">
    <p class='ocr_par' dir='ltr' id='par_1_45' title="bbox 188 1432 979 1470">
     <span class='ocr_line' id='line_1_45' title="bbox 188 1432 979 1470; baseline 0.001 -10"><span class='ocrx_word' id='word_1_321' title='bbox 188 1433 223 1461; x_wconf 89' lang='lat' dir='ltr'><strong>tit</strong></span> <span class='ocrx_word' id='word_1_322' title='bbox 235 1432 315 1461; x_wconf 75' lang='lat' dir='ltr'><strong>Joan.</strong></span> <span class='ocrx_word' id='word_1_323' title='bbox 334 1433 537 1470; x_wconf 77' lang='lat' dir='ltr'><strong>Cbrysoslom.,</strong></span> <span class='ocrx_word' id='word_1_324' title='bbox 553 1435 628 1462; x_wconf 85' lang='lat' dir='ltr'><strong>hom.</strong></span> <span class='ocrx_word' id='word_1_325' title='bbox 642 1434 675 1462; x_wconf 80' lang='grc'><strong>18</strong></span> <span class='ocrx_word' id='word_1_326' title='bbox 692 1435 718 1461; x_wconf 87' lang='grc' dir='ltr'>ίη</span> <span class='ocrx_word' id='word_1_327' title='bbox 735 1433 849 1465; x_wconf 52' lang='lat' dir='ltr'><strong>Cenem;</strong></span> <span class='ocrx_word' id='word_1_328' title='bbox 876 1433 979 1461; x_wconf 88' lang='lat' dir='ltr'><strong>Proco-</strong></span> 
     </span>
    </p>
   </div>
   <div class='ocr_carea' id='block_1_46' title="bbox 189 1479 979 1515">
    <p class='ocr_par' dir='ltr' id='par_1_46' title="bbox 189 1479 979 1515">
     <span class='ocr_line' id='line_1_46' title="bbox 189 1479 979 1515; baseline 0 -8"><span class='ocrx_word' id='word_1_329' title='bbox 189 1479 252 1515; x_wconf 83' lang='lat' dir='ltr'><strong>pius</strong></span> <span class='ocrx_word' id='word_1_330' title='bbox 265 1479 293 1506; x_wconf 71' lang='lat' dir='ltr'><strong>in</strong></span> <span class='ocrx_word' id='word_1_331' title='bbox 309 1479 401 1507; x_wconf 70' lang='lat' dir='ltr'><strong>Genet.</strong></span> <span class='ocrx_word' id='word_1_332' title='bbox 415 1487 477 1515; x_wconf 85' lang='lat' dir='ltr'><strong>cap.</strong></span> <span class='ocrx_word' id='word_1_333' title='bbox 492 1488 534 1512; x_wconf 83' lang='lat' dir='ltr'><strong>iv;</strong></span> <span class='ocrx_word' id='word_1_334' title='bbox 557 1479 752 1512; x_wconf 78' lang='lat' dir='ltr'><strong>Damascenus.</strong></span> <span class='ocrx_word' id='word_1_335' title='bbox 773 1481 820 1507; x_wconf 90' lang='lat' dir='ltr'><strong>lib.</strong></span> <span class='ocrx_word' id='word_1_336' title='bbox 833 1489 860 1508; x_wconf 88' lang='grc' dir='ltr'><strong>ιν</strong></span> <span class='ocrx_word' id='word_1_337' title='bbox 874 1480 913 1507; x_wconf 79' lang='lat' dir='ltr'><strong>De</strong></span> <span class='ocrx_word' id='word_1_338' title='bbox 928 1480 979 1514; x_wconf 77' lang='lat' dir='ltr'><strong>ﬁde</strong></span> 
     </span>
    </p>
   </div>
   <div class='ocr_carea' id='block_1_47' title="bbox 188 1525 979 1561">
    <p class='ocr_par' dir='ltr' id='par_1_47' title="bbox 188 1525 979 1561">
     <span class='ocr_line' id='line_1_47' title="bbox 188 1525 979 1561; baseline 0.003 -9"><span class='ocrx_word' id='word_1_339' title='bbox 188 1525 307 1559; x_wconf 76' lang='lat' dir='ltr'><strong>orthod.,</strong></span> <span class='ocrx_word' id='word_1_340' title='bbox 325 1533 386 1561; x_wconf 86' lang='lat' dir='ltr'><strong>cap.</strong></span> <span class='ocrx_word' id='word_1_341' title='bbox 411 1526 468 1559; x_wconf 76' lang='lat'><strong>25;</strong></span> <span class='ocrx_word' id='word_1_342' title='bbox 493 1526 657 1561; x_wconf 84' lang='lat' dir='ltr'><strong>Euthymius</strong></span> <span class='ocrx_word' id='word_1_343' title='bbox 685 1527 712 1553; x_wconf 89' lang='lat' dir='ltr'><strong>in</strong></span> <span class='ocrx_word' id='word_1_344' title='bbox 737 1526 834 1561; x_wconf 75' lang='lat' dir='ltr'><strong>psalm.</strong></span> <span class='ocrx_word' id='word_1_345' title='bbox 863 1534 896 1559; x_wconf 90' lang='grc' dir='ltr'><strong>ι.;</strong></span> <span class='ocrx_word' id='word_1_346' title='bbox 923 1527 979 1554; x_wconf 94' lang='lat' dir='ltr'><strong>Au-</strong></span> 
     </span>
    </p>
   </div>
   <div class='ocr_carea' id='block_1_48' title="bbox 189 1571 1016 1621">
    <p class='ocr_par' dir='ltr' id='par_1_48' title="bbox 189 1571 1016 1621">
     <span class='ocr_line' id='line_1_48' title="bbox 189 1571 1016 1621; baseline -0.001 -22"><span class='ocrx_word' id='word_1_347' title='bbox 189 1571 317 1607; x_wconf 85' lang='lat' dir='ltr'><strong>gustinus</strong></span> <span class='ocrx_word' id='word_1_348' title='bbox 331 1572 359 1598; x_wconf 82' lang='lat' dir='ltr'><strong>in</strong></span> <span class='ocrx_word' id='word_1_349' title='bbox 376 1571 469 1599; x_wconf 74' lang='lat' dir='ltr'><strong>Genu.</strong></span> <span class='ocrx_word' id='word_1_350' title='bbox 492 1571 570 1604; x_wconf 82' lang='lat' dir='ltr'><strong>.Quid</strong></span> <span class='ocrx_word' id='word_1_351' title='bbox 586 1576 677 1599; x_wconf 90' lang='lat' dir='ltr'><strong>autem</strong></span> <span class='ocrx_word' id='word_1_352' title='bbox 695 1572 723 1599; x_wconf 90' lang='lat' dir='ltr'><strong>in</strong></span> <span class='ocrx_word' id='word_1_353' title='bbox 744 1572 795 1599; x_wconf 87' lang='lat' dir='ltr'><strong>hac</strong></span> <span class='ocrx_word' id='word_1_354' title='bbox 812 1579 841 1600; x_wconf 90' lang='lat' dir='ltr'><strong>re</strong></span> <span class='ocrx_word' id='word_1_355' title='bbox 856 1575 979 1599; x_wconf 86' lang='lat' dir='ltr'><strong>statoen-</strong></span> <span class='ocrx_word' id='word_1_356' title='bbox 993 1590 1016 1621; x_wconf 66' lang='grc' dir='ltr'>ο</span> 
     </span>
    </p>
   </div>
   <div class='ocr_carea' id='block_1_49' title="bbox 188 1617 977 1653">
    <p class='ocr_par' dir='ltr' id='par_1_49' title="bbox 188 1617 977 1653">
     <span class='ocr_line' id='line_1_49' title="bbox 188 1617 977 1653; baseline -0.001 -8"><span class='ocrx_word' id='word_1_357' title='bbox 188 1617 254 1645; x_wconf 84' lang='lat' dir='ltr'><strong>dum</strong></span> <span class='ocrx_word' id='word_1_358' title='bbox 270 1618 318 1651; x_wconf 87' lang='lat' dir='ltr'><strong>sit,</strong></span> <span class='ocrx_word' id='word_1_359' title='bbox 331 1617 484 1646; x_wconf 84' lang='lat' dir='ltr'><strong>S.Thomas</strong></span> <span class='ocrx_word' id='word_1_360' title='bbox 497 1619 614 1653; x_wconf 81' lang='lat' dir='ltr'><strong>explicat</strong></span> <span class='ocrx_word' id='word_1_361' title='bbox 627 1619 714 1653; x_wconf 86' lang='lat' dir='ltr'><strong>prima</strong></span> <span class='ocrx_word' id='word_1_362' title='bbox 731 1622 813 1653; x_wconf 84' lang='lat' dir='ltr'><strong>part.,</strong></span> <span class='ocrx_word' id='word_1_363' title='bbox 824 1623 920 1653; x_wconf 63' lang='lat' dir='ltr'><strong>quaest.</strong></span> <span class='ocrx_word' id='word_1_364' title='bbox 932 1617 977 1651; x_wconf 87' lang='lat'><strong>98,</strong></span> 
     </span>
    </p>
   </div>
   <div class='ocr_carea' id='block_1_50' title="bbox 188 1664 776 1700">
    <p class='ocr_par' dir='ltr' id='par_1_50' title="bbox 188 1664 776 1700">
     <span class='ocr_line' id='line_1_50' title="bbox 188 1664 776 1700; baseline 0 -8"><span class='ocrx_word' id='word_1_365' title='bbox 188 1669 242 1692; x_wconf 87' lang='lat' dir='ltr'><strong>art.</strong></span> <span class='ocrx_word' id='word_1_366' title='bbox 257 1664 286 1698; x_wconf 79' lang='lat'><strong>2,</strong></span> <span class='ocrx_word' id='word_1_367' title='bbox 300 1668 329 1692; x_wconf 91' lang='lat' dir='ltr'><strong>et</strong></span> <span class='ocrx_word' id='word_1_368' title='bbox 342 1672 406 1692; x_wconf 88' lang='lat' dir='ltr'><strong>cum</strong></span> <span class='ocrx_word' id='word_1_369' title='bbox 426 1672 460 1692; x_wconf 90' lang='lat' dir='ltr'><strong>eo</strong></span> <span class='ocrx_word' id='word_1_370' title='bbox 474 1666 567 1700; x_wconf 85' lang='lat' dir='ltr'><strong>plures</strong></span> <span class='ocrx_word' id='word_1_371' title='bbox 578 1665 623 1692; x_wconf 86' lang='lat' dir='ltr'><strong>alii</strong></span> <span class='ocrx_word' id='word_1_372' title='bbox 637 1665 776 1700; x_wconf 76' lang='lat' dir='ltr'><strong>doctores.</strong></span> 
     </span>
    </p>
   </div>
   <div class='ocr_carea' id='block_1_51' title="bbox 223 1708 980 1746">
    <p class='ocr_par' dir='ltr' id='par_1_51' title="bbox 223 1708 980 1746">
     <span class='ocr_line' id='line_1_51' title="bbox 223 1708 980 1746; baseline -0.003 -8"><span class='ocrx_word' id='word_1_373' title='bbox 223 1708 286 1739; x_wconf 86' lang='lat' dir='ltr'><strong>Col.</strong></span> <span class='ocrx_word' id='word_1_374' title='bbox 293 1710 357 1743; x_wconf 58' lang='lat'><strong>749,</strong></span> <span class='ocrx_word' id='word_1_375' title='bbox 368 1711 418 1738; x_wconf 90' lang='lat' dir='ltr'><strong>lin.</strong></span> <span class='ocrx_word' id='word_1_376' title='bbox 424 1711 471 1738; x_wconf 70' lang='lat'><strong>29.</strong></span> <span class='ocrx_word' id='word_1_377' title='bbox 478 1710 563 1744; x_wconf 81' lang='grc' dir='ltr'><strong>Υιοὺς</strong></span> <span class='ocrx_word' id='word_1_378' title='bbox 571 1710 625 1738; x_wconf 86' lang='grc' dir='ltr'><strong>δύο</strong></span> <span class='ocrx_word' id='word_1_379' title='bbox 633 1710 807 1746; x_wconf 73' lang='grc' dir='ltr'>ἐγέννησεν.</span> <span class='ocrx_word' id='word_1_380' title='bbox 815 1709 874 1737; x_wconf 83' lang='grc' dir='ltr'>Νοιι</span> <span class='ocrx_word' id='word_1_381' title='bbox 883 1709 980 1745; x_wconf 85' lang='lat' dir='ltr'><strong>gemel-</strong></span> 
     </span>
    </p>
   </div>
   <div class='ocr_carea' id='block_1_52' title="bbox 189 1755 980 1792">
    <p class='ocr_par' dir='ltr' id='par_1_52' title="bbox 189 1755 980 1792">
     <span class='ocr_line' id='line_1_52' title="bbox 189 1755 980 1792; baseline 0.001 -10"><span class='ocrx_word' id='word_1_382' title='bbox 189 1755 242 1787; x_wconf 86' lang='lat' dir='ltr'><strong>los.</strong></span> <span class='ocrx_word' id='word_1_383' title='bbox 250 1760 282 1783; x_wconf 88' lang='lat' dir='ltr'><strong>ut</strong></span> <span class='ocrx_word' id='word_1_384' title='bbox 293 1763 355 1784; x_wconf 92' lang='lat' dir='ltr'><strong>cum</strong></span> <span class='ocrx_word' id='word_1_385' title='bbox 367 1756 492 1784; x_wconf 81' lang='lat' dir='ltr'><strong>rabbinis</strong></span> <span class='ocrx_word' id='word_1_386' title='bbox 503 1756 606 1792; x_wconf 75' lang='lat' dir='ltr'><strong>colligit</strong></span> <span class='ocrx_word' id='word_1_387' title='bbox 617 1764 685 1784; x_wconf 90' lang='lat' dir='ltr'><strong>ausu</strong></span> <span class='ocrx_word' id='word_1_388' title='bbox 695 1756 841 1784; x_wconf 88' lang='lat' dir='ltr'><strong>temerario</strong></span> <span class='ocrx_word' id='word_1_389' title='bbox 849 1755 980 1783; x_wconf 87' lang='lat' dir='ltr'><strong>Calvinus</strong></span> 
     </span>
    </p>
   </div>
   <div class='ocr_carea' id='block_1_53' title="bbox 190 1800 980 1836">
    <p class='ocr_par' dir='ltr' id='par_1_53' title="bbox 190 1800 980 1836">
     <span class='ocr_line' id='line_1_53' title="bbox 190 1800 980 1836; baseline 0.001 -9"><span class='ocrx_word' id='word_1_390' title='bbox 190 1800 318 1836; x_wconf 79' lang='lat' dir='ltr'><strong>ambigua</strong></span> <span class='ocrx_word' id='word_1_391' title='bbox 340 1800 471 1828; x_wconf 74' lang='lat' dir='ltr'><strong>Methodii</strong></span> <span class='ocrx_word' id='word_1_392' title='bbox 495 1801 612 1829; x_wconf 82' lang='lat' dir='ltr'><strong>lectione</strong></span> <span class='ocrx_word' id='word_1_393' title='bbox 640 1800 782 1836; x_wconf 90' lang='lat' dir='ltr'><strong>deceptus,</strong></span> <span class='ocrx_word' id='word_1_394' title='bbox 798 1800 846 1830; x_wconf 86' lang='lat' dir='ltr'><strong>sed</strong></span> <span class='ocrx_word' id='word_1_395' title='bbox 871 1800 980 1828; x_wconf 85' lang='lat' dir='ltr'><strong>diverso</strong></span> 
     </span>
    </p>
   </div>
   <div class='ocr_carea' id='block_1_54' title="bbox 189 1846 980 1882">
    <p class='ocr_par' dir='ltr' id='par_1_54' title="bbox 189 1846 980 1882">
     <span class='ocr_line' id='line_1_54' title="bbox 189 1846 980 1882; baseline 0 -8"><span class='ocrx_word' id='word_1_396' title='bbox 189 1850 282 1882; x_wconf 79' lang='lat' dir='ltr'><strong>partu,</strong></span> <span class='ocrx_word' id='word_1_397' title='bbox 297 1854 353 1874; x_wconf 89' lang='lat' dir='ltr'><strong>uno</strong></span> <span class='ocrx_word' id='word_1_398' title='bbox 369 1847 475 1875; x_wconf 87' lang='lat' dir='ltr'><strong>scilicet</strong></span> <span class='ocrx_word' id='word_1_399' title='bbox 501 1846 580 1880; x_wconf 87' lang='lat' dir='ltr'><strong>Cain,</strong></span> <span class='ocrx_word' id='word_1_400' title='bbox 593 1847 661 1875; x_wconf 84' lang='lat' dir='ltr'><strong>Abel</strong></span> <span class='ocrx_word' id='word_1_401' title='bbox 690 1848 777 1875; x_wconf 88' lang='lat' dir='ltr'><strong>altero</strong></span> <span class='ocrx_word' id='word_1_402' title='bbox 793 1857 799 1874; x_wconf 77' lang='grc' dir='ltr'><strong>ε</strong></span> <span class='ocrx_word' id='word_1_403' title='bbox 817 1848 898 1875; x_wconf 89' lang='lat' dir='ltr'><strong>verba</strong></span> <span class='ocrx_word' id='word_1_404' title='bbox 927 1847 980 1874; x_wconf 80' lang='lat' dir='ltr'><strong>Me-</strong></span> 
     </span>
    </p>
   </div>
   <div class='ocr_carea' id='block_1_55' title="bbox 189 1893 980 1930">
    <p class='ocr_par' dir='ltr' id='par_1_55' title="bbox 189 1893 980 1930">
     <span class='ocr_line' id='line_1_55' title="bbox 189 1893 980 1930; baseline 0 -10"><span class='ocrx_word' id='word_1_405' title='bbox 189 1893 277 1921; x_wconf 84' lang='lat' dir='ltr'><strong>tbodii</strong></span> <span class='ocrx_word' id='word_1_406' title='bbox 292 1898 357 1921; x_wconf 87' lang='lat' dir='ltr'><strong>sunt</strong></span> <span class='ocrx_word' id='word_1_407' title='bbox 371 1894 432 1921; x_wconf 80' lang='lat' dir='ltr'><strong>:‘Ev</strong></span> <span class='ocrx_word' id='word_1_408' title='bbox 449 1894 477 1920; x_wconf 67' lang='grc' dir='ltr'><strong>δὲ</strong></span> <span class='ocrx_word' id='word_1_409' title='bbox 495 1894 534 1929; x_wconf 90' lang='grc' dir='ltr'>τῷ</span> <span class='ocrx_word' id='word_1_410' title='bbox 553 1894 705 1929; x_wconf 76' lang='grc' dir='ltr'><strong>τριακοστῷ</strong></span> <span class='ocrx_word' id='word_1_411' title='bbox 721 1894 809 1930; x_wconf 82' lang='grc' dir='ltr'><strong>χρόνῳ</strong></span> <span class='ocrx_word' id='word_1_412' title='bbox 823 1894 874 1930; x_wconf 82' lang='grc' dir='ltr'><strong>τῆς</strong></span> <span class='ocrx_word' id='word_1_413' title='bbox 889 1893 980 1926; x_wconf 76' lang='grc' dir='ltr'>ἐξόδου</span> 
     </span>
    </p>
   </div>
   <div class='ocr_carea' id='block_1_56' title="bbox 189 1939 979 1976">
    <p class='ocr_par' dir='ltr' id='par_1_56' title="bbox 189 1939 979 1976">
     <span class='ocr_line' id='line_1_56' title="bbox 189 1939 979 1976; baseline 0 -10"><span class='ocrx_word' id='word_1_414' title='bbox 189 1939 280 1967; x_wconf 71' lang='grc' dir='ltr'>αὐτῶν</span> <span class='ocrx_word' id='word_1_415' title='bbox 296 1940 343 1967; x_wconf 80' lang='grc' dir='ltr'>τοῦ</span> <span class='ocrx_word' id='word_1_416' title='bbox 356 1941 520 1976; x_wconf 77' lang='grc' dir='ltr'><strong>παραδείσου</strong></span> <span class='ocrx_word' id='word_1_417' title='bbox 532 1941 645 1968; x_wconf 80' lang='grc' dir='ltr'>τέτοχαν</span> <span class='ocrx_word' id='word_1_418' title='bbox 656 1941 726 1968; x_wconf 84' lang='grc' dir='ltr'><strong>Κάῖν</strong></span> <span class='ocrx_word' id='word_1_419' title='bbox 739 1941 784 1968; x_wconf 85' lang='grc' dir='ltr'>τὸν</span> <span class='ocrx_word' id='word_1_420' title='bbox 798 1940 979 1976; x_wconf 80' lang='grc' dir='ltr'><strong>πρωτότοκον,</strong></span> 
     </span>
    </p>
   </div>
   <div class='ocr_carea' id='block_1_57' title="bbox 189 1985 980 2023">
    <p class='ocr_par' dir='ltr' id='par_1_57' title="bbox 189 1985 980 2023">
     <span class='ocr_line' id='line_1_57' title="bbox 189 1985 980 2023; baseline 0 -11"><span class='ocrx_word' id='word_1_421' title='bbox 189 1985 238 2013; x_wconf 75' lang='grc' dir='ltr'><strong>καὶ</strong></span> <span class='ocrx_word' id='word_1_422' title='bbox 251 1986 303 2021; x_wconf 81' lang='grc' dir='ltr'>τὴν</span> <span class='ocrx_word' id='word_1_423' title='bbox 319 1986 435 2023; x_wconf 72' lang='grc' dir='ltr'>ἀδελφὴν</span> <span class='ocrx_word' id='word_1_424' title='bbox 454 1987 536 2014; x_wconf 82' lang='grc' dir='ltr'>αὑτοῦ</span> <span class='ocrx_word' id='word_1_425' title='bbox 560 1987 721 2022; x_wconf 58' lang='grc' dir='ltr'>Κώμὰναν.</span> <span class='ocrx_word' id='word_1_426' title='bbox 740 1987 795 2013; x_wconf 73' lang='grc' dir='ltr'><strong>Καὶ</strong></span> <span class='ocrx_word' id='word_1_427' title='bbox 810 1987 880 2022; x_wconf 76' lang='grc' dir='ltr'>μετὰ</span> <span class='ocrx_word' id='word_1_428' title='bbox 902 1995 980 2022; x_wconf 84' lang='grc' dir='ltr'>τρια-</span> 
     </span>
    </p>
   </div>
   <div class='ocr_carea' id='block_1_58' title="bbox 189 2031 981 2069">
    <p class='ocr_par' dir='ltr' id='par_1_58' title="bbox 189 2031 981 2069">
     <span class='ocr_line' id='line_1_58' title="bbox 189 2031 981 2069; baseline -0.001 -10"><span class='ocrx_word' id='word_1_429' title='bbox 189 2031 287 2059; x_wconf 70' lang='grc' dir='ltr'>κοστὸν</span> <span class='ocrx_word' id='word_1_430' title='bbox 299 2032 392 2068; x_wconf 68' lang='grc' dir='ltr'>ἕτερον</span> <span class='ocrx_word' id='word_1_431' title='bbox 410 2033 470 2064; x_wconf 71' lang='grc' dir='ltr'>ἔτος</span> <span class='ocrx_word' id='word_1_432' title='bbox 486 2033 614 2069; x_wconf 75' lang='grc' dir='ltr'><strong>ἐγέννησε</strong></span> <span class='ocrx_word' id='word_1_433' title='bbox 627 2033 674 2060; x_wconf 80' lang='grc' dir='ltr'>τὸν</span> <span class='ocrx_word' id='word_1_434' title='bbox 690 2032 772 2059; x_wconf 78' lang='grc' dir='ltr'>’Λὸελ</span> <span class='ocrx_word' id='word_1_435' title='bbox 789 2033 837 2059; x_wconf 76' lang='grc' dir='ltr'>σὺν</span> <span class='ocrx_word' id='word_1_436' title='bbox 854 2034 886 2068; x_wconf 82' lang='grc' dir='ltr'><strong>τῇ</strong></span> <span class='ocrx_word' id='word_1_437' title='bbox 908 2033 981 2068; x_wconf 87' lang='grc' dir='ltr'>Λεμ-</span> 
     </span>
    </p>
   </div>
   <div class='ocr_carea' id='block_1_59' title="bbox 191 2078 980 2115">
    <p class='ocr_par' dir='ltr' id='par_1_59' title="bbox 191 2078 980 2115">
     <span class='ocr_line' id='line_1_59' title="bbox 191 2078 980 2115; baseline 0 -10"><span class='ocrx_word' id='word_1_438' title='bbox 191 2078 260 2114; x_wconf 76' lang='grc' dir='ltr'>σόρᾳ</span> <span class='ocrx_word' id='word_1_439' title='bbox 273 2079 306 2113; x_wconf 80' lang='grc' dir='ltr'><strong>τῇ</strong></span> <span class='ocrx_word' id='word_1_440' title='bbox 317 2078 417 2115; x_wconf 76' lang='grc' dir='ltr'>ἀδελφῇ</span> <span class='ocrx_word' id='word_1_441' title='bbox 428 2079 521 2107; x_wconf 79' lang='grc' dir='ltr'>αὐτοῦ.</span> <span class='ocrx_word' id='word_1_442' title='bbox 535 2079 601 2112; x_wconf 70' lang='lat' dir='ltr'><strong>Quae</strong></span> <span class='ocrx_word' id='word_1_443' title='bbox 614 2080 676 2114; x_wconf 88' lang='lat' dir='ltr'><strong>quis</strong></span> <span class='ocrx_word' id='word_1_444' title='bbox 692 2086 747 2106; x_wconf 90' lang='lat' dir='ltr'><strong>non</strong></span> <span class='ocrx_word' id='word_1_445' title='bbox 761 2079 835 2106; x_wconf 83' lang='lat' dir='ltr'><strong>videt</strong></span> <span class='ocrx_word' id='word_1_446' title='bbox 845 2078 980 2106; x_wconf 84' lang='lat' dir='ltr'><strong>diversam</strong></span> 
     </span>
    </p>
   </div>
   <div class='ocr_carea' id='block_1_60' title="bbox 190 2123 710 2154">
    <p class='ocr_par' dir='ltr' id='par_1_60' title="bbox 190 2123 710 2154">
     <span class='ocr_line' id='line_1_60' title="bbox 190 2123 710 2154; baseline 0.002 -3"><span class='ocrx_word' id='word_1_447' title='bbox 190 2132 207 2152; x_wconf 65' lang='grc' dir='ltr'><strong>ε</strong></span> <span class='ocrx_word' id='word_1_448' title='bbox 222 2123 337 2152; x_wconf 84' lang='lat' dir='ltr'><strong>Calvino</strong></span> <span class='ocrx_word' id='word_1_449' title='bbox 352 2126 516 2154; x_wconf 81' lang='lat' dir='ltr'><strong>sententiam</strong></span> <span class='ocrx_word' id='word_1_450' title='bbox 547 2125 710 2153; x_wconf 77' lang='lat' dir='ltr'><strong>continere?</strong></span> 
     </span>
    </p>
   </div>
   <div class='ocr_carea' id='block_1_61' title="bbox 228 2170 979 2207">
    <p class='ocr_par' dir='ltr' id='par_1_61' title="bbox 228 2170 979 2207">
     <span class='ocr_line' id='line_1_61' title="bbox 228 2170 979 2207; baseline 0.001 -9"><span class='ocrx_word' id='word_1_451' title='bbox 228 2170 308 2203; x_wconf 83' lang='lat' dir='ltr'><strong>lbid..</strong></span> <span class='ocrx_word' id='word_1_452' title='bbox 328 2171 377 2199; x_wconf 91' lang='lat' dir='ltr'><strong>lin.</strong></span> <span class='ocrx_word' id='word_1_453' title='bbox 398 2171 443 2199; x_wconf 74' lang='lat'><strong>50.</strong></span> <span class='ocrx_word' id='word_1_454' title='bbox 461 2171 516 2199; x_wconf 83' lang='grc' dir='ltr'><strong>Τὸν</strong></span> <span class='ocrx_word' id='word_1_455' title='bbox 529 2170 614 2199; x_wconf 81' lang='grc' dir='ltr'><strong>Κάϊν.</strong></span> <span class='ocrx_word' id='word_1_456' title='bbox 633 2171 721 2206; x_wconf 82' lang='lat' dir='ltr'><strong>Hujus</strong></span> <span class='ocrx_word' id='word_1_457' title='bbox 738 2171 858 2199; x_wconf 88' lang='lat' dir='ltr'><strong>nominis</strong></span> <span class='ocrx_word' id='word_1_458' title='bbox 870 2175 979 2207; x_wconf 88' lang='lat' dir='ltr'><strong>etymon</strong></span> 
     </span>
    </p>
   </div>
   <div class='ocr_carea' id='block_1_62' title="bbox 189 2216 980 2254">
    <p class='ocr_par' dir='ltr' id='par_1_62' title="bbox 189 2216 980 2254">
     <span class='ocr_line' id='line_1_62' title="bbox 189 2216 980 2254; baseline 0.001 -10"><span class='ocrx_word' id='word_1_459' title='bbox 189 2216 377 2245; x_wconf 80' lang='lat' dir='ltr'><strong>ctdeclaratio</strong></span> <span class='ocrx_word' id='word_1_460' title='bbox 387 2217 502 2246; x_wconf 85' lang='lat' dir='ltr'><strong>habetur</strong></span> <span class='ocrx_word' id='word_1_461' title='bbox 516 2219 543 2246; x_wconf 93' lang='lat' dir='ltr'><strong>in</strong></span> <span class='ocrx_word' id='word_1_462' title='bbox 559 2219 626 2254; x_wconf 85' lang='lat' dir='ltr'><strong>ipsis</strong></span> <span class='ocrx_word' id='word_1_463' title='bbox 640 2218 727 2246; x_wconf 88' lang='lat' dir='ltr'><strong>sacris</strong></span> <span class='ocrx_word' id='word_1_464' title='bbox 742 2218 852 2246; x_wconf 78' lang='lat' dir='ltr'><strong>Litteris</strong></span> <span class='ocrx_word' id='word_1_465' title='bbox 869 2226 876 2244; x_wconf 87' lang='lat'><strong>:</strong></span> <span class='ocrx_word' id='word_1_466' title='bbox 893 2217 928 2245; x_wconf 85' lang='lat' dir='ltr'><strong>Et</strong></span> <span class='ocrx_word' id='word_1_467' title='bbox 936 2227 980 2253; x_wconf 82' lang='lat' dir='ltr'><strong>pe-</strong></span> 
     </span>
    </p>
   </div>
   <div class='ocr_carea' id='block_1_63' title="bbox 1028 971 1825 1003">
    <p class='ocr_par' dir='ltr' id='par_1_63' title="bbox 1028 971 1825 1003">
     <span class='ocr_line' id='line_1_63' title="bbox 1028 971 1825 1003; baseline 0.008 -6"><span class='ocrx_word' id='word_1_468' title='bbox 1028 971 1144 998; x_wconf 72' lang='lat' dir='ltr'><strong>bworum</strong></span> <span class='ocrx_word' id='word_1_469' title='bbox 1156 980 1172 999; x_wconf 96' lang='grc' dir='ltr'>ι.</span> <span class='ocrx_word' id='word_1_470' title='bbox 1190 972 1326 1002; x_wconf 81' lang='lat' dir='ltr'><strong>Lutlierus</strong></span> <span class='ocrx_word' id='word_1_471' title='bbox 1336 978 1362 1001; x_wconf 88' lang='lat' dir='ltr'><strong>et</strong></span> <span class='ocrx_word' id='word_1_472' title='bbox 1373 974 1504 1003; x_wconf 86' lang='lat' dir='ltr'><strong>Calvinus</strong></span> <span class='ocrx_word' id='word_1_473' title='bbox 1514 975 1636 1003; x_wconf 76' lang='lat' dir='ltr'><strong>veritatis</strong></span> <span class='ocrx_word' id='word_1_474' title='bbox 1646 975 1825 1003; x_wconf 84' lang='lat' dir='ltr'><strong>infensissimi</strong></span> 
     </span>
    </p>
   </div>
   <div class='ocr_carea' id='block_1_64' title="bbox 1028 1017 1823 1056">
    <p class='ocr_par' dir='ltr' id='par_1_64' title="bbox 1028 1017 1823 1056">
     <span class='ocr_line' id='line_1_64' title="bbox 1028 1017 1823 1056; baseline 0.006 -13"><span class='ocrx_word' id='word_1_475' title='bbox 1028 1017 1168 1049; x_wconf 84' lang='lat' dir='ltr'><strong>liostes,ct</strong></span> <span class='ocrx_word' id='word_1_476' title='bbox 1181 1026 1322 1046; x_wconf 81' lang='lat' dir='ltr'><strong>sacrarum</strong></span> <span class='ocrx_word' id='word_1_477' title='bbox 1341 1019 1544 1056; x_wconf 87' lang='lat' dir='ltr'><strong>Scripturarum</strong></span> <span class='ocrx_word' id='word_1_478' title='bbox 1569 1023 1778 1054; x_wconf 79' lang='lat' dir='ltr'><strong>obtrectatores,</strong></span> <span class='ocrx_word' id='word_1_479' title='bbox 1796 1020 1823 1048; x_wconf 89' lang='lat' dir='ltr'><strong>id</strong></span> 
     </span>
    </p>
   </div>
   <div class='ocr_carea' id='block_1_65' title="bbox 1030 1063 1823 1102">
    <p class='ocr_par' dir='ltr' id='par_1_65' title="bbox 1030 1063 1823 1102">
     <span class='ocr_line' id='line_1_65' title="bbox 1030 1063 1823 1102; baseline 0.008 -14"><span class='ocrx_word' id='word_1_480' title='bbox 1030 1066 1166 1090; x_wconf 78' lang='lat' dir='ltr'><strong>tantorum</strong></span> <span class='ocrx_word' id='word_1_481' title='bbox 1179 1063 1290 1100; x_wconf 82' lang='lat' dir='ltr'><strong>Patrum</strong></span> <span class='ocrx_word' id='word_1_482' title='bbox 1300 1065 1462 1093; x_wconf 83' lang='lat' dir='ltr'><strong>auctoritate</strong></span> <span class='ocrx_word' id='word_1_483' title='bbox 1476 1065 1612 1093; x_wconf 85' lang='lat' dir='ltr'><strong>ﬁrmatum</strong></span> <span class='ocrx_word' id='word_1_484' title='bbox 1636 1071 1736 1102; x_wconf 73' lang='lat' dir='ltr'><strong>negant</strong></span> <span class='ocrx_word' id='word_1_485' title='bbox 1749 1066 1823 1102; x_wconf 83' lang='lat' dir='ltr'><strong>inju-</strong></span> 
     </span>
    </p>
   </div>
   <div class='ocr_carea' id='block_1_66' title="bbox 1029 1109 1823 1150">
    <p class='ocr_par' dir='ltr' id='par_1_66' title="bbox 1029 1109 1823 1150">
     <span class='ocr_line' id='line_1_66' title="bbox 1029 1109 1823 1150; baseline 0.008 -13"><span class='ocrx_word' id='word_1_486' title='bbox 1029 1109 1074 1142; x_wconf 86' lang='lat' dir='ltr'><strong>rii,</strong></span> <span class='ocrx_word' id='word_1_487' title='bbox 1086 1110 1248 1146; x_wconf 85' lang='lat' dir='ltr'><strong>fabulasque</strong></span> <span class='ocrx_word' id='word_1_488' title='bbox 1260 1111 1388 1141; x_wconf 73' lang='lat' dir='ltr'><strong>.luilaieas</strong></span> <span class='ocrx_word' id='word_1_489' title='bbox 1401 1121 1462 1141; x_wconf 86' lang='lat' dir='ltr'><strong>esse</strong></span> <span class='ocrx_word' id='word_1_490' title='bbox 1474 1115 1657 1150; x_wconf 84' lang='lat' dir='ltr'><strong>nugacissime</strong></span> <span class='ocrx_word' id='word_1_491' title='bbox 1671 1119 1823 1143; x_wconf 85' lang='lat' dir='ltr'><strong>autumant.</strong></span> 
     </span>
    </p>
   </div>
   <div class='ocr_carea' id='block_1_67' title="bbox 1065 1155 1822 1193">
    <p class='ocr_par' dir='ltr' id='par_1_67' title="bbox 1065 1155 1822 1193">
     <span class='ocr_line' id='line_1_67' title="bbox 1065 1155 1822 1193; baseline 0.008 -10"><span class='ocrx_word' id='word_1_492' title='bbox 1065 1155 1132 1183; x_wconf 83' lang='lat' dir='ltr'><strong>Ibid.</strong></span> <span class='ocrx_word' id='word_1_493' title='bbox 1154 1157 1180 1182; x_wconf 88' lang='grc' dir='ltr'><strong>ὀ</strong></span> <span class='ocrx_word' id='word_1_494' title='bbox 1197 1157 1231 1184; x_wconf 82' lang='grc' dir='ltr'><strong>δὲ</strong></span> <span class='ocrx_word' id='word_1_495' title='bbox 1250 1157 1326 1185; x_wconf 66' lang='grc' dir='ltr'><strong>Κάϊν</strong></span> <span class='ocrx_word' id='word_1_496' title='bbox 1345 1158 1472 1193; x_wconf 70' lang='grc' dir='ltr'>πρῶτος.</span> <span class='ocrx_word' id='word_1_497' title='bbox 1486 1159 1632 1188; x_wconf 86' lang='lat' dir='ltr'><strong>Verissima</strong></span> <span class='ocrx_word' id='word_1_498' title='bbox 1648 1169 1714 1188; x_wconf 79' lang='lat' dir='ltr'><strong>sane</strong></span> <span class='ocrx_word' id='word_1_499' title='bbox 1728 1168 1822 1193; x_wconf 84' lang='lat' dir='ltr'><strong>causa.</strong></span> 
     </span>
    </p>
   </div>
   <div class='ocr_carea' id='block_1_68' title="bbox 1029 1200 1821 1240">
    <p class='ocr_par' dir='ltr' id='par_1_68' title="bbox 1029 1200 1821 1240">
     <span class='ocr_line' id='line_1_68' title="bbox 1029 1200 1821 1240; baseline 0.01 -13"><span class='ocrx_word' id='word_1_500' title='bbox 1029 1203 1057 1227; x_wconf 76' lang='lat' dir='ltr'><strong>et</strong></span> <span class='ocrx_word' id='word_1_501' title='bbox 1070 1200 1262 1230; x_wconf 74' lang='lat' dir='ltr'><strong>efficacissima</strong></span> <span class='ocrx_word' id='word_1_502' title='bbox 1278 1203 1312 1231; x_wconf 91' lang='lat' dir='ltr'><strong>ad</strong></span> <span class='ocrx_word' id='word_1_503' title='bbox 1329 1205 1522 1239; x_wconf 78' lang='lat' dir='ltr'><strong>explicandum</strong></span> <span class='ocrx_word' id='word_1_504' title='bbox 1549 1214 1634 1240; x_wconf 90' lang='lat' dir='ltr'><strong>quare</strong></span> <span class='ocrx_word' id='word_1_505' title='bbox 1648 1206 1721 1235; x_wconf 84' lang='lat' dir='ltr'><strong>Dens</strong></span> <span class='ocrx_word' id='word_1_506' title='bbox 1736 1208 1821 1236; x_wconf 88' lang='lat' dir='ltr'><strong>sacri-</strong></span> 
     </span>
    </p>
   </div>
   <div class='ocr_carea' id='block_1_69' title="bbox 1031 1246 1823 1288">
    <p class='ocr_par' dir='ltr' id='par_1_69' title="bbox 1031 1246 1823 1288">
     <span class='ocr_line' id='line_1_69' title="bbox 1031 1246 1823 1288; baseline 0.011 -15"><span class='ocrx_word' id='word_1_507' title='bbox 1031 1246 1122 1274; x_wconf 81' lang='lat' dir='ltr'><strong>ﬁcium</strong></span> <span class='ocrx_word' id='word_1_508' title='bbox 1149 1249 1241 1283; x_wconf 86' lang='lat' dir='ltr'><strong>potius</strong></span> <span class='ocrx_word' id='word_1_509' title='bbox 1258 1249 1351 1277; x_wconf 80' lang='lat' dir='ltr'><strong>Abelis</strong></span> <span class='ocrx_word' id='word_1_510' title='bbox 1373 1259 1455 1286; x_wconf 91' lang='lat' dir='ltr'><strong>quam</strong></span> <span class='ocrx_word' id='word_1_511' title='bbox 1472 1251 1550 1279; x_wconf 86' lang='lat' dir='ltr'><strong>Caini</strong></span> <span class='ocrx_word' id='word_1_512' title='bbox 1570 1254 1727 1288; x_wconf 80' lang='lat' dir='ltr'><strong>aspexerit;</strong></span> <span class='ocrx_word' id='word_1_513' title='bbox 1743 1254 1823 1282; x_wconf 80' lang='lat' dir='ltr'><strong>aliam</strong></span> 
     </span>
    </p>
   </div>
   <div class='ocr_carea' id='block_1_70' title="bbox 1032 1291 1824 1333">
    <p class='ocr_par' dir='ltr' id='par_1_70' title="bbox 1032 1291 1824 1333">
     <span class='ocr_line' id='line_1_70' title="bbox 1032 1291 1824 1333; baseline 0.011 -15"><span class='ocrx_word' id='word_1_514' title='bbox 1032 1291 1109 1319; x_wconf 80' lang='lat' dir='ltr'><strong>aﬂ&#39;ert</strong></span> <span class='ocrx_word' id='word_1_515' title='bbox 1123 1292 1269 1328; x_wconf 71' lang='lat' dir='ltr'><strong>Iosephus,</strong></span> <span class='ocrx_word' id='word_1_516' title='bbox 1286 1295 1344 1329; x_wconf 90' lang='lat' dir='ltr'><strong>scd,</strong></span> <span class='ocrx_word' id='word_1_517' title='bbox 1359 1300 1388 1323; x_wconf 89' lang='lat' dir='ltr'><strong>ut</strong></span> <span class='ocrx_word' id='word_1_518' title='bbox 1402 1301 1526 1332; x_wconf 86' lang='lat' dir='ltr'><strong>apparet,</strong></span> <span class='ocrx_word' id='word_1_519' title='bbox 1542 1305 1597 1324; x_wconf 92' lang='lat' dir='ltr'><strong>non</strong></span> <span class='ocrx_word' id='word_1_520' title='bbox 1612 1298 1694 1325; x_wconf 87' lang='lat' dir='ltr'><strong>mulli</strong></span> <span class='ocrx_word' id='word_1_521' title='bbox 1705 1299 1824 1333; x_wconf 83' lang='lat' dir='ltr'><strong>roboris,</strong></span> 
     </span>
    </p>
   </div>
   <div class='ocr_carea' id='block_1_71' title="bbox 1031 1337 1824 1380">
    <p class='ocr_par' dir='ltr' id='par_1_71' title="bbox 1031 1337 1824 1380">
     <span class='ocr_line' id='line_1_71' title="bbox 1031 1337 1824 1380; baseline 0.014 -17"><span class='ocrx_word' id='word_1_522' title='bbox 1031 1337 1155 1372; x_wconf 80' lang='lat' dir='ltr'><strong>maleque</strong></span> <span class='ocrx_word' id='word_1_523' title='bbox 1178 1339 1213 1366; x_wconf 86' lang='lat' dir='ltr'><strong>ab</strong></span> <span class='ocrx_word' id='word_1_524' title='bbox 1231 1339 1292 1375; x_wconf 82' lang='lat' dir='ltr'><strong>ipso</strong></span> <span class='ocrx_word' id='word_1_525' title='bbox 1311 1341 1466 1376; x_wconf 83' lang='lat' dir='ltr'><strong>confictam,</strong></span> <span class='ocrx_word' id='word_1_526' title='bbox 1478 1343 1605 1372; x_wconf 73' lang='lat' dir='ltr'><strong>videlicet</strong></span> <span class='ocrx_word' id='word_1_527' title='bbox 1620 1345 1692 1380; x_wconf 82' lang='lat' dir='ltr'><strong>quod</strong></span> <span class='ocrx_word' id='word_1_528' title='bbox 1716 1346 1824 1374; x_wconf 78' lang='lat' dir='ltr'><strong>sacrifi-</strong></span> 
     </span>
    </p>
   </div>
   <div class='ocr_carea' id='block_1_72' title="bbox 1031 1383 1825 1427">
    <p class='ocr_par' dir='ltr' id='par_1_72' title="bbox 1031 1383 1825 1427">
     <span class='ocr_line' id='line_1_72' title="bbox 1031 1383 1825 1427; baseline 0.013 -17"><span class='ocrx_word' id='word_1_529' title='bbox 1031 1383 1104 1411; x_wconf 87' lang='lat' dir='ltr'><strong>cium</strong></span> <span class='ocrx_word' id='word_1_530' title='bbox 1129 1385 1222 1414; x_wconf 84' lang='lat' dir='ltr'><strong>Abelis</strong></span> <span class='ocrx_word' id='word_1_531' title='bbox 1246 1390 1343 1421; x_wconf 87' lang='lat' dir='ltr'><strong>sponte</strong></span> <span class='ocrx_word' id='word_1_532' title='bbox 1366 1393 1470 1427; x_wconf 73' lang='lat' dir='ltr'><strong>naturte</strong></span> <span class='ocrx_word' id='word_1_533' title='bbox 1484 1390 1584 1425; x_wconf 80' lang='lat' dir='ltr'><strong>genitis</strong></span> <span class='ocrx_word' id='word_1_534' title='bbox 1603 1396 1752 1425; x_wconf 81' lang='lat' dir='ltr'><strong>constaret,</strong></span> <span class='ocrx_word' id='word_1_535' title='bbox 1773 1399 1825 1421; x_wconf 78' lang='lat' dir='ltr'><strong>sua</strong></span> 
     </span>
    </p>
   </div>
   <div class='ocr_carea' id='block_1_73' title="bbox 1032 1431 1824 1473">
    <p class='ocr_par' dir='ltr' id='par_1_73' title="bbox 1032 1431 1824 1473">
     <span class='ocr_line' id='line_1_73' title="bbox 1032 1431 1824 1473; baseline 0.013 -17"><span class='ocrx_word' id='word_1_536' title='bbox 1032 1437 1097 1457; x_wconf 89' lang='lat' dir='ltr'><strong>vero</strong></span> <span class='ocrx_word' id='word_1_537' title='bbox 1126 1431 1195 1459; x_wconf 83' lang='lat' dir='ltr'><strong>Cain</strong></span> <span class='ocrx_word' id='word_1_538' title='bbox 1237 1432 1318 1460; x_wconf 89' lang='lat' dir='ltr'><strong>homo</strong></span> <span class='ocrx_word' id='word_1_539' title='bbox 1343 1441 1444 1462; x_wconf 84' lang='lat' dir='ltr'><strong>avarus</strong></span> <span class='ocrx_word' id='word_1_540' title='bbox 1468 1440 1495 1463; x_wconf 89' lang='lat' dir='ltr'><strong>et</strong></span> <span class='ocrx_word' id='word_1_541' title='bbox 1522 1436 1675 1465; x_wconf 84' lang='lat' dir='ltr'><strong>industrius</strong></span> <span class='ocrx_word' id='word_1_542' title='bbox 1699 1445 1749 1473; x_wconf 85' lang='lat' dir='ltr'><strong>per</strong></span> <span class='ocrx_word' id='word_1_543' title='bbox 1770 1439 1824 1466; x_wconf 87' lang='lat' dir='ltr'><strong>vim</strong></span> 
     </span>
    </p>
   </div>
   <div class='ocr_carea' id='block_1_74' title="bbox 1032 1476 1824 1519">
    <p class='ocr_par' dir='ltr' id='par_1_74' title="bbox 1032 1476 1824 1519">
     <span class='ocr_line' id='line_1_74' title="bbox 1032 1476 1824 1519; baseline 0.014 -17"><span class='ocrx_word' id='word_1_544' title='bbox 1032 1476 1179 1511; x_wconf 79' lang='lat' dir='ltr'><strong>quamdam</strong></span> <span class='ocrx_word' id='word_1_545' title='bbox 1190 1486 1205 1504; x_wconf 89' lang='lat' dir='ltr'><strong>a</strong></span> <span class='ocrx_word' id='word_1_546' title='bbox 1218 1482 1315 1506; x_wconf 83' lang='lat' dir='ltr'><strong>natura</strong></span> <span class='ocrx_word' id='word_1_547' title='bbox 1326 1484 1489 1509; x_wconf 80' lang='lat' dir='ltr'><strong>extorserat.</strong></span> <span class='ocrx_word' id='word_1_548' title='bbox 1506 1482 1593 1510; x_wconf 75' lang='grc' dir='ltr'>Θῠσαι</span> <span class='ocrx_word' id='word_1_549' title='bbox 1612 1483 1651 1519; x_wconf 80' lang='grc' dir='ltr'>τῷ</span> <span class='ocrx_word' id='word_1_550' title='bbox 1666 1483 1725 1519; x_wconf 83' lang='grc' dir='ltr'><strong>Θεῴ</strong></span> <span class='ocrx_word' id='word_1_551' title='bbox 1744 1483 1824 1517; x_wconf 80' lang='grc' dir='ltr'>δόξαν</span> 
     </span>
    </p>
   </div>
   <div class='ocr_carea' id='block_1_75' title="bbox 1032 1522 1824 1565">
    <p class='ocr_par' dir='ltr' id='par_1_75' title="bbox 1032 1522 1824 1565">
     <span class='ocr_line' id='line_1_75' title="bbox 1032 1522 1824 1565; baseline 0.014 -18"><span class='ocrx_word' id='word_1_552' title='bbox 1032 1522 1133 1554; x_wconf 82' lang='grc' dir='ltr'>αὺτοῖς,</span> <span class='ocrx_word' id='word_1_553' title='bbox 1147 1524 1161 1549; x_wconf 80' lang='grc' dir='ltr'><strong>ὸ</strong></span> <span class='ocrx_word' id='word_1_554' title='bbox 1177 1523 1227 1558; x_wconf 84' lang='grc' dir='ltr'><strong>μὲν</strong></span> <span class='ocrx_word' id='word_1_555' title='bbox 1244 1524 1313 1552; x_wconf 82' lang='grc' dir='ltr'><strong>Κάῐν</strong></span> <span class='ocrx_word' id='word_1_556' title='bbox 1328 1526 1382 1552; x_wconf 80' lang='grc' dir='ltr'><strong>ἀπὸ</strong></span> <span class='ocrx_word' id='word_1_557' title='bbox 1398 1526 1448 1562; x_wconf 81' lang='grc' dir='ltr'>τῆς</span> <span class='ocrx_word' id='word_1_558' title='bbox 1459 1529 1595 1563; x_wconf 78' lang='grc' dir='ltr'><strong>γεωργίας</strong></span> <span class='ocrx_word' id='word_1_559' title='bbox 1607 1530 1654 1556; x_wconf 77' lang='grc' dir='ltr'><strong>καὶ</strong></span> <span class='ocrx_word' id='word_1_560' title='bbox 1669 1530 1724 1557; x_wconf 87' lang='grc' dir='ltr'>τῶν</span> <span class='ocrx_word' id='word_1_561' title='bbox 1733 1531 1824 1565; x_wconf 83' lang='grc' dir='ltr'>φυτῶν</span> 
     </span>
    </p>
   </div>
   <div class='ocr_carea' id='block_1_76' title="bbox 1032 1569 1824 1613">
    <p class='ocr_par' dir='ltr' id='par_1_76' title="bbox 1032 1569 1824 1613">
     <span class='ocr_line' id='line_1_76' title="bbox 1032 1569 1824 1613; baseline 0.014 -19"><span class='ocrx_word' id='word_1_562' title='bbox 1032 1569 1155 1604; x_wconf 78' lang='grc' dir='ltr'>καρποὺς</span> <span class='ocrx_word' id='word_1_563' title='bbox 1173 1570 1338 1605; x_wconf 81' lang='grc' dir='ltr'>ἀπήνεγκεν,</span> <span class='ocrx_word' id='word_1_564' title='bbox 1363 1572 1474 1605; x_wconf 81' lang='grc' dir='ltr'>Ἀὃελος</span> <span class='ocrx_word' id='word_1_565' title='bbox 1488 1574 1516 1601; x_wconf 82' lang='grc' dir='ltr'><strong>δὲ</strong></span> <span class='ocrx_word' id='word_1_566' title='bbox 1534 1575 1614 1609; x_wconf 80' lang='grc' dir='ltr'>γάλα,</span> <span class='ocrx_word' id='word_1_567' title='bbox 1632 1576 1726 1603; x_wconf 79' lang='grc' dir='ltr'>καὶτὰ</span> <span class='ocrx_word' id='word_1_568' title='bbox 1748 1586 1824 1613; x_wconf 89' lang='grc' dir='ltr'>πρω-</span> 
     </span>
    </p>
   </div>
   <div class='ocr_carea' id='block_1_77' title="bbox 1030 1615 1824 1659">
    <p class='ocr_par' dir='ltr' id='par_1_77' title="bbox 1030 1615 1824 1659">
     <span class='ocr_line' id='line_1_77' title="bbox 1030 1615 1824 1659; baseline 0.014 -18"><span class='ocrx_word' id='word_1_569' title='bbox 1030 1615 1129 1642; x_wconf 81' lang='grc' dir='ltr'>τότοκα</span> <span class='ocrx_word' id='word_1_570' title='bbox 1153 1616 1207 1642; x_wconf 88' lang='grc' dir='ltr'>τῶν</span> <span class='ocrx_word' id='word_1_571' title='bbox 1235 1617 1463 1652; x_wconf 74' lang='grc' dir='ltr'><strong>βοσκημάτων.’0</strong></span> <span class='ocrx_word' id='word_1_572' title='bbox 1485 1619 1552 1653; x_wconf 81' lang='grc' dir='ltr'>Θεὸς</span> <span class='ocrx_word' id='word_1_573' title='bbox 1574 1621 1604 1649; x_wconf 66' lang='grc' dir='ltr'><strong>δὲ</strong></span> <span class='ocrx_word' id='word_1_574' title='bbox 1623 1622 1707 1659; x_wconf 76' lang='grc' dir='ltr'>ταύτῃ</span> <span class='ocrx_word' id='word_1_575' title='bbox 1723 1623 1824 1658; x_wconf 75' lang='grc' dir='ltr'>μᾶλλον</span> 
     </span>
    </p>
   </div>
   <div class='ocr_carea' id='block_1_78' title="bbox 1030 1661 1823 1706">
    <p class='ocr_par' dir='ltr' id='par_1_78' title="bbox 1030 1661 1823 1706">
     <span class='ocr_line' id='line_1_78' title="bbox 1030 1661 1823 1706; baseline 0.015 -20"><span class='ocrx_word' id='word_1_576' title='bbox 1030 1661 1123 1695; x_wconf 80' lang='grc' dir='ltr'>ἣδεται</span> <span class='ocrx_word' id='word_1_577' title='bbox 1149 1663 1183 1697; x_wconf 86' lang='grc' dir='ltr'><strong>τῇ</strong></span> <span class='ocrx_word' id='word_1_578' title='bbox 1207 1662 1297 1699; x_wconf 76' lang='grc' dir='ltr'>θυσίᾳ,</span> <span class='ocrx_word' id='word_1_579' title='bbox 1323 1665 1379 1696; x_wconf 84' lang='grc' dir='ltr'>τοῖς</span> <span class='ocrx_word' id='word_1_580' title='bbox 1401 1665 1575 1701; x_wconf 77' lang='grc' dir='ltr'>αὐτομάτοις.</span> <span class='ocrx_word' id='word_1_581' title='bbox 1592 1668 1638 1695; x_wconf 73' lang='grc' dir='ltr'><strong>καὶ</strong></span> <span class='ocrx_word' id='word_1_582' title='bbox 1654 1670 1724 1696; x_wconf 80' lang='grc' dir='ltr'>κατά</span> <span class='ocrx_word' id='word_1_583' title='bbox 1741 1670 1823 1706; x_wconf 82' lang='grc' dir='ltr'>φύσιν</span> 
     </span>
    </p>
   </div>
   <div class='ocr_carea' id='block_1_79' title="bbox 1030 1706 1824 1747">
    <p class='ocr_par' dir='ltr' id='par_1_79' title="bbox 1030 1706 1824 1747">
     <span class='ocr_line' id='line_1_79' title="bbox 1030 1706 1824 1747; baseline 0.016 -16"><span class='ocrx_word' id='word_1_584' title='bbox 1030 1706 1154 1740; x_wconf 79' lang='grc' dir='ltr'>γεγονόσι</span> <span class='ocrx_word' id='word_1_585' title='bbox 1171 1706 1342 1744; x_wconf 80' lang='grc' dir='ltr'>τιμώμενος,</span> <span class='ocrx_word' id='word_1_586' title='bbox 1364 1710 1422 1737; x_wconf 77' lang='grc' dir='ltr'>ἀλλ’</span> <span class='ocrx_word' id='word_1_587' title='bbox 1449 1711 1509 1747; x_wconf 78' lang='grc' dir='ltr'><strong>οὐχὶ</strong></span> <span class='ocrx_word' id='word_1_588' title='bbox 1537 1714 1594 1745; x_wconf 88' lang='grc' dir='ltr'>τοῖς</span> <span class='ocrx_word' id='word_1_589' title='bbox 1619 1715 1680 1741; x_wconf 79' lang='grc' dir='ltr'>κατ’</span> <span class='ocrx_word' id='word_1_590' title='bbox 1702 1716 1824 1744; x_wconf 78' lang='grc' dir='ltr'>ἐπίνοιαν</span> 
     </span>
    </p>
   </div>
   <div class='ocr_carea' id='block_1_80' title="bbox 1031 1753 1824 1794">
    <p class='ocr_par' dir='ltr' id='par_1_80' title="bbox 1031 1753 1824 1794">
     <span class='ocr_line' id='line_1_80' title="bbox 1031 1753 1824 1794; baseline 0.015 -16"><span class='ocrx_word' id='word_1_591' title='bbox 1031 1753 1175 1787; x_wconf 81' lang='grc' dir='ltr'>ἀνθρώπου</span> <span class='ocrx_word' id='word_1_592' title='bbox 1191 1754 1353 1782; x_wconf 79' lang='grc' dir='ltr'>πλεονέκτου</span> <span class='ocrx_word' id='word_1_593' title='bbox 1367 1756 1437 1783; x_wconf 77' lang='grc' dir='ltr'>κατὰ</span> <span class='ocrx_word' id='word_1_594' title='bbox 1454 1757 1514 1792; x_wconf 85' lang='grc' dir='ltr'>βίαν</span> <span class='ocrx_word' id='word_1_595' title='bbox 1527 1760 1687 1794; x_wconf 69' lang='grc' dir='ltr'>πεφυκόσιν.</span> <span class='ocrx_word' id='word_1_596' title='bbox 1705 1759 1824 1790; x_wconf 81' lang='lat' dir='ltr'><strong>Basilius</strong></span> 
     </span>
    </p>
   </div>
   <div class='ocr_carea' id='block_1_81' title="bbox 1032 1799 1823 1841">
    <p class='ocr_par' dir='ltr' id='par_1_81' title="bbox 1032 1799 1823 1841">
     <span class='ocr_line' id='line_1_81' title="bbox 1032 1799 1823 1841; baseline 0.013 -15"><span class='ocrx_word' id='word_1_597' title='bbox 1032 1799 1174 1828; x_wconf 84' lang='lat' dir='ltr'><strong>Seleucius</strong></span> <span class='ocrx_word' id='word_1_598' title='bbox 1190 1803 1314 1829; x_wconf 87' lang='lat' dir='ltr'><strong>oratione</strong></span> <span class='ocrx_word' id='word_1_599' title='bbox 1340 1802 1374 1830; x_wconf 82' lang='lat' dir='ltr'><strong>(le</strong></span> <span class='ocrx_word' id='word_1_600' title='bbox 1384 1802 1452 1831; x_wconf 86' lang='lat' dir='ltr'><strong>Cain</strong></span> <span class='ocrx_word' id='word_1_601' title='bbox 1474 1809 1501 1832; x_wconf 90' lang='lat' dir='ltr'><strong>et</strong></span> <span class='ocrx_word' id='word_1_602' title='bbox 1516 1805 1599 1834; x_wconf 87' lang='lat' dir='ltr'><strong>Abele</strong></span> <span class='ocrx_word' id='word_1_603' title='bbox 1613 1807 1646 1834; x_wconf 87' lang='lat' dir='ltr'><strong>ad</strong></span> <span class='ocrx_word' id='word_1_604' title='bbox 1659 1815 1715 1835; x_wconf 89' lang='lat' dir='ltr'><strong>rem</strong></span> <span class='ocrx_word' id='word_1_605' title='bbox 1730 1809 1823 1841; x_wconf 54' lang='grc' dir='ltr'>;,Κάῖν</span> 
     </span>
    </p>
   </div>
   <div class='ocr_carea' id='block_1_82' title="bbox 1033 1845 1821 1887">
    <p class='ocr_par' dir='ltr' id='par_1_82' title="bbox 1033 1845 1821 1887">
     <span class='ocr_line' id='line_1_82' title="bbox 1033 1845 1821 1887; baseline 0.015 -16"><span class='ocrx_word' id='word_1_606' title='bbox 1033 1845 1082 1880; x_wconf 86' lang='grc' dir='ltr'>μὲν</span> <span class='ocrx_word' id='word_1_607' title='bbox 1095 1846 1150 1882; x_wconf 80' lang='grc' dir='ltr'><strong>γὰρ</strong></span> <span class='ocrx_word' id='word_1_608' title='bbox 1164 1846 1213 1882; x_wconf 79' lang='grc' dir='ltr'><strong>τὴν</strong></span> <span class='ocrx_word' id='word_1_609' title='bbox 1227 1847 1323 1874; x_wconf 79' lang='grc' dir='ltr'>θυσίαν</span> <span class='ocrx_word' id='word_1_610' title='bbox 1340 1848 1441 1884; x_wconf 80' lang='grc' dir='ltr'>ζημίαν</span> <span class='ocrx_word' id='word_1_611' title='bbox 1455 1851 1605 1887; x_wconf 79' lang='grc' dir='ltr'>ἡγούμενος</span> <span class='ocrx_word' id='word_1_612' title='bbox 1619 1854 1652 1880; x_wconf 75' lang='grc' dir='ltr'><strong>ἐκ</strong></span> <span class='ocrx_word' id='word_1_613' title='bbox 1666 1853 1720 1881; x_wconf 83' lang='grc' dir='ltr'>τῶν</span> <span class='ocrx_word' id='word_1_614' title='bbox 1733 1854 1821 1882; x_wconf 56' lang='lat' dir='ltr'><strong>“oxi-</strong></span> 
     </span>
    </p>
   </div>
   <div class='ocr_carea' id='block_1_83' title="bbox 1033 1892 1824 1933">
    <p class='ocr_par' dir='ltr' id='par_1_83' title="bbox 1033 1892 1824 1933">
     <span class='ocr_line' id='line_1_83' title="bbox 1033 1892 1824 1933; baseline 0.014 -16"><span class='ocrx_word' id='word_1_615' title='bbox 1033 1900 1091 1926; x_wconf 87' lang='grc' dir='ltr'>μων</span> <span class='ocrx_word' id='word_1_616' title='bbox 1109 1892 1158 1927; x_wconf 80' lang='grc' dir='ltr'>τὴν</span> <span class='ocrx_word' id='word_1_617' title='bbox 1173 1892 1255 1928; x_wconf 78' lang='grc' dir='ltr'>τιμὴν</span> <span class='ocrx_word' id='word_1_618' title='bbox 1269 1893 1308 1928; x_wconf 86' lang='grc' dir='ltr'>τῷ</span> <span class='ocrx_word' id='word_1_619' title='bbox 1332 1895 1480 1931; x_wconf 81' lang='grc' dir='ltr'>τιμωμένῳ</span> <span class='ocrx_word' id='word_1_620' title='bbox 1502 1897 1684 1933; x_wconf 72' lang='grc' dir='ltr'>προσεχόμιζε</span> <span class='ocrx_word' id='word_1_621' title='bbox 1702 1900 1824 1928; x_wconf 76' lang='grc' dir='ltr'>νενοθευ-</span> 
     </span>
    </p>
   </div>
   <div class='ocr_carea' id='block_1_84' title="bbox 1033 1936 1824 1983">
    <p class='ocr_par' dir='ltr' id='par_1_84' title="bbox 1033 1936 1824 1983">
     <span class='ocr_line' id='line_1_84' title="bbox 1033 1936 1824 1983; baseline 0.014 -22"><span class='ocrx_word' id='word_1_622' title='bbox 1033 1936 1101 1983; x_wconf 73' lang='grc' dir='ltr'>μένῃ</span> <span class='ocrx_word' id='word_1_623' title='bbox 1122 1936 1219 1973; x_wconf 85' lang='grc' dir='ltr'>γνώμῃ</span> <span class='ocrx_word' id='word_1_624' title='bbox 1239 1938 1289 1973; x_wconf 83' lang='grc' dir='ltr'>τὴν</span> <span class='ocrx_word' id='word_1_625' title='bbox 1305 1939 1387 1974; x_wconf 89' lang='grc' dir='ltr'>τιμὴν</span> <span class='ocrx_word' id='word_1_626' title='bbox 1404 1940 1582 1975; x_wconf 59' lang='grc' dir='ltr'><strong>καηλεὺων·</strong></span> <span class='ocrx_word' id='word_1_627' title='bbox 1603 1943 1617 1969; x_wconf 83' lang='grc' dir='ltr'><strong><em>ὁ</em></strong></span> <span class='ocrx_word' id='word_1_628' title='bbox 1631 1943 1658 1970; x_wconf 84' lang='grc' dir='ltr'><strong>δὲ</strong></span> <span class='ocrx_word' id='word_1_629' title='bbox 1677 1943 1759 1971; x_wconf 78' lang='grc' dir='ltr'>Ἀὃελ</span> <span class='ocrx_word' id='word_1_630' title='bbox 1773 1946 1824 1983; x_wconf 78' lang='grc' dir='ltr'><strong>οὐχ</strong></span> 
     </span>
    </p>
   </div>
   <div class='ocr_carea' id='block_1_85' title="bbox 1031 1982 1823 2025">
    <p class='ocr_par' dir='ltr' id='par_1_85' title="bbox 1031 1982 1823 2025">
     <span class='ocr_line' id='line_1_85' title="bbox 1031 1982 1823 2025; baseline 0.014 -17"><span class='ocrx_word' id='word_1_631' title='bbox 1031 1982 1117 2015; x_wconf 73' lang='grc' dir='ltr'>οὕτως</span> <span class='ocrx_word' id='word_1_632' title='bbox 1127 1992 1133 1998; x_wconf 90' lang='grc'>·</span> <span class='ocrx_word' id='word_1_633' title='bbox 1151 1983 1212 2015; x_wconf 84' lang='grc' dir='ltr'>ὅλος</span> <span class='ocrx_word' id='word_1_634' title='bbox 1227 1984 1256 2010; x_wconf 80' lang='grc' dir='ltr'><strong>δὲ</strong></span> <span class='ocrx_word' id='word_1_635' title='bbox 1277 1984 1323 2012; x_wconf 82' lang='grc' dir='ltr'>τοῦ</span> <span class='ocrx_word' id='word_1_636' title='bbox 1350 1985 1436 2021; x_wconf 85' lang='grc' dir='ltr'>δώρου</span> <span class='ocrx_word' id='word_1_637' title='bbox 1452 1988 1596 2023; x_wconf 77' lang='grc' dir='ltr'>γενόμενος</span> <span class='ocrx_word' id='word_1_638' title='bbox 1614 1989 1756 2025; x_wconf 78' lang='grc' dir='ltr'><strong>εἰλικρινεῖ</strong></span> <span class='ocrx_word' id='word_1_639' title='bbox 1765 1982 1823 2019; x_wconf 58' lang='grc' dir='ltr'>διαέ</span> 
     </span>
    </p>
   </div>
   <div class='ocr_carea' id='block_1_86' title="bbox 1032 2029 1823 2075">
    <p class='ocr_par' dir='ltr' id='par_1_86' title="bbox 1032 2029 1823 2075">
     <span class='ocr_line' id='line_1_86' title="bbox 1032 2029 1823 2075; baseline 0.013 -20"><span class='ocrx_word' id='word_1_640' title='bbox 1032 2029 1093 2066; x_wconf 73' lang='grc' dir='ltr'>νοία</span> <span class='ocrx_word' id='word_1_641' title='bbox 1109 2030 1255 2066; x_wconf 83' lang='grc' dir='ltr'>Θεραπεύει</span> <span class='ocrx_word' id='word_1_642' title='bbox 1268 2032 1313 2059; x_wconf 82' lang='grc' dir='ltr'>τὸν</span> <span class='ocrx_word' id='word_1_643' title='bbox 1328 2033 1488 2068; x_wconf 82' lang='grc' dir='ltr'>Κρείττονα.</span> <span class='ocrx_word' id='word_1_644' title='bbox 1506 2035 1561 2061; x_wconf 82' lang='grc' dir='ltr'><strong>Καὶ</strong></span> <span class='ocrx_word' id='word_1_645' title='bbox 1576 2036 1622 2062; x_wconf 82' lang='grc' dir='ltr'>τὸν</span> <span class='ocrx_word' id='word_1_646' title='bbox 1641 2036 1691 2071; x_wconf 77' lang='grc' dir='ltr'>τῆς</span> <span class='ocrx_word' id='word_1_647' title='bbox 1706 2038 1823 2075; x_wconf 76' lang='grc' dir='ltr'>ποίμνης</span> 
     </span>
    </p>
   </div>
   <div class='ocr_carea' id='block_1_87' title="bbox 1032 2077 1824 2119">
    <p class='ocr_par' dir='ltr' id='par_1_87' title="bbox 1032 2077 1824 2119">
     <span class='ocr_line' id='line_1_87' title="bbox 1032 2077 1824 2119; baseline 0.01 -16"><span class='ocrx_word' id='word_1_648' title='bbox 1032 2077 1131 2113; x_wconf 77' lang='grc' dir='ltr'>δοτῆρα</span> <span class='ocrx_word' id='word_1_649' title='bbox 1151 2079 1208 2109; x_wconf 85' lang='grc' dir='ltr'>τοῖς</span> <span class='ocrx_word' id='word_1_650' title='bbox 1222 2079 1273 2114; x_wconf 83' lang='grc' dir='ltr'>τῆς</span> <span class='ocrx_word' id='word_1_651' title='bbox 1289 2079 1407 2116; x_wconf 82' lang='grc' dir='ltr'>ποίμνης</span> <span class='ocrx_word' id='word_1_652' title='bbox 1423 2080 1575 2117; x_wconf 81' lang='grc' dir='ltr'>ἐξαιρέτοις</span> <span class='ocrx_word' id='word_1_653' title='bbox 1589 2082 1679 2118; x_wconf 74' lang='grc' dir='ltr'>ἐτίμα,</span> <span class='ocrx_word' id='word_1_654' title='bbox 1693 2084 1742 2119; x_wconf 74' lang='grc' dir='ltr'>τῆς</span> <span class='ocrx_word' id='word_1_655' title='bbox 1753 2085 1824 2119; x_wconf 84' lang='grc' dir='ltr'>γνώ-</span> 
     </span>
    </p>
   </div>
   <div class='ocr_carea' id='block_1_88' title="bbox 1034 2123 1824 2167">
    <p class='ocr_par' dir='ltr' id='par_1_88' title="bbox 1034 2123 1824 2167">
     <span class='ocr_line' id='line_1_88' title="bbox 1034 2123 1824 2167; baseline 0.013 -19"><span class='ocrx_word' id='word_1_656' title='bbox 1034 2131 1088 2158; x_wconf 83' lang='grc' dir='ltr'>μης</span> <span class='ocrx_word' id='word_1_657' title='bbox 1100 2123 1149 2158; x_wconf 83' lang='grc' dir='ltr'>τὴν</span> <span class='ocrx_word' id='word_1_658' title='bbox 1163 2124 1265 2160; x_wconf 86' lang='grc' dir='ltr'>ἀρετὴν</span> <span class='ocrx_word' id='word_1_659' title='bbox 1275 2126 1418 2152; x_wconf 79' lang='grc' dir='ltr'><strong>συνάπτων</strong></span> <span class='ocrx_word' id='word_1_660' title='bbox 1431 2128 1487 2158; x_wconf 85' lang='grc' dir='ltr'>τοῖς</span> <span class='ocrx_word' id='word_1_661' title='bbox 1502 2127 1608 2163; x_wconf 80' lang='grc' dir='ltr'>δώροις,</span> <span class='ocrx_word' id='word_1_662' title='bbox 1619 2129 1665 2156; x_wconf 83' lang='grc' dir='ltr'><strong>καὶ</strong></span> <span class='ocrx_word' id='word_1_663' title='bbox 1678 2129 1763 2166; x_wconf 77' lang='grc' dir='ltr'>αὐτὴν</span> <span class='ocrx_word' id='word_1_664' title='bbox 1772 2130 1824 2167; x_wconf 77' lang='grc' dir='ltr'>τὴν</span> 
     </span>
    </p>
   </div>
   <div class='ocr_carea' id='block_1_89' title="bbox 1032 2169 1823 2211">
    <p class='ocr_par' dir='ltr' id='par_1_89' title="bbox 1032 2169 1823 2211">
     <span class='ocr_line' id='line_1_89' title="bbox 1032 2169 1823 2211; baseline 0.013 -16"><span class='ocrx_word' id='word_1_665' title='bbox 1032 2169 1122 2204; x_wconf 72' lang='grc' dir='ltr'>ψυχὴν</span> <span class='ocrx_word' id='word_1_666' title='bbox 1161 2171 1381 2207; x_wconf 81' lang='grc' dir='ltr'>συμπροσφέρων</span> <span class='ocrx_word' id='word_1_667' title='bbox 1412 2172 1451 2207; x_wconf 84' lang='grc' dir='ltr'>τῷ</span> <span class='ocrx_word' id='word_1_668' title='bbox 1474 2171 1621 2210; x_wconf 80' lang='grc' dir='ltr'><strong>δεχομένῳ.</strong></span> <span class='ocrx_word' id='word_1_669' title='bbox 1647 2174 1678 2202; x_wconf 82' lang='lat' dir='ltr'><strong>Et</strong></span> <span class='ocrx_word' id='word_1_670' title='bbox 1701 2175 1823 2211; x_wconf 85' lang='lat' dir='ltr'><strong>Cyrillus</strong></span> 
     </span>
    </p>
   </div>
   <div class='ocr_carea' id='block_1_90' title="bbox 1033 2216 1823 2260">
    <p class='ocr_par' dir='ltr' id='par_1_90' title="bbox 1033 2216 1823 2260">
     <span class='ocr_line' id='line_1_90' title="bbox 1033 2216 1823 2260; baseline 0.011 -18"><span class='ocrx_word' id='word_1_671' title='bbox 1033 2216 1234 2245; x_wconf 75' lang='lat' dir='ltr'><strong>Alexandrinus</strong></span> <span class='ocrx_word' id='word_1_672' title='bbox 1260 2218 1390 2254; x_wconf 83' lang='lat' dir='ltr'><strong>Glaphyr.</strong></span> <span class='ocrx_word' id='word_1_673' title='bbox 1410 2220 1438 2246; x_wconf 83' lang='lat' dir='ltr'><strong>in</strong></span> <span class='ocrx_word' id='word_1_674' title='bbox 1462 2218 1554 2247; x_wconf 77' lang='lat' dir='ltr'><strong>Cenes.</strong></span> <span class='ocrx_word' id='word_1_675' title='bbox 1579 2221 1627 2248; x_wconf 90' lang='lat' dir='ltr'><strong>lib.</strong></span> <span class='ocrx_word' id='word_1_676' title='bbox 1654 2230 1663 2249; x_wconf 92' lang='grc' dir='ltr'>ι</span> <span class='ocrx_word' id='word_1_677' title='bbox 1683 2223 1777 2259; x_wconf 75' lang='grc' dir='ltr'>ι’Δγει</span> <span class='ocrx_word' id='word_1_678' title='bbox 1789 2224 1823 2260; x_wconf 84' lang='grc' dir='ltr'><strong>δὴ</strong></span> 
     </span>
    </p>
   </div>
   <div class='ocr_carea' id='block_1_91' title="bbox 190 2261 1036 2306">
    <p class='ocr_par' dir='ltr' id='par_1_91' title="bbox 190 2261 1036 2298">
     <span class='ocr_line' id='line_1_91' title="bbox 190 2261 1036 2298; baseline 0.001 -9"><span class='ocrx_word' id='word_1_679' title='bbox 190 2263 259 2297; x_wconf 73' lang='lat' dir='ltr'><strong>perit</strong></span> <span class='ocrx_word' id='word_1_680' title='bbox 284 2261 363 2295; x_wconf 81' lang='lat' dir='ltr'><strong>Cain,</strong></span> <span class='ocrx_word' id='word_1_681' title='bbox 384 2262 486 2294; x_wconf 75' lang='lat' dir='ltr'><strong>dicent.</strong></span> <span class='ocrx_word' id='word_1_682' title='bbox 504 2264 616 2292; x_wconf 80' lang='lat' dir='ltr'><strong>Pouedi</strong></span> <span class='ocrx_word' id='word_1_683' title='bbox 641 2264 772 2291; x_wconf 77' lang='lat' dir='ltr'><strong>hominem</strong></span> <span class='ocrx_word' id='word_1_684' title='bbox 786 2272 833 2298; x_wconf 73' lang='lat' dir='ltr'><strong>per</strong></span> <span class='ocrx_word' id='word_1_685' title='bbox 852 2263 936 2291; x_wconf 69' lang='lat' dir='ltr'><strong>Deum</strong></span> <span class='ocrx_word' id='word_1_686' title='bbox 945 2263 977 2290; x_wconf 74' lang='grc'><strong>⁸⁵.</strong></span> <span class='ocrx_word' id='word_1_687' title='bbox 996 2261 1036 2287; x_wconf 67' lang='grc' dir='ltr'><strong>[ιε</strong></span> 
     </span>
    </p>
   </div>
   <div class='ocr_carea' id='block_1_92' title="bbox 975 2261 1821 2306">
    <p class='ocr_par' dir='ltr' id='par_1_92' title="bbox 975 2261 1821 2306">
     <span class='ocr_line' id='line_1_92' title="bbox 975 2261 1821 2306; baseline 0.012 -18"><span class='ocrx_word' id='word_1_688' title='bbox 975 2286 977 2290; x_wconf 90' lang='grc'><strong>,</strong></span> <span class='ocrx_word' id='word_1_689' title='bbox 996 2261 1017 2287; x_wconf 93' lang='lat' dir='ltr'><strong>D</strong></span> <span class='ocrx_word' id='word_1_690' title='bbox 1032 2261 1078 2289; x_wconf 84' lang='grc' dir='ltr'>οὖν</span> <span class='ocrx_word' id='word_1_691' title='bbox 1092 2264 1107 2290; x_wconf 81' lang='grc' dir='ltr'><strong>ὀ</strong></span> <span class='ocrx_word' id='word_1_692' title='bbox 1123 2264 1172 2298; x_wconf 81' lang='grc' dir='ltr'>μὲν</span> <span class='ocrx_word' id='word_1_693' title='bbox 1189 2265 1260 2300; x_wconf 72' lang='grc' dir='ltr'>ἱερός</span> <span class='ocrx_word' id='word_1_694' title='bbox 1278 2273 1308 2291; x_wconf 85' lang='grc' dir='ltr'><strong>τε</strong></span> <span class='ocrx_word' id='word_1_695' title='bbox 1325 2266 1372 2292; x_wconf 76' lang='grc' dir='ltr'><strong>καὶ</strong></span> <span class='ocrx_word' id='word_1_696' title='bbox 1387 2266 1524 2302; x_wconf 82' lang='grc' dir='ltr'>πάνσοφος</span> <span class='ocrx_word' id='word_1_697' title='bbox 1540 2267 1623 2295; x_wconf 75' lang='grc' dir='ltr'>Ἅϐελ</span> <span class='ocrx_word' id='word_1_698' title='bbox 1638 2269 1674 2296; x_wconf 70' lang='grc' dir='ltr'>τὰ</span> <span class='ocrx_word' id='word_1_699' title='bbox 1689 2269 1739 2305; x_wconf 83' lang='grc' dir='ltr'>τῆς</span> <span class='ocrx_word' id='word_1_700' title='bbox 1755 2271 1821 2306; x_wconf 72' lang='grc' dir='ltr'><strong>ἀγι-</strong></span> 
     </span>
    </p>
   </div>
   <div class='ocr_carea' id='block_1_93' title="bbox 190 2309 978 2345">
    <p class='ocr_par' dir='ltr' id='par_1_93' title="bbox 190 2309 978 2345">
     <span class='ocr_line' id='line_1_93' title="bbox 190 2309 978 2345; baseline 0.004 -9"><span class='ocrx_word' id='word_1_701' title='bbox 190 2309 283 2342; x_wconf 85' lang='lat' dir='ltr'><strong>Quare</strong></span> <span class='ocrx_word' id='word_1_702' title='bbox 304 2318 360 2338; x_wconf 90' lang='lat' dir='ltr'><strong>non</strong></span> <span class='ocrx_word' id='word_1_703' title='bbox 381 2316 455 2337; x_wconf 85' lang='lat' dir='ltr'><strong>recte</strong></span> <span class='ocrx_word' id='word_1_704' title='bbox 480 2311 625 2345; x_wconf 84' lang='lat' dir='ltr'><strong>Eusebius,</strong></span> <span class='ocrx_word' id='word_1_705' title='bbox 646 2313 693 2340; x_wconf 88' lang='lat' dir='ltr'><strong>lib.</strong></span> <span class='ocrx_word' id='word_1_706' title='bbox 717 2320 737 2339; x_wconf 89' lang='grc' dir='ltr'>ιι</span> <span class='ocrx_word' id='word_1_707' title='bbox 764 2311 803 2338; x_wconf 84' lang='lat' dir='ltr'><strong>De</strong></span> <span class='ocrx_word' id='word_1_708' title='bbox 834 2316 978 2345; x_wconf 66' lang='lat' dir='ltr'><strong>purpurat.</strong></span> 
     </span>
    </p>
   </div>
   <div class='ocr_carea' id='block_1_94' title="bbox 188 2356 979 2394">
    <p class='ocr_par' dir='ltr' id='par_1_94' title="bbox 188 2356 979 2394">
     <span class='ocr_line' id='line_1_94' title="bbox 188 2356 979 2394; baseline 0 -10"><span class='ocrx_word' id='word_1_709' title='bbox 188 2365 295 2392; x_wconf 73' lang='lat' dir='ltr'><strong>evang..</strong></span> <span class='ocrx_word' id='word_1_710' title='bbox 318 2364 380 2392; x_wconf 88' lang='lat' dir='ltr'><strong>cap.</strong></span> <span class='ocrx_word' id='word_1_711' title='bbox 398 2357 426 2389; x_wconf 80' lang='grc'>4,</span> <span class='ocrx_word' id='word_1_712' title='bbox 447 2356 515 2385; x_wconf 84' lang='lat' dir='ltr'><strong>Cain</strong></span> <span class='ocrx_word' id='word_1_713' title='bbox 538 2359 735 2394; x_wconf 85' lang='lat' dir='ltr'><strong>interpretatur</strong></span> <span class='ocrx_word' id='word_1_714' title='bbox 754 2358 892 2389; x_wconf 77' lang='lat' dir='ltr'><strong>invidiam,</strong></span> <span class='ocrx_word' id='word_1_715' title='bbox 907 2357 979 2392; x_wconf 91' lang='lat' dir='ltr'><strong>quod</strong></span> 
     </span>
    </p>
   </div>
   <div class='ocr_carea' id='block_1_95' title="bbox 191 2402 979 2439">
    <p class='ocr_par' dir='ltr' id='par_1_95' title="bbox 191 2402 979 2439">
     <span class='ocr_line' id='line_1_95' title="bbox 191 2402 979 2439; baseline 0 -9"><span class='ocrx_word' id='word_1_716' title='bbox 191 2403 298 2430; x_wconf 83' lang='lat' dir='ltr'><strong>scilicet</strong></span> <span class='ocrx_word' id='word_1_717' title='bbox 323 2402 402 2434; x_wconf 83' lang='lat' dir='ltr'><strong>Cain.</strong></span> <span class='ocrx_word' id='word_1_718' title='bbox 425 2402 518 2432; x_wconf 85' lang='lat' dir='ltr'><strong>fratris</strong></span> <span class='ocrx_word' id='word_1_719' title='bbox 547 2405 588 2432; x_wconf 89' lang='lat' dir='ltr'><strong>sui</strong></span> <span class='ocrx_word' id='word_1_720' title='bbox 611 2405 740 2433; x_wconf 82' lang='lat' dir='ltr'><strong>sacriﬁcii</strong></span> <span class='ocrx_word' id='word_1_721' title='bbox 762 2411 828 2439; x_wconf 83' lang='lat' dir='ltr'><strong>ergo</strong></span> <span class='ocrx_word' id='word_1_722' title='bbox 842 2403 979 2436; x_wconf 84' lang='lat' dir='ltr'><strong>invidens,</strong></span> 
     </span>
    </p>
   </div>
   <div class='ocr_carea' id='block_1_96' title="bbox 188 2448 415 2476">
    <p class='ocr_par' dir='ltr' id='par_1_96' title="bbox 188 2448 415 2476">
     <span class='ocr_line' id='line_1_96' title="bbox 188 2448 415 2476; baseline -0.004 0"><span class='ocrx_word' id='word_1_723' title='bbox 188 2455 254 2476; x_wconf 78' lang='lat' dir='ltr'><strong>eum</strong></span> <span class='ocrx_word' id='word_1_724' title='bbox 272 2448 415 2476; x_wconf 87' lang='lat' dir='ltr'><strong>occiderit.</strong></span> 
     </span>
    </p>
   </div>
   <div class='ocr_carea' id='block_1_97' title="bbox 226 2492 980 2529">
    <p class='ocr_par' dir='ltr' id='par_1_97' title="bbox 226 2492 980 2529">
     <span class='ocr_line' id='line_1_97' title="bbox 226 2492 980 2529; baseline -0.001 -7"><span class='ocrx_word' id='word_1_725' title='bbox 226 2494 296 2522; x_wconf 87' lang='lat' dir='ltr'><strong>Ibid.</strong></span> <span class='ocrx_word' id='word_1_726' title='bbox 312 2494 366 2522; x_wconf 75' lang='lat' dir='ltr'><strong>Kal</strong></span> <span class='ocrx_word' id='word_1_727' title='bbox 380 2495 397 2522; x_wconf 80' lang='grc' dir='ltr'><em>ὁ</em></span> <span class='ocrx_word' id='word_1_728' title='bbox 409 2493 467 2529; x_wconf 82' lang='grc' dir='ltr'><strong>μὲν</strong></span> <span class='ocrx_word' id='word_1_729' title='bbox 480 2493 555 2521; x_wconf 77' lang='grc' dir='ltr'><strong>Κάτν</strong></span> <span class='ocrx_word' id='word_1_730' title='bbox 566 2492 617 2529; x_wconf 79' lang='grc' dir='ltr'><strong>ἦν.</strong></span> <span class='ocrx_word' id='word_1_731' title='bbox 637 2494 756 2523; x_wconf 83' lang='lat' dir='ltr'><strong>Joannes</strong></span> <span class='ocrx_word' id='word_1_732' title='bbox 780 2495 902 2522; x_wconf 83' lang='lat' dir='ltr'><strong>Zonaras</strong></span> <span class='ocrx_word' id='word_1_733' title='bbox 925 2495 980 2521; x_wconf 80' lang='lat' dir='ltr'><strong>An-</strong></span> 
     </span>
    </p>
   </div>
   <div class='ocr_carea' id='block_1_98' title="bbox 187 2539 979 2578">
    <p class='ocr_par' dir='ltr' id='par_1_98' title="bbox 187 2539 979 2578">
     <span class='ocr_line' id='line_1_98' title="bbox 187 2539 979 2578; baseline -0.001 -10"><span class='ocrx_word' id='word_1_734' title='bbox 187 2541 294 2568; x_wconf 72' lang='lat' dir='ltr'><strong>nalium</strong></span> <span class='ocrx_word' id='word_1_735' title='bbox 312 2545 379 2568; x_wconf 91' lang='lat' dir='ltr'><strong>tom.</strong></span> <span class='ocrx_word' id='word_1_736' title='bbox 395 2539 425 2568; x_wconf 87' lang='lat' dir='ltr'><strong>I:</strong></span> <span class='ocrx_word' id='word_1_737' title='bbox 442 2540 497 2566; x_wconf 79' lang='grc' dir='ltr'><strong>Καὶ</strong></span> <span class='ocrx_word' id='word_1_738' title='bbox 508 2541 522 2566; x_wconf 79' lang='lat'><strong><em>6</em></strong></span> <span class='ocrx_word' id='word_1_739' title='bbox 536 2541 584 2575; x_wconf 80' lang='grc' dir='ltr'>μὲν</span> <span class='ocrx_word' id='word_1_740' title='bbox 592 2541 674 2568; x_wconf 77' lang='grc' dir='ltr'>’Δὸελ</span> <span class='ocrx_word' id='word_1_741' title='bbox 686 2542 784 2578; x_wconf 81' lang='grc' dir='ltr'>νομεὺς</span> <span class='ocrx_word' id='word_1_742' title='bbox 794 2539 828 2577; x_wconf 81' lang='grc' dir='ltr'><strong>ἦν</strong></span> <span class='ocrx_word' id='word_1_743' title='bbox 843 2541 979 2576; x_wconf 82' lang='grc' dir='ltr'>ποιμνίου,</span> 
     </span>
    </p>
   </div>
   <div class='ocr_carea' id='block_1_99' title="bbox 187 2587 980 2624">
    <p class='ocr_par' dir='ltr' id='par_1_99' title="bbox 187 2587 980 2624">
     <span class='ocr_line' id='line_1_99' title="bbox 187 2587 980 2624; baseline -0.001 -10"><span class='ocrx_word' id='word_1_744' title='bbox 187 2588 238 2615; x_wconf 78' lang='grc' dir='ltr'><strong>καὶ</strong></span> <span class='ocrx_word' id='word_1_745' title='bbox 260 2588 361 2624; x_wconf 82' lang='grc' dir='ltr'>ἀρετῆς</span> <span class='ocrx_word' id='word_1_746' title='bbox 387 2587 568 2623; x_wconf 81' lang='grc' dir='ltr'>ἑπεμέλετο,ό</span> <span class='ocrx_word' id='word_1_747' title='bbox 580 2588 609 2614; x_wconf 75' lang='grc' dir='ltr'><strong>δὲ</strong></span> <span class='ocrx_word' id='word_1_748' title='bbox 625 2588 694 2615; x_wconf 79' lang='grc' dir='ltr'><strong>Κὰῖν</strong></span> <span class='ocrx_word' id='word_1_749' title='bbox 711 2588 842 2624; x_wconf 76' lang='grc' dir='ltr'>ἐγεώργει</span> <span class='ocrx_word' id='word_1_750' title='bbox 862 2587 910 2623; x_wconf 84' lang='grc' dir='ltr'>τὴν</span> <span class='ocrx_word' id='word_1_751' title='bbox 929 2588 980 2621; x_wconf 82' lang='grc' dir='ltr'><strong>γῆν</strong></span> 
     </span>
    </p>
   </div>
   <div class='ocr_carea' id='block_1_100' title="bbox 188 2633 981 2670">
    <p class='ocr_par' dir='ltr' id='par_1_100' title="bbox 188 2633 981 2670">
     <span class='ocr_line' id='line_1_100' title="bbox 188 2633 981 2670; baseline -0.001 -9"><span class='ocrx_word' id='word_1_752' title='bbox 188 2635 373 2670; x_wconf 77' lang='grc' dir='ltr'>πονηρότατος</span> <span class='ocrx_word' id='word_1_753' title='bbox 384 2633 432 2661; x_wconf 79' lang='grc' dir='ltr'><strong>ὢν.</strong></span> <span class='ocrx_word' id='word_1_754' title='bbox 449 2633 500 2662; x_wconf 87' lang='lat' dir='ltr'><strong>llic</strong></span> <span class='ocrx_word' id='word_1_755' title='bbox 513 2635 666 2662; x_wconf 84' lang='lat' dir='ltr'><strong>notandum</strong></span> <span class='ocrx_word' id='word_1_756' title='bbox 681 2635 807 2662; x_wconf 86' lang='lat' dir='ltr'><strong>carnium</strong></span> <span class='ocrx_word' id='word_1_757' title='bbox 822 2641 900 2662; x_wconf 86' lang='lat' dir='ltr'><strong>esum</strong></span> <span class='ocrx_word' id='word_1_758' title='bbox 918 2637 981 2661; x_wconf 84' lang='lat' dir='ltr'><strong>ante</strong></span> 
     </span>
    </p>
   </div>
   <div class='ocr_carea' id='block_1_101' title="bbox 189 2679 981 2716">
    <p class='ocr_par' dir='ltr' id='par_1_101' title="bbox 189 2679 981 2716">
     <span class='ocr_line' id='line_1_101' title="bbox 189 2679 981 2716; baseline -0.001 -9"><span class='ocrx_word' id='word_1_759' title='bbox 189 2680 325 2708; x_wconf 86' lang='lat' dir='ltr'><strong>diluvium</strong></span> <span class='ocrx_word' id='word_1_760' title='bbox 342 2688 396 2708; x_wconf 89' lang='lat' dir='ltr'><strong>non</strong></span> <span class='ocrx_word' id='word_1_761' title='bbox 417 2680 504 2708; x_wconf 83' lang='lat' dir='ltr'><strong>fuisse</strong></span> <span class='ocrx_word' id='word_1_762' title='bbox 525 2685 676 2716; x_wconf 80' lang='lat' dir='ltr'><strong>receptum.</strong></span> <span class='ocrx_word' id='word_1_763' title='bbox 693 2680 793 2709; x_wconf 86' lang='lat' dir='ltr'><strong>Gcnes.</strong></span> <span class='ocrx_word' id='word_1_764' title='bbox 814 2688 874 2715; x_wconf 88' lang='lat' dir='ltr'><strong>cap.</strong></span> <span class='ocrx_word' id='word_1_765' title='bbox 892 2687 928 2708; x_wconf 87' lang='lat' dir='ltr'><strong>Ix.</strong></span> <span class='ocrx_word' id='word_1_766' title='bbox 948 2679 981 2706; x_wconf 87' lang='lat' dir='ltr'><strong>Et</strong></span> 
     </span>
    </p>
   </div>
   <div class='ocr_carea' id='block_1_102' title="bbox 189 2725 980 2762">
    <p class='ocr_par' dir='ltr' id='par_1_102' title="bbox 189 2725 980 2762">
     <span class='ocr_line' id='line_1_102' title="bbox 189 2725 980 2762; baseline -0.001 -9"><span class='ocrx_word' id='word_1_767' title='bbox 189 2725 325 2760; x_wconf 86' lang='lat' dir='ltr'><strong>oleribus,</strong></span> <span class='ocrx_word' id='word_1_768' title='bbox 342 2727 490 2762; x_wconf 81' lang='lat' dir='ltr'><strong>herbisque</strong></span> <span class='ocrx_word' id='word_1_769' title='bbox 507 2734 593 2761; x_wconf 80' lang='lat' dir='ltr'><strong>genus</strong></span> <span class='ocrx_word' id='word_1_770' title='bbox 609 2727 757 2755; x_wconf 89' lang='lat' dir='ltr'><strong>humanum</strong></span> <span class='ocrx_word' id='word_1_771' title='bbox 775 2730 838 2754; x_wconf 84' lang='lat' dir='ltr'><strong>ante</strong></span> <span class='ocrx_word' id='word_1_772' title='bbox 847 2726 980 2753; x_wconf 82' lang='lat' dir='ltr'><strong>diluvium</strong></span> 
     </span>
    </p>
   </div>
   <div class='ocr_carea' id='block_1_103' title="bbox 188 2773 980 2809">
    <p class='ocr_par' dir='ltr' id='par_1_103' title="bbox 188 2773 980 2809">
     <span class='ocr_line' id='line_1_103' title="bbox 188 2773 980 2809; baseline 0.001 -10"><span class='ocrx_word' id='word_1_773' title='bbox 188 2773 316 2808; x_wconf 80' lang='lat' dir='ltr'><strong>potuisse</strong></span> <span class='ocrx_word' id='word_1_774' title='bbox 336 2774 487 2802; x_wconf 86' lang='lat' dir='ltr'><strong>sustentari</strong></span> <span class='ocrx_word' id='word_1_775' title='bbox 502 2773 633 2801; x_wconf 86' lang='lat' dir='ltr'><strong>facillimo</strong></span> <span class='ocrx_word' id='word_1_776' title='bbox 648 2774 757 2809; x_wconf 71' lang='lat' dir='ltr'><strong>negotio</strong></span> <span class='ocrx_word' id='word_1_777' title='bbox 769 2777 862 2809; x_wconf 82' lang='lat' dir='ltr'><strong>posset</strong></span> <span class='ocrx_word' id='word_1_778' title='bbox 873 2781 906 2800; x_wconf 84' lang='lat' dir='ltr'><strong>ex</strong></span> <span class='ocrx_word' id='word_1_779' title='bbox 919 2780 980 2800; x_wconf 86' lang='lat' dir='ltr'><strong>ver-</strong></span> 
     </span>
    </p>
   </div>
   <div class='ocr_carea' id='block_1_104' title="bbox 185 2817 978 2856">
    <p class='ocr_par' dir='ltr' id='par_1_104' title="bbox 185 2817 978 2856">
     <span class='ocr_line' id='line_1_104' title="bbox 185 2817 978 2856; baseline -0.003 -8"><span class='ocrx_word' id='word_1_780' title='bbox 185 2817 344 2848; x_wconf 64' lang='lat' dir='ltr'><strong>bisluliani</strong></span> <span class='ocrx_word' id='word_1_781' title='bbox 354 2819 502 2856; x_wconf 68' lang='lat' dir='ltr'><strong>Apostatze,</strong></span> <span class='ocrx_word' id='word_1_782' title='bbox 514 2828 574 2856; x_wconf 72' lang='lat' dir='ltr'><strong>quae</strong></span> <span class='ocrx_word' id='word_1_783' title='bbox 587 2819 671 2848; x_wconf 87' lang='lat' dir='ltr'><strong>refert</strong></span> <span class='ocrx_word' id='word_1_784' title='bbox 681 2820 782 2849; x_wconf 84' lang='lat' dir='ltr'><strong>Suidas</strong></span> <span class='ocrx_word' id='word_1_785' title='bbox 793 2821 821 2848; x_wconf 90' lang='lat' dir='ltr'><strong>in</strong></span> <span class='ocrx_word' id='word_1_786' title='bbox 829 2819 978 2852; x_wconf 80' lang='lat' dir='ltr'><strong>Herodoto.</strong></span> 
     </span>
    </p>
   </div>
   <div class='ocr_carea' id='block_1_105' title="bbox 226 2896 440 2932">
    <p class='ocr_par' dir='ltr' id='par_1_105' title="bbox 226 2896 440 2932">
     <span class='ocr_line' id='line_1_105' title="bbox 226 2896 440 2932; baseline 0.009 -8"><span class='ocrx_word' id='word_1_787' title='bbox 226 2896 251 2913; x_wconf 77' lang='grc'><strong>⁸⁸</strong></span> <span class='ocrx_word' id='word_1_788' title='bbox 269 2896 337 2925; x_wconf 83' lang='lat' dir='ltr'><strong>Gen.</strong></span> <span class='ocrx_word' id='word_1_789' title='bbox 355 2905 392 2932; x_wconf 86' lang='lat' dir='ltr'><strong>tv,</strong></span> <span class='ocrx_word' id='word_1_790' title='bbox 413 2897 440 2927; x_wconf 83' lang='lat' dir='ltr'><strong>l.</strong></span> 
     </span>
    </p>
   </div>
   <div class='ocr_carea' id='block_1_106' title="bbox 1032 2308 1821 2352">
    <p class='ocr_par' dir='ltr' id='par_1_106' title="bbox 1032 2308 1821 2352">
     <span class='ocr_line' id='line_1_106' title="bbox 1032 2308 1821 2352; baseline 0.013 -17"><span class='ocrx_word' id='word_1_791' title='bbox 1032 2308 1220 2344; x_wconf 81' lang='grc' dir='ltr'>ληςάπὸλεκτσ.</span> <span class='ocrx_word' id='word_1_792' title='bbox 1236 2311 1282 2337; x_wconf 78' lang='grc' dir='ltr'>καὶ</span> <span class='ocrx_word' id='word_1_793' title='bbox 1297 2311 1452 2348; x_wconf 85' lang='grc' dir='ltr'>ἀριστίνδην</span> <span class='ocrx_word' id='word_1_794' title='bbox 1464 2314 1688 2350; x_wconf 80' lang='grc' dir='ltr'>ὲγκεκρυμμένα·</span> <span class='ocrx_word' id='word_1_795' title='bbox 1703 2317 1821 2352; x_wconf 74' lang='grc' dir='ltr'><strong>Ἢνιγιω</strong></span> 
     </span>
    </p>
   </div>
   <div class='ocr_carea' id='block_1_107' title="bbox 1032 2356 1823 2397">
    <p class='ocr_par' dir='ltr' id='par_1_107' title="bbox 1032 2356 1823 2397">
     <span class='ocr_line' id='line_1_107' title="bbox 1032 2356 1823 2397; baseline 0.011 -15"><span class='ocrx_word' id='word_1_796' title='bbox 1032 2356 1096 2393; x_wconf 86' lang='grc' dir='ltr'>γὰρ,</span> <span class='ocrx_word' id='word_1_797' title='bbox 1108 2357 1201 2392; x_wconf 78' lang='grc' dir='ltr'>φησὶν,</span> <span class='ocrx_word' id='word_1_798' title='bbox 1211 2358 1266 2385; x_wconf 80' lang='grc' dir='ltr'><strong>ἀπὸ</strong></span> <span class='ocrx_word' id='word_1_799' title='bbox 1275 2358 1329 2385; x_wconf 83' lang='grc' dir='ltr'><strong>τῶν</strong></span> <span class='ocrx_word' id='word_1_800' title='bbox 1343 2359 1523 2395; x_wconf 80' lang='grc' dir='ltr'>πρωτοτόκων</span> <span class='ocrx_word' id='word_1_801' title='bbox 1535 2361 1589 2388; x_wconf 85' lang='grc' dir='ltr'><strong>τῶν</strong></span> <span class='ocrx_word' id='word_1_802' title='bbox 1603 2361 1697 2397; x_wconf 77' lang='grc' dir='ltr'>ἀμνῶν</span> <span class='ocrx_word' id='word_1_803' title='bbox 1710 2364 1756 2391; x_wconf 81' lang='grc' dir='ltr'><strong>καὶ</strong></span> <span class='ocrx_word' id='word_1_804' title='bbox 1768 2363 1823 2391; x_wconf 72' lang='grc' dir='ltr'>ἀπὸ</span> 
     </span>
    </p>
   </div>
   <div class='ocr_carea' id='block_1_108' title="bbox 1031 2401 1823 2443">
    <p class='ocr_par' dir='ltr' id='par_1_108' title="bbox 1031 2401 1823 2443">
     <span class='ocr_line' id='line_1_108' title="bbox 1031 2401 1823 2443; baseline 0.013 -16"><span class='ocrx_word' id='word_1_805' title='bbox 1031 2401 1085 2428; x_wconf 88' lang='grc' dir='ltr'>τῶν</span> <span class='ocrx_word' id='word_1_806' title='bbox 1097 2403 1216 2429; x_wconf 75' lang='grc' dir='ltr'>στεάτων</span> <span class='ocrx_word' id='word_1_807' title='bbox 1228 2403 1327 2436; x_wconf 86' lang='grc' dir='ltr'>αὐτῶν,</span> <span class='ocrx_word' id='word_1_808' title='bbox 1339 2405 1461 2432; x_wconf 79' lang='grc' dir='ltr'>τουτέστι</span> <span class='ocrx_word' id='word_1_809' title='bbox 1472 2406 1507 2433; x_wconf 84' lang='grc' dir='ltr'><strong>τὰ</strong></span> <span class='ocrx_word' id='word_1_810' title='bbox 1519 2406 1681 2443; x_wconf 80' lang='grc' dir='ltr'>προῦχοντα,</span> <span class='ocrx_word' id='word_1_811' title='bbox 1691 2409 1737 2436; x_wconf 73' lang='grc' dir='ltr'>καὶ</span> <span class='ocrx_word' id='word_1_812' title='bbox 1750 2410 1823 2443; x_wconf 71' lang='grc' dir='ltr'>ἐξαί-</span> 
     </span>
    </p>
   </div>
   <div class='ocr_carea' id='block_1_109' title="bbox 1034 2450 1821 2491">
    <p class='ocr_par' dir='ltr' id='par_1_109' title="bbox 1034 2450 1821 2491">
     <span class='ocr_line' id='line_1_109' title="bbox 1034 2450 1821 2491; baseline 0.014 -18"><span class='ocrx_word' id='word_1_813' title='bbox 1034 2456 1109 2485; x_wconf 85' lang='grc' dir='ltr'>ρετα·</span> <span class='ocrx_word' id='word_1_814' title='bbox 1127 2450 1232 2477; x_wconf 82' lang='grc' dir='ltr'>καὶτὸν</span> <span class='ocrx_word' id='word_1_815' title='bbox 1246 2451 1297 2486; x_wconf 79' lang='grc' dir='ltr'>τῆς</span> <span class='ocrx_word' id='word_1_816' title='bbox 1314 2451 1468 2487; x_wconf 75' lang='grc' dir='ltr'>ἱερουργίας</span> <span class='ocrx_word' id='word_1_817' title='bbox 1480 2453 1530 2480; x_wconf 83' lang='grc' dir='ltr'><strong>οὐκ</strong></span> <span class='ocrx_word' id='word_1_818' title='bbox 1548 2454 1684 2489; x_wconf 82' lang='grc' dir='ltr'>ἀγνοήσας</span> <span class='ocrx_word' id='word_1_819' title='bbox 1708 2456 1821 2491; x_wconf 84' lang='grc' dir='ltr'>τρόπον.</span> 
     </span>
    </p>
   </div>
   <div class='ocr_carea' id='block_1_110' title="bbox 1032 2494 1823 2535">
    <p class='ocr_par' dir='ltr' id='par_1_110' title="bbox 1032 2494 1823 2535">
     <span class='ocr_line' id='line_1_110' title="bbox 1032 2494 1823 2535; baseline 0.013 -15"><span class='ocrx_word' id='word_1_820' title='bbox 1032 2494 1172 2530; x_wconf 87' lang='grc' dir='ltr'>παρετίθει</span> <span class='ocrx_word' id='word_1_821' title='bbox 1194 2495 1227 2522; x_wconf 82' lang='grc' dir='ltr'>τὰ</span> <span class='ocrx_word' id='word_1_822' title='bbox 1247 2496 1363 2523; x_wconf 79' lang='grc' dir='ltr'>στέαταο</span> <span class='ocrx_word' id='word_1_823' title='bbox 1392 2498 1462 2524; x_wconf 81' lang='grc' dir='ltr'><strong>Κάῑν</strong></span> <span class='ocrx_word' id='word_1_824' title='bbox 1489 2498 1517 2526; x_wconf 80' lang='grc' dir='ltr'><strong>δὲ</strong></span> <span class='ocrx_word' id='word_1_825' title='bbox 1540 2499 1590 2535; x_wconf 78' lang='grc' dir='ltr'><strong>οὐχ</strong></span> <span class='ocrx_word' id='word_1_826' title='bbox 1614 2499 1695 2533; x_wconf 81' lang='grc' dir='ltr'>οὕτω,</span> <span class='ocrx_word' id='word_1_827' title='bbox 1712 2502 1779 2529; x_wconf 80' lang='grc' dir='ltr'>πολὺ</span> <span class='ocrx_word' id='word_1_828' title='bbox 1793 2502 1823 2530; x_wconf 69' lang='grc' dir='ltr'><strong>δὲ</strong></span> 
     </span>
    </p>
   </div>
   <div class='ocr_carea' id='block_1_111' title="bbox 1032 2540 1821 2584">
    <p class='ocr_par' dir='ltr' id='par_1_111' title="bbox 1032 2540 1821 2584">
     <span class='ocr_line' id='line_1_111' title="bbox 1032 2540 1821 2584; baseline 0.011 -17"><span class='ocrx_word' id='word_1_829' title='bbox 1032 2540 1092 2568; x_wconf 87' lang='grc' dir='ltr'>λίαν</span> <span class='ocrx_word' id='word_1_830' title='bbox 1117 2542 1261 2577; x_wconf 83' lang='grc' dir='ltr'>ἀτημελῶς</span> <span class='ocrx_word' id='word_1_831' title='bbox 1273 2552 1280 2557; x_wconf 93' lang='grc'><strong>·</strong></span> <span class='ocrx_word' id='word_1_832' title='bbox 1302 2544 1336 2571; x_wconf 79' lang='grc' dir='ltr'>τὰ</span> <span class='ocrx_word' id='word_1_833' title='bbox 1358 2545 1408 2580; x_wconf 83' lang='grc' dir='ltr'><strong>μὲν</strong></span> <span class='ocrx_word' id='word_1_834' title='bbox 1424 2545 1478 2581; x_wconf 87' lang='grc' dir='ltr'><strong>γὰρ</strong></span> <span class='ocrx_word' id='word_1_835' title='bbox 1493 2546 1533 2572; x_wconf 81' lang='grc' dir='ltr'>ὅτι</span> <span class='ocrx_word' id='word_1_836' title='bbox 1550 2547 1665 2581; x_wconf 76' lang='grc' dir='ltr'>μάλιστα</span> <span class='ocrx_word' id='word_1_837' title='bbox 1684 2548 1737 2575; x_wconf 82' lang='grc' dir='ltr'><strong>τῶν</strong></span> <span class='ocrx_word' id='word_1_838' title='bbox 1754 2549 1821 2584; x_wconf 81' lang='grc' dir='ltr'>ὡρί-</span> 
     </span>
    </p>
   </div>
   <div class='ocr_carea' id='block_1_112' title="bbox 1033 2588 1822 2629">
    <p class='ocr_par' dir='ltr' id='par_1_112' title="bbox 1033 2588 1822 2629">
     <span class='ocr_line' id='line_1_112' title="bbox 1033 2588 1822 2629; baseline 0.013 -17"><span class='ocrx_word' id='word_1_839' title='bbox 1033 2595 1091 2622; x_wconf 86' lang='grc' dir='ltr'><strong>μων</strong></span> <span class='ocrx_word' id='word_1_840' title='bbox 1106 2588 1233 2623; x_wconf 77' lang='grc' dir='ltr'>ἐκπρεπῆ</span> <span class='ocrx_word' id='word_1_841' title='bbox 1247 2590 1307 2620; x_wconf 81' lang='grc' dir='ltr'>ταῖς</span> <span class='ocrx_word' id='word_1_842' title='bbox 1327 2589 1405 2622; x_wconf 84' lang='grc' dir='ltr'>ίδίαις</span> <span class='ocrx_word' id='word_1_843' title='bbox 1427 2591 1568 2627; x_wconf 68' lang='grc' dir='ltr'>ἐχαρίζετο</span> <span class='ocrx_word' id='word_1_844' title='bbox 1579 2595 1709 2629; x_wconf 78' lang='grc' dir='ltr'>τρυφαῖς·</span> <span class='ocrx_word' id='word_1_845' title='bbox 1728 2594 1822 2622; x_wconf 81' lang='grc' dir='ltr'>ἐλύπει</span> 
     </span>
    </p>
   </div>
   <div class='ocr_carea' id='block_1_113' title="bbox 1031 2632 1612 2669">
    <p class='ocr_par' dir='ltr' id='par_1_113' title="bbox 1031 2632 1612 2669">
     <span class='ocr_line' id='line_1_113' title="bbox 1031 2632 1612 2669; baseline 0.012 -11"><span class='ocrx_word' id='word_1_846' title='bbox 1031 2632 1060 2659; x_wconf 80' lang='grc' dir='ltr'><strong>δὲ</strong></span> <span class='ocrx_word' id='word_1_847' title='bbox 1077 2634 1132 2665; x_wconf 85' lang='grc' dir='ltr'>τοῖς</span> <span class='ocrx_word' id='word_1_848' title='bbox 1148 2633 1283 2669; x_wconf 81' lang='grc' dir='ltr'>δευτέροις</span> <span class='ocrx_word' id='word_1_849' title='bbox 1296 2635 1342 2662; x_wconf 77' lang='grc' dir='ltr'><strong>τὸν</strong></span> <span class='ocrx_word' id='word_1_850' title='bbox 1354 2636 1401 2663; x_wconf 79' lang='grc' dir='ltr'><strong>ὲπὶ</strong></span> <span class='ocrx_word' id='word_1_851' title='bbox 1413 2637 1521 2664; x_wconf 81' lang='grc' dir='ltr'>πάντων</span> <span class='ocrx_word' id='word_1_852' title='bbox 1535 2639 1612 2666; x_wconf 82' lang='grc' dir='ltr'>Θεόν.</span> 
     </span>
    </p>
   </div>
   <div class='ocr_carea' id='block_1_114' title="bbox 1068 2678 1822 2718">
    <p class='ocr_par' dir='ltr' id='par_1_114' title="bbox 1068 2678 1822 2718">
     <span class='ocr_line' id='line_1_114' title="bbox 1068 2678 1822 2718; baseline 0.011 -13"><span class='ocrx_word' id='word_1_853' title='bbox 1068 2678 1148 2711; x_wconf 85' lang='lat' dir='ltr'><strong>lbid.,</strong></span> <span class='ocrx_word' id='word_1_854' title='bbox 1163 2679 1211 2707; x_wconf 89' lang='lat' dir='ltr'><strong>lin.</strong></span> <span class='ocrx_word' id='word_1_855' title='bbox 1230 2679 1273 2706; x_wconf 75' lang='lat'><strong>36.</strong></span> <span class='ocrx_word' id='word_1_856' title='bbox 1293 2681 1454 2716; x_wconf 77' lang='grc' dir='ltr'>Ὀρτισθείς</span> <span class='ocrx_word' id='word_1_857' title='bbox 1469 2683 1519 2710; x_wconf 71' lang='grc' dir='ltr'><strong>ἐπὶ</strong></span> <span class='ocrx_word' id='word_1_858' title='bbox 1541 2685 1645 2718; x_wconf 83' lang='grc' dir='ltr'>τούτῳ.</span> <span class='ocrx_word' id='word_1_859' title='bbox 1669 2685 1822 2714; x_wconf 81' lang='lat' dir='ltr'><strong>Methodius</strong></span> 
     </span>
    </p>
   </div>
   <div class='ocr_carea' id='block_1_115' title="bbox 1032 2724 1822 2761">
    <p class='ocr_par' dir='ltr' id='par_1_115' title="bbox 1032 2724 1822 2761">
     <span class='ocr_line' id='line_1_115' title="bbox 1032 2724 1822 2761; baseline 0.011 -9"><span class='ocrx_word' id='word_1_860' title='bbox 1032 2724 1191 2753; x_wconf 82' lang='lat' dir='ltr'><strong>Patarensis</strong></span> <span class='ocrx_word' id='word_1_861' title='bbox 1218 2727 1311 2755; x_wconf 86' lang='lat' dir='ltr'><strong>Abelis</strong></span> <span class='ocrx_word' id='word_1_862' title='bbox 1335 2728 1436 2757; x_wconf 59' lang='lat' dir='ltr'><strong>caedem</strong></span> <span class='ocrx_word' id='word_1_863' title='bbox 1461 2737 1534 2758; x_wconf 86' lang='lat' dir='ltr'><strong>anno</strong></span> <span class='ocrx_word' id='word_1_864' title='bbox 1555 2732 1744 2760; x_wconf 88' lang='lat' dir='ltr'><strong>ducentesimo</strong></span> <span class='ocrx_word' id='word_1_865' title='bbox 1759 2733 1822 2761; x_wconf 66' lang='lat' dir='ltr'><strong>vita</strong></span> 
     </span>
    </p>
   </div>
   <div class='ocr_carea' id='block_1_116' title="bbox 1032 2771 1822 2814">
    <p class='ocr_par' dir='ltr' id='par_1_116' title="bbox 1032 2771 1822 2814">
     <span class='ocr_line' id='line_1_116' title="bbox 1032 2771 1822 2814; baseline 0.01 -16"><span class='ocrx_word' id='word_1_866' title='bbox 1032 2771 1129 2799; x_wconf 82' lang='lat' dir='ltr'><strong>Adami</strong></span> <span class='ocrx_word' id='word_1_867' title='bbox 1145 2773 1305 2808; x_wconf 80' lang='lat' dir='ltr'><strong>contigisse,</strong></span> <span class='ocrx_word' id='word_1_868' title='bbox 1321 2777 1348 2801; x_wconf 83' lang='lat' dir='ltr'><strong>et</strong></span> <span class='ocrx_word' id='word_1_869' title='bbox 1372 2775 1511 2810; x_wconf 89' lang='lat' dir='ltr'><strong>planctum</strong></span> <span class='ocrx_word' id='word_1_870' title='bbox 1528 2777 1624 2804; x_wconf 82' lang='lat' dir='ltr'><strong>Adami</strong></span> <span class='ocrx_word' id='word_1_871' title='bbox 1648 2781 1675 2805; x_wconf 89' lang='lat' dir='ltr'><strong>et</strong></span> <span class='ocrx_word' id='word_1_872' title='bbox 1689 2777 1752 2806; x_wconf 68' lang='lat' dir='ltr'><strong>Eva:</strong></span> <span class='ocrx_word' id='word_1_873' title='bbox 1773 2786 1822 2814; x_wconf 85' lang='lat' dir='ltr'><strong>per</strong></span> 
     </span>
    </p>
   </div>
   <div class='ocr_carea' id='block_1_117' title="bbox 1033 2818 1824 2859">
    <p class='ocr_par' dir='ltr' id='par_1_117' title="bbox 1033 2818 1824 2859">
     <span class='ocr_line' id='line_1_117' title="bbox 1033 2818 1824 2859; baseline 0.011 -14"><span class='ocrx_word' id='word_1_874' title='bbox 1033 2822 1142 2846; x_wconf 88' lang='lat' dir='ltr'><strong>centum</strong></span> <span class='ocrx_word' id='word_1_875' title='bbox 1160 2818 1245 2848; x_wconf 86' lang='lat' dir='ltr'><strong>fuisse</strong></span> <span class='ocrx_word' id='word_1_876' title='bbox 1261 2823 1439 2856; x_wconf 84' lang='lat' dir='ltr'><strong>protractum,</strong></span> <span class='ocrx_word' id='word_1_877' title='bbox 1454 2823 1560 2851; x_wconf 85' lang='lat' dir='ltr'><strong>scribit.</strong></span> <span class='ocrx_word' id='word_1_878' title='bbox 1588 2823 1633 2859; x_wconf 86' lang='grc' dir='ltr'>Τῷ</span> <span class='ocrx_word' id='word_1_879' title='bbox 1646 2824 1674 2852; x_wconf 85' lang='grc' dir='ltr'><strong>δὲ</strong></span> <span class='ocrx_word' id='word_1_880' title='bbox 1688 2824 1824 2854; x_wconf 83' lang='grc' dir='ltr'>διακοσιο-</span> 
     </span>
    </p>
   </div>
  </div>
