2143 3163
360 170 413 200 I79

359 233 559 269 Chroneqraph.
576 233 624 262 lib.
640 241 661 266 ι.
677 241 724 262 eas
737 234 822 262 modo
835 234 956 266 tabulas.
972 235 1055 263 modo
1068 240 1149 263 vocat
1164 239 1186 266 Α

358 278 519 312 columnas;
532 279 640 307 tandem
653 280 748 307 scribit
774 288 821 308 eas
833 280 919 309 fuisse
934 281 1051 314 tabulas,
1068 290 1150 310 unam

358 331 463 352 aeneam
479 328 577 352 contra
598 333 677 360 aqua:
699 326 858 359 illuviones,
876 328 989 355 alteram
1005 328 1151 356 lateritiam

357 373 454 398 contra
469 369 542 405 ignis
549 371 798 407 conflagrationes;
815 374 843 400 in
858 381 974 408 quarum
987 374 1074 409 prima
1085 374 1151 402 libe-

358 415 431 443 rales
448 420 523 444 artes
538 418 690 452 praesertim
705 419 859 446 doctrinam
875 419 910 447 de
922 419 987 452 Deo,
1000 424 1027 448 et
1044 421 1150 449 mathe-

357 461 468 494 matica,
494 463 521 490 in
546 463 632 491 altera
655 465 866 499 promissionem
880 466 914 493 de
934 466 1050 498 semine,
1067 466 1093 494 id
1108 472 1151 495 est

357 506 479 540 Christo,
507 508 573 536 Adae
597 508 708 542 factam.
737 510 872 542 calatam,
896 513 1084 546 scripserunt;
1102 512 1149 541 sed

357 555 487 582 auctores
503 554 574 582 unde
590 554 647 582 haec
661 555 760 583 habeat
773 555 967 585 Genebrardus
977 565 1033 585 non
1045 558 1147 591 laudat,
1172 589 1176 593 ,

356 605 427 634 quos
441 603 508 634 puto
522 607 577 628 non
594 600 696 628 multos
710 605 831 634 exstare,
851 606 878 630 et
895 603 918 631 si
933 603 996 638 quis
1011 603 1058 631 ille
1074 608 1148 632 esset

356 651 412 672 non
425 646 575 680 probabilia
591 646 725 680 dicerent,
741 655 791 675 nec
807 648 835 675 in
850 648 964 676 historia
982 653 1039 677 tuta
1053 654 1080 677 et
1093 650 1148 685 pri-

355 698 430 718 mum
445 696 542 719 contra
555 692 761 721 Genebrardum
779 695 940 722 necessario
957 695 1145 723 allirmandum

354 741 408 768 est,
427 737 455 764 in
471 737 525 766 illis
541 737 643 766 tabulis
657 739 714 767 sive
728 740 866 767 columnis
883 741 976 768 caelata
992 748 1047 768 non
1062 740 1147 769 fuisse

354 781 475 815 diversa,
487 787 514 811 et
531 783 583 810 alia
603 791 635 811 ac
650 785 723 812 alia:
739 786 786 813 sed
801 793 862 820 qua:
880 786 907 813 in
924 794 989 818 una,
1009 787 1104 814 eadem
1119 792 1147 815 et

354 828 383 856 in
398 829 461 856 alia.
481 829 582 859 Demus
596 831 668 859 enim
683 832 758 866 quod
771 835 799 859 et
815 831 849 860 de
865 832 929 865 Deo,
949 836 976 860 et
995 833 1146 861 mathema-

353 875 420 907 tica,
438 880 466 903 et
486 876 519 904 de
534 877 718 912 promissione
737 879 863 910 seminis,
879 878 952 913 quod
964 882 1037 906 esset
1054 879 1144 906 adhuc

352 920 462 949 diﬂicile
486 923 613 958 probatu,
636 924 798 959 scripserint
822 925 850 952 in
874 932 950 952 amca
967 934 974 952 :
990 926 1146 953 necessario

357 971 449 995 tamen
465 968 605 996 fatendum
621 974 673 1001 est,
691 969 750 997 haec
764 969 859 998 eadem
880 974 908 997 et
923 970 950 998 in
967 971 1085 999 lateritia
1098 971 1147 999 de-

357 1013 514 1049 scripsisse,
529 1018 626 1043 etnon
645 1016 765 1043 diversa.
786 1015 918 1044 Sciebant
937 1017 1069 1045 mundum
1090 1018 1147 1045 eel-

356 1059 510 1095 lapsurum,
533 1061 609 1089 dubii
631 1069 665 1089 an
690 1063 769 1097 aquis
790 1063 963 1095 immersam,
979 1064 1022 1091 vel
1037 1064 1146 1099 ignibus

352 1106 553 1143 conﬂagratum
571 1117 577 1134 :
591 1112 620 1135 ut
644 1108 798 1136 doctrinam
824 1114 977 1142 servarent,
993 1113 1020 1138 et
1036 1110 1163 1145 utrique.

354 1152 528 1180 incommodo
553 1153 731 1182 subvenirent
755 1158 903 1182 exstruunt
929 1155 980 1183 has
1004 1155 1073 1183 duas
1098 1164 1146 1184 co-

351 1199 471 1231 lumnas.
493 1201 607 1228 alteram
629 1209 661 1228 ex
683 1209 748 1233 :ere,
768 1202 810 1230 vel
830 1206 860 1229 ut
880 1202 969 1236 placet
986 1207 1082 1230 nostro
1095 1210 1145 1230 au-

350 1245 432 1276 ctori,
461 1245 650 1282 digniorisque
676 1250 748 1274 notae
773 1247 968 1282 scriptoribus,
992 1255 1026 1275 ex
1042 1248 1141 1282 lapide,

350 1291 464 1319 alteram
479 1299 513 1319 ex
528 1292 674 1320 coctilibus
690 1293 841 1321 laterculis.
867 1292 914 1321 Sic
936 1293 1009 1321 enim
1029 1301 1082 1322 aere
1102 1295 1143 1322 vel

349 1336 441 1373 lapide
456 1339 546 1373 aquis.
568 1338 709 1367 laterculis
725 1339 780 1374 igni
797 1339 968 1372 resisterent,
990 1344 1016 1367 et
1038 1340 1078 1367 sic
1093 1340 1143 1367 do-

349 1383 467 1410 ctrinam
487 1383 651 1411 mandarent
672 1385 706 1412 ad
729 1390 866 1420 posteros.
888 1385 959 1419 Quid
984 1385 1068 1421 igitur
1088 1386 1142 1414 illis

348 1428 499 1468 profuisset
525 1430 549 1457 si
573 1430 681 1457 diversa
701 1430 900 1466 scripsissent?
917 1431 1060 1465 Quomodo
1080 1433 1142 1468 igne

350 1464 426 1500 illato
441 1481 502 1509 quae
518 1478 598 1501 erant
625 1475 652 1501 in
674 1464 782 1510 lapide,
807 1476 887 1511 aquis
911 1464 1006 1505 effusis
1031 1464 1104 1513 qua;
1114 1478 1142 1506 in

348 1519 490 1547 laterculis
509 1521 741 1548 conservassem?
760 1520 835 1548 Dicet
853 1521 970 1551 fortasse
987 1523 1141 1551 Genehrar-

347 1564 411 1598 dus,
428 1564 492 1593 illos
502 1573 557 1592 non
571 1565 681 1598 dubios,
696 1567 743 1594 sed
758 1571 849 1595 certos
860 1567 894 1595 de
905 1568 987 1596 modo
997 1572 1024 1597 et
1035 1569 1140 1598 ratione
1152 1579 1177 1610 ε

347 1612 594 1639 consummationis
612 1612 706 1639 mundi
722 1613 864 1642 columnas
877 1614 1009 1642 erexisse.
1024 1614 1140 1644 Frustra

348 1656 432 1691 igitur
448 1657 557 1686 diversa
580 1658 627 1685 illa
649 1658 842 1686 columnarum
863 1661 1007 1691 materies:
1030 1665 1058 1690 et
1074 1670 1139 1695 una,

347 1709 408 1737 quae
419 1702 517 1730 mundi
525 1704 633 1731 excidio
649 1704 795 1732 incolumis
807 1709 900 1740 posset
908 1714 1064 1742 superesse,
1073 1709 1140 1737 satis

347 1746 464 1781 fuisset;
482 1748 539 1780 sed,
550 1749 614 1784 quia
635 1749 731 1776 incerti
751 1752 893 1778 materiam
909 1752 980 1780 hanc
995 1754 1038 1780 vel
1059 1754 1140 1781 aliam

347 1793 455 1822 incerto
469 1795 562 1827 modo,
583 1799 609 1823 et
623 1796 724 1824 rationi
741 1799 841 1825 excidii
859 1804 1060 1834 praepararunt.
1083 1799 1141 1827 Pli-

346 1839 422 1871 nius,
439 1839 488 1868 lib.
504 1848 552 1872 vn,
569 1848 631 1876 cap.
647 1841 691 1874 56,
709 1850 742 1870 ex
761 1843 881 1879 Epigene
897 1844 987 1873 dehis
1004 1845 1140 1873 columnis

346 1885 406 1914 hac
434 1886 516 1915 habet
533 1894 540 1912 :
557 1887 581 1914 E
609 1888 712 1916 direrso
740 1889 865 1924 Epigenes
888 1890 959 1925 apud
978 1891 1139 1926 Babylonios

346 1939 434 1961 cccxx
467 1941 599 1961 annorum
632 1935 826 1962 observationes
857 1935 974 1963 siderum
1001 1937 1139 1964 coctilibus

346 1978 484 2006 laterculis
502 1980 645 2014 inscriptas
667 1980 752 2013 docet,
768 1982 858 2016 grav-is
873 1987 967 2008 auctor
980 1982 1007 2008 in
1024 1982 1117 2016 primis
1129 1990 1139 2009 :

345 2025 391 2060 qui
411 2025 550 2052 minimum
566 2025 691 2057 Berosus.
708 2031 732 2053 et
752 2026 917 2054 Critodemus
937 2034 1075 2055 ccccuxx
1090 2036 1139 2055 un-

345 2079 452 2099 norum.
469 2070 512 2098 Ez
526 2079 577 2107 quo
589 2077 697 2107 apparet
711 2078 824 2100 (cternus
838 2073 988 2101 litterarum
1003 2083 1077 2102 usus.

380 2117 441 2145 Col.
457 2118 518 2149 752,
536 2119 585 2146 lin.
608 2119 650 2146 Η.
679 2119 837 2154 Ἐγέννησε
862 2119 897 2146 δὲ
922 2122 939 2147 ό
960 2120 1044 2147 Κάϊν.
1062 2119 1138 2148 llanc

345 2162 424 2192 Cuini
441 2165 565 2193 sobolem
582 2166 660 2193 multi
676 2166 751 2200 parvi
765 2166 912 2199 duxerunt,
931 2175 993 2194 cum
1009 2167 1037 2194 in
1053 2174 1139 2202 aqua-

345 2217 408 2237 rum
423 2210 603 2238 inundatione
619 2212 726 2247 penitus
744 2212 888 2247 absumpta
905 2212 951 2244 sit,
976 2212 1092 2247 ideoque
1108 2213 1136 2240 iu

343 2263 377 2282 ea
389 2263 444 2284 non
458 2257 626 2284 conveniunt
639 2263 782 2291 auctores;
795 2259 821 2285 in
832 2266 864 2286 ea
877 2263 968 2286 tamen
981 2258 1135 2286 enarranda
1150 2263 1175 2293 Ῑ)

345 2307 443 2330 noster
460 2302 621 2331 Eustathius
630 2309 741 2332 secutus
758 2308 801 2332 est
814 2304 924 2332 divinas
939 2304 1136 2340 Litteras,quze

1161 909 1183 937 B

345 2356 401 2376 non
420 2349 473 2375 alia
489 2349 607 2380 ratione,
626 2349 677 2376 nisi
694 2357 778 2384 parva
793 2350 934 2378 nominum
950 2350 1073 2377 formula;
1085 2351 1137 2377 im-

343 2395 497 2422 mutatione
512 2399 727 2430 prosequuntur.

382 2441 462 2473 lbid.,
482 2441 530 2468 lin.
546 2441 589 2469 l5.
607 2442 662 2470 Kal
679 2440 768 2475 οὗτος
784 2442 837 2469 τὸν
851 2442 962 2477 Λάμεχ.
982 2441 1134 2470 Genebrar-

344 2485 397 2514 dus
412 2487 451 2514 ait
467 2494 516 2514 eos
536 2493 641 2519 errare,
669 2487 716 2522 qui
733 2487 852 2515 Lamecli
871 2488 954 2515 ﬁlium
977 2487 1136 2516 Mathusala:

343 2531 484 2567 accipiunt
498 2539 506 2562 ς
522 2532 657 2559 rationem
675 2535 767 2560 tamen
791 2540 877 2566 quare
900 2533 927 2560 id
944 2532 1018 2560 dicat
1031 2534 1134 2561 nullam

343 2577 467 2605 adducit.
488 2576 589 2604 Errant
609 2585 675 2613 ergo
697 2579 808 2606 maximi
829 2579 931 2614 quique
947 2578 1054 2612 Patres,
1072 2587 1134 2607 cum

338 2625 373 2653 iis
394 2622 566 2654 Eustathius,
576 2621 743 2657 Theophilus
759 2622 794 2650 ad
810 2623 968 2658 Autulycum
984 2624 1031 2652 lib.
1042 2633 1060 2651 ιι
1071 2633 1077 2650 z
1090 2624 1136 2660 Τῷ

335 2670 364 2700 δὲ
389 2667 475 2703 Ἑνὼχ
493 2667 626 2704 ἐγεννήθη
644 2669 701 2700 ιξὺς
720 2669 833 2704 ὀνόματι
849 2670 994 2702 Γαῖδᾶς,ὖς
1006 2671 1135 2708 ἐγέννησε

336 2714 384 2741 τὸν
403 2713 571 2748 καλούμενον
584 2713 671 2749 Μεὴλ,
688 2715 734 2740 καὶ
751 2714 828 2750 Μεὴλ
839 2715 884 2742 τὸν
900 2715 1075 2749 Μαθουσάλα,
1089 2717 1136 2744 καὶ

337 2760 506 2788 Μαθοοδσάλα
527 2760 573 2787 τὸν
596 2760 700 2796 Λάμεχ.
727 2761 755 2788 '0
779 2761 807 2788 δὲ
831 2762 926 2797 Λάμεχ
949 2762 1045 2789 ἔλασεν
1060 2763 1135 2799 αὐτῷ

336 2804 385 2833 δύο
401 2808 543 2840 γυναῖκας.
562 2807 671 2834 Erravit
687 2807 870 2843 Augustinus,
886 2808 935 2837 lih.
959 2818 993 2836 xv
1013 2809 1051 2837 De
1070 2811 1136 2838 civil

338 2855 393 2879 tute
410 2851 469 2884 Dei,
487 2860 548 2888 cap.
559 2853 595 2881 20
611 2861 617 2879 :
638 2852 739 2881 Horum
756 2862 847 2890 regum
861 2855 963 2890 primu:
978 2865 1035 2884 ene
1049 2857 1136 2892 potuit

340 2904 397 2930 ipse
412 2896 479 2926 Cain
497 2906 506 2925 :
524 2899 653 2926 secundus
665 2900 737 2932 ﬁ’t'ue
752 2901 809 2934 eius
827 2892 928 2934 Enoclt,
945 2902 972 2930 in
990 2903 1067 2936 cujus
1085 2911 1134 2931 no-

1038 173 1162 203 LEONfS
1177 174 1314 204 ALLA'I'II

1201 237 1270 263 mine
1291 237 1337 263 ubi
1360 242 1524 273 regnaretur.
1547 240 1656 267 condita
1684 245 1723 268 est
1751 241 1856 270 eioitaa.
1885 242 1993 272 Tertiue

1203 281 1317 314 Gaidad,
1336 291 1411 316 quem
1423 285 1513 319 genuit
1529 283 1642 313 Ειιιιειιῖ⁸
1660 291 1771 323 quartus
1786 287 1898 321 Haniel,
1915 297 1992 324 quem

1201 328 1290 362 genuit
1314 327 1446 357 Gaidnd:
1473 330 1582 365 quintus
1607 330 1770 366 lathueaet,
1799 341 1873 368 quem
1901 334 1993 368 genuit

1201 373 1302 401 Manis!
1313 383 1321 401 :
1334 380 1423 402 sextus
1441 374 1565 408 Lameclt,
1581 385 1656 412 quem
1671 378 1760 412 genuit
1774 377 1935 409 Mathusul,
1946 379 1994 414 qui

1200 420 1325 454 septimus
1338 426 1377 448 est
1393 421 1425 448 ab
1438 422 1526 454 Adam
1541 430 1587 458 per
1601 422 1680 452 Cain.
1692 423 1902 452 Generationem
1917 424 1992 452 hanc

1199 465 1309 501 vulgata
1332 465 1417 493 editio
1440 467 1492 494 etsi
1512 471 1618 495 mutato
1640 469 1751 496 nomine
1777 469 1859 498 habet
1882 477 1991 505 capulv

1201 510 1312 539 Cenem:
1327 511 1411 539 Porro
1427 513 1479 548 ipsi
1496 512 1602 541 Henocli
1617 519 1697 542 natu:
1708 519 1747 541 est
1765 514 1843 547 Irad,
1858 514 1924 542 lrud
1940 523 1991 542 uu-

1197 561 1250 583 tent
1261 557 1351 592 genuit
1362 555 1501 589 Meliuiael,
1509 557 1640 585 Hehviuel
1653 560 1742 594 genuit
1753 558 1916 594 llutltuenel,
1927 559 1990 588 lu-

1199 602 1302 630 thusael
1323 611 1382 630 vero
1402 605 1491 640 genuit
1514 603 1643 637 Lameclt;
1657 610 1683 632 At
1698 604 1813 633 Lumeclt
1828 605 1917 639 duit.
1932 610 1987 634 etc.

1199 648 1376 685 Septuaginta
1399 650 1493 685 legunt
1515 650 1692 678 Μαθουσάλα.
1713 651 1892 680 Levissimam
1916 652 1989 680 hanc

1197 696 1376 731 exscriptoris
1386 696 1490 732 πλάνην
1499 697 1605 732 agnovit
1612 696 1715 724 Catena
1725 696 1819 725 Gmca
1831 698 1858 725 in
1873 697 1967 726 Genu.
1976 706 1988 725 :

1197 742 1277 778 Παρὰ
1296 744 1352 774 τοῖς
1381 742 1581 778 Ἐσδομήκοντα
1601 742 1764 770 Μαθουσάλα
1781 745 1880 771 κεῖται.
1901 744 1989 771 Τοῦτο

1196 788 1225 815 δὲ
1244 787 1330 823 πλάνη
1353 788 1474 823 γραφική
1494 787 1577 814 ἐστιν.
1599 787 1629 814 '0
1647 787 1702 823 γὰρ
1715 787 1880 815 Maeandri):
1891 789 1925 815 ἐκ
1936 789 1988 821 τῆς

1198 833 1368 868 συνεστώσης
1389 833 1486 867 γενεᾶς
1507 834 1565 859 ἐστι
1588 832 1635 860 τοῦ
1659 833 1724 868 Σήθ.
1751 833 1782 860 '0
1797 833 1854 870 τὰρ
1869 833 1987 861 ἀπὸτοῦ

1196 879 1268 906 Κάῐν
1287 878 1452 906 Μαθουσάλα
1473 879 1607 912 καλεῖται,
1630 879 1669 912 ὡς
1685 879 1828 915 ὲξώριπαι
1845 879 1916 916 μετὰ
1930 879 1988 907 τῶν

1197 925 1307 952 λοιπῶν.
1819 928 1823 929 ⁷

1232 969 1298 997 lhid.
1310 969 1365 997 Kal
1375 970 1391 996 ὁ
1403 969 1504 1004 Λάμεχ
1520 968 1754 1005 δύατιιεοριιίιυε
1768 970 1803 998 ad
1814 971 1985 1006 Autolycum,

1196 1015 1243 1043 lib.
1260 1023 1280 1043 ll
1299 1025 1305 1042 ε
1321 1015 1350 1042 ’0
1364 1015 1392 1042 δὲ
1407 1015 1504 1052 Λάμεχ
1515 1015 1610 1043 ελαῦεν
1623 1016 1713 1052 ἑαυτῷ
1725 1016 1772 1043 δύο
1783 1018 1925 1051 γυναῖκας,
1938 1015 1988 1050 αἶς

1195 1061 1313 1097 ὀνόματα
1335 1061 1398 1088 ’Δδᾶ
1416 1062 1463 1088 καὶ
1484 1061 1564 1089 Σελᾶ.
1580 1062 1693 1089 Ἔκτπε
1718 1062 1790 1099 ἀρχὴ
1808 1063 1917 1097 ἐγένετο
1935 1063 1988 1099 τῆς

1195 1106 1366 1142 πολυμιξίας,
1381 1106 1450 1134 ἀλλὰ
1463 1108 1512 1134 καὶ
1525 1107 1576 1143 τῆς
1597 1108 1740 1144 μουσικῆς.
1756 1108 1900 1144 Nugantur
1920 1109 1985 1136 rab-

1194 1153 1262 1185 bini,
1275 1153 1321 1188 qui
1342 1153 1439 1180 volunt
1450 1153 1529 1189 prius
1538 1154 1572 1181 ab
1583 1161 1618 1181 eo
1634 1154 1709 1181 viros
1724 1158 1847 1186 necatos,
1862 1158 1925 1190 post
1936 1154 1989 1182 ad-
2006 1193 2012 1196 .

1193 1199 1292 1227 ductas
1314 1207 1423 1227 unores.
1439 1198 1547 1227 Primus
1565 1199 1679 1226 Lamech
1701 1203 1763 1227 ante
1783 1199 1913 1227 diluvium
1927 1201 1986 1230 fore

1191 1249 1218 1272 et
1231 1245 1342 1272 ultimus
1360 1245 1540 1280 polygamium
1570 1253 1663 1278 ausus,
1679 1250 1704 1273 et
1727 1253 1807 1272 unum
1830 1254 1937 1274 carnem
1956 1246 1987 1274 ia

1192 1289 1260 1317 duas
1275 1298 1370 1317 uxores
1385 1289 1486 1323 divisit,
1507 1290 1544 1317 ait
1564 1289 1675 1328 Hieron.
1701 1290 1750 1318 lib.
1767 1299 1776 1318 ι
1791 1290 1892 1318 Contra
1907 1290 1986 1320 1ονῦ-

1191 1336 1301 1363 nianum
1313 1344 1324 1368 ;
1354 1340 1381 1364 et
1397 1335 1524 1368 Tertull.,
1542 1336 1588 1363 lib.
1613 1335 1652 1363 De
1661 1335 1764 1364 eshort.
1777 1342 1857 1369 cash,
1871 1344 1934 1372 cap.
1945 1337 1963 1366 5
1974 1345 1984 1363 :

1192 1380 1299 1408 Primus
1318 1386 1369 1408 tres
1389 1381 1417 1408 in
1433 1389 1514 1408 unam
1529 1389 1634 1409 carnem
1645 1381 1739 1416 e/Tecit.
1753 1381 1880 1409 Peccavit
1891 1382 1987 1417 itaque

1191 1426 1321 1460 Lamech,
1333 1434 1389 1454 non
1405 1427 1469 1462 quia
1479 1427 1573 1462 plures
1592 1434 1694 1455 uxores
1713 1427 1818 1459 habuit,
1844 1427 1893 1455 sed
1918 1428 1986 1463 quia

1190 1473 1283 1509 plures
1298 1481 1352 1501 uno
1365 1477 1495 1507 tempore.
1507 1471 1578 1508 Lege
1600 1472 1694 1505 Delrii,
1709 1480 1770 1508 cap.
1783 1481 1809 1500 iv
1823 1472 1901 1506 Gem,
1912 1473 1987 1509 opti-

1191 1527 1262 1546 mam
1279 1519 1547 1546 animadversionem
1571 1518 1601 1545 in
1626 1526 1748 1546 errorem
1768 1518 1930 1546 Tertulliani
1945 1518 1986 1548 De

1192 1565 1374 1600 manogamia.
1383 1564 1576 1593 Genebrardus
1585 1565 1669 1592 refert
1681 1572 1713 1592 ex
1725 1564 1984 1597 rabbinis,Lameeh

1193 1611 1346 1639 venationis
1357 1611 1514 1647 exemplum
1524 1611 1643 1647 posteris
1652 1611 1808 1647 reliquisse,
1819 1619 1895 1639 arma
1907 1612 1986 1640 inve-

1191 1658 1275 1691 nisse,
1290 1661 1317 1686 et
1333 1658 1496 1691 fabricasse,
1511 1658 1613 1694 quibus
1628 1658 1718 1686 caedes
1733 1657 1840 1686 ﬁerent.
1856 1657 1983 1694 Ioseph,

1191 1704 1238 1732 lib.
1258 1712 1266 1732 ι
1281 1704 1385 1740 Antiq.,
1409 1711 1469 1739 cap.
1482 1704 1510 1736 5,
1525 1704 1621 1732 scribit
1639 1704 1714 1731 hunc
1731 1711 1873 1732 sacrarum
1889 1711 1984 1732 rerum

1190 1751 1307 1785 peritum
1326 1758 1355 1778 se
1380 1751 1512 1778 luiturum
1538 1758 1635 1786 ptenas
1665 1750 1826 1786 praedixisse
1854 1750 1984 1778 fraterne

1190 1797 1272 1824 caedis
1295 1804 1310 1823 a
1327 1796 1416 1824 Caino
1440 1796 1529 1830 factae,
1553 1796 1629 1824 haud
1653 1796 1736 1824 dubie
1756 1795 1873 1824 diluvio.
1897 1796 1982 1828 idem,

1191 1838 1394 1870 Genebrardus.

1226 1887 1308 1920 lbid.,
1317 1887 1365 1914 lin.
1377 1887 1420 1914 t5.
1434 1887 1485 1914 Ἐκ
1492 1885 1551 1922 μὲν
1564 1886 1619 1922 τῆς
1630 1885 1731 1913 Ἀδάν.
1743 1883 1802 1912 Non
1816 1884 1876 1920 ipse
1886 1887 1983 1920 pasto-

1190 1934 1260 1961 ritize
1276 1934 1342 1961 artis
1356 1933 1499 1961 institutor
1521 1932 1566 1961 vel
1588 1935 1685 1959 auctor
1701 1941 1708 1959 :
1727 1930 1776 1959 sed
1804 1937 1872 1958 nece
1888 1929 1982 1958 Abelis

1190 1981 1411 2013 intermortuam,
1421 1984 1449 2006 et
1462 1978 1541 2015 quasi
1557 1978 1673 2014 sopitam
1687 1984 1738 2006 suo
1754 1976 1846 2004 studio
1857 1976 1982 2012 ingenio-

1189 2035 1243 2062 que
1257 2027 1388 2058 restituit,
1401 2029 1429 2053 et
1442 2025 1502 2060 ipse
1513 2032 1622 2061 gregem
1636 2024 1719 2059 pavit.
1727 2022 1979 2051 Tabernaeuloru

1190 2073 1254 2100 item
1266 2080 1346 2100 usum
1360 2071 1471 2106 adjecit.
1483 2069 1652 2107 Theophilus
1661 2069 1695 2097 ad
1706 2064 1865 2102 Auto’l.,lib.
1878 2076 1899 2097 ιι
1907 2078 1915 2097 :
1924 2067 1982 2096 ιιι

1189 2120 1204 2146 ὁ
1223 2119 1272 2154 μὲν
1280 2118 1362 2154 Ἀϐὴλ
1376 2118 1488 2152 ἐγένετο
1503 2115 1573 2153 ἀνὴρ
1589 2117 1618 2143 tv
1637 2117 1724 2152 σκηνῇ
1741 2112 1957 2152 κτηνοτρόφων.’

1224 2165 1305 2197 lbid.,
1321 2165 1370 2191 lin.
1387 2164 1432 2191 18.
1447 2163 1502 2191 Καὶ
1517 2163 1571 2190 τὸν
1584 2162 1711 2191 Ἰουσάλ.
1735 2161 1863 2191 Psalterii
1887 2165 1915 2190 et
1937 2161 1978 2189 ci-

1190 2211 1272 2239 tharae
1286 2218 1366 2238 usum
1382 2211 1520 2238 invenisse
1530 2208 1640 2237 tradunt
1650 2212 1746 2244 praeter
1753 2216 1847 2237 sacras
1861 2208 1978 2236 Littera

1187 2255 1512 2292 Joscphus,Theopliiluu
1527 2254 1638 2282 d.loco:
1655 2253 1758 2281 Ἰουσάλ
1772 2254 1800 2281 δέ
1811 2254 1910 2280 ὲστινό
1927 2261 1979 2280 ια-

1189 2303 1314 2336 ταδεὶξας
1328 2302 1481 2338 ψαλτήριον
1495 2301 1544 2328 καὶ
1560 2300 1687 2337 κιθάραν.
1696 2299 1734 2328 De
1745 2300 1790 2328 his
1805 2299 1977 2328 Methodici:

1188 2350 1233 2386 Τῷ
1254 2348 1452 2386 τριακοσιοστῷ
1465 2347 1673 2384 τεσσαρακοστῷ
1682 2347 1733 2384 τῆς
1751 2347 1881 2383 δευτέρας
1895 2347 1980 2383 χιλιά-

1187 2397 1230 2427 δος
1247 2395 1302 2422 ἔτει
1316 2394 1503 2430 ἐπανέστησαν
1515 2393 1674 2429 κακότεχνοι
1689 2390 1796 2429 ἄνδρες,
1808 2393 1923 2429 πονηροὶ
1929 2392 1978 2420 καὶ

1186 2442 1351 2478 παράνομοι,
1370 2441 1483 2477 πλήρεις
1498 2439 1613 2476 ἀνομίας
1637 2440 1670 2467 ὲκ
1683 2439 1737 2466 τῶν
1750 2439 1818 2466 υἱῶν
1831 2438 1879 2465 τοῦ
1894 2439 1976 2470 Κάῐν,

1193 2487 1297 2523 Ἰουὸὴλ
1308 2488 1354 2514 καὶ
1370 2485 1513 2522 Θουκιδὴλ.
1528 2485 1611 2512 τέκνα
1624 2484 1671 2512 τοῦ
1690 2485 1786 2521 Λάμεχ
1806 2484 1854 2511 τοῦ
1864 2483 1979 2519 suum.

1186 2533 1233 2560 τοῦ
1247 2532 1456 2563 ἀποκτείναντος
1473 2532 1518 2558 τὸν
1532 2531 1612 2563 Κὰἴν,
1623 2527 1661 2558 ὦν
1677 2532 1723 2559 καὶ
1735 2530 1882 2567 κυριεύσας
1894 2530 1909 2556 ὁ
1920 2529 1978 2557 διὰ-

1187 2579 1264 2611 6ολος
1278 2578 1454 2615 ὲτροπώσατο
1466 2578 1564 2610 αὐτοὺς
1579 2577 1651 2606 ἅπαν
1666 2576 1738 2609 εῐδος
1751 2577 1881 2613 μουσικὸν
1894 2584 1978 2604 κατοι-

1188 2625 1334 2657 σκευάσας.
1356 2624 1461 2652 ﬂorum
1477 2631 1558 2651 usum
1577 2623 1649 2651 sicut
1666 2627 1694 2652 et
1707 2623 1824 2651 aliorum
1852 2622 1978 2651 nationes

1186 2671 1355 2699 recentiores
1368 2670 1437 2702 suis,
1449 2669 1492 2697 vel
1506 2669 1568 2696 aliis
1579 2669 1630 2697 sibi
1641 2669 1767 2705 cognatis
1777 2667 1976 2704 ascripserunt.

1186 2716 1239 2744 Alii
1252 2717 1326 2744 enim
1340 2714 1499 2750 Amphioni.
1513 2715 1559 2742 alii
1579 2714 1698 2750 Orpheo,
1714 2715 1825 2750 quidam
1844 2714 1978 2750 Apollini,

1186 2767 1214 2792 et
1226 2763 1276 2791 alii
1287 2763 1349 2790 aliis
1375 2760 1559 2790 inventionem
1575 2761 1647 2789 hanc
1671 2764 1815 2796 acceptam
1841 2760 1976 2789 reterns.

1185 2809 1355 2845 Theophilus
1383 2808 1504 2836 ibidem:
1520 2807 1600 2835 Ἀλλὰ
1625 2808 1679 2843 μὴν
1701 2807 1748 2848 καὶ
1771 2806 1807 2834 τὰ
1835 2807 1901 2844 περὶ
1925 2806 1978 2842 τῆς

1187 2856 1321 2893 μουσικῆς
1337 2855 1512 2890 ὲφλυάρησάν
1532 2863 1605 2886 τινες
1620 2853 1735 2891 εὑρετὴν
1758 2853 1912 2881 ’Διώλλυνα
1929 2860 1979 2887 τι·

1185 2901 1316 2941 χινῆσθαι
1326 2910 1333 2917 '
1349 2901 1425 2930 ἄλλοι
1436 2901 1465 2929 δὲ
1477 2900 1578 2935 ὀρφὲα
1591 2899 1645 2928 ἀπὸ
1654 2900 1705 2935 τῆς
1720 2899 1899 2935 windple
1911 2899 1980 2934 ἠδυ-

1893 3075 1912 3080 .,
1941 3072 1976 3080 ν.
2035 3053 2099 3101 ,ἦ
