2143 3163
732 193 766 221 IN
786 193 974 222 EUS’I‘A'I'llll
990 193 1232 224 ΗΕΧΑΕΜΕΠΟΝ
1249 195 1364 225 ΝΟΤΕ.

221 248 325 284 φοινίας
343 249 422 284 quas“
438 249 613 286 ιξιιιρηιέναι
630 251 680 288 τὴν
707 253 848 288 μουσικήν.
871 253 956 286 xm;
975 253 1004 280 δὲ
1019 257 1042 285 Α
1055 253 1102 281 τοῦ
1116 254 1169 289 Σὴθ
1187 254 1286 281 δίκαιοι
1304 254 1456 289 γεγόνασιν,
1471 254 1531 281 ὅθεν
1545 255 1561 288 ἡ
1577 254 1672 290 Γραςμὴ
1687 255 1769 290 ἑαυτῇ
1776 255 1841 282 ἀχο-

220 294 268 338 ξιὶ
282 295 420 330 μάταικό
436 295 514 331 Wo:
523 296 614 324 αυτῶν
626 297 772 325 δείκνυται.
787 299 865 326 Μετὰ
875 300 929 335 γὰρ
944 299 1007 326 πολ-

221 339 256 368 λὰ
265 340 313 378 Ian
331 341 378 368 τοῦ
394 341 587 378 κατακλυσμοῦ
601 339 673 371 οὗτοι
688 344 822 378 ιγινοντο.
831 344 912 372 Plura
922 345 955 373 de
964 347 1006 375 lill

223 385 376 423 Polydorus
386 385 518 423 Virgilius
529 386 568 415 De
585 387 683 417 iacent.
704 397 802 417 rerum.
816 389 947 418 Dicuntur
958 398 1007 418 au-

221 435 317 461 tem-et
339 433 368 460 bi
383 440 464 461 suum
479 434 600 462 musices
616 435 758 464 inventum
777 436 1005 471 quemadmodum

220 482 249 506 et
264 478 313 507 lilii
328 478 404 506 Sethl
414 487 458 512 ea,
471 487 533 515 qua:
548 479 582 509 de
596 480 716 510 siderum
738 483 858 510 motibus
885 487 912 511 et
922 483 1006 512 disci-

221 525 295 560 plina
312 529 481 560 repererant,
495 525 523 554 in
540 526 678 555 columnis
693 529 817 556 catlasse.

253 568 314 598 Col.
321 568 386 601 752.
396 568 445 597 lin.
456 569 500 598 Π.
509 571 562 599 Ἐκ
574 570 670 606 “sic
676 572 785 608 Σελάμ.
795 573 947 609 8οιιΙριιιηιτ
955 573 1005 602 fuit

219 620 326 647 auctor.
342 614 466 644 fabrilem
481 620 567 645 artem
585 617 699 650 invenit,
711 619 819 646 metalla
831 619 936 651 elodit,
955 627 1003 648 eo-

218 668 281 689 rum
302 669 382 689 usum
404 663 522 697 aperuit.
541 662 710 698 Theophilus
735 664 836 702 ﬁdem
853 674 860 692 :
875 665 960 692 Θόδελ
975 666 1004 693 δὲ

219 706 328 741 trivere
352 709 532 744 σφυρσκόπος.
553 709 670 744 χαλιιὺς
695 709 796 745 χαλκοῦ
818 712 864 738 καὶ
883 711 1003 748 σιδήρου.

219 751 308 787 Hujus
329 754 399 781 artis
424 754 498 782 nacti
521 755 693 783 occasionem
717 757 851 789 homines,
870 762 899 785 ut
921 757 1004 787 'Pbilo

217 802 247 827 et
263 798 398 835 Iosephus
412 799 595 832 tradiderunt,
614 802 705 837 primo
719 802 886 838 sculptiiium
899 809 926 832 et
946 804 1005 832 ido-

219 846 308 874 lorum
325 846 489 883 imaginibus
503 847 653 876 aderandis
667 856 698 876 se
716 848 860 877 dederunt.
878 849 1004 879 Secundo

219 890 335 924 ferrum,
350 896 378 919 et
386 900 424 920 res
440 892 508 920 rude
523 893 551 920 in
563 893 626 920 belli
640 893 820 922 instrumenta
841 897 1002 929 exacuendi,

219 941 248 965 et
263 936 453 965 conformandi
476 943 603 967 auctores
621 939 697 967 fuere
710 948 718 972 ;
732 946 877 976 utrumque
900 947 1004 969 natum

219 983 344 1011 humana
356 983 628 1018 perniciosissimum.

254 1028 334 1061 Ibid,
351 1029 399 1057 lin.
416 1029 461 1057 19.
484 1029 516 1056 '0
532 1028 567 1056 δὲ
586 1029 678 1064 Ἀδὰμ
692 1029 796 1065 ζήσας.
809 1031 899 1060 Editio
911 1032 1004 1061 Greca

219 1072 399 1108 Septuaginta
419 1074 602 1110 lnterpretum
623 1074 652 1102 in
676 1078 870 1105 enumerandis
894 1078 1005 1106 humani

218 1119 326 1153 generis
342 1123 485 1147 auctorum
509 1120 590 1148 annis
608 1128 671 1148 cum
695 1120 1004 1151 Hebraica'Judaorum

219 1171 273 1191 non
285 1162 426 1199 eonv‘enit;
438 1173 533 1193 eorum
541 1165 720 1194 dill‘erentlam
735 1167 827 1202 plures
839 1172 1003 1198 tractarunt.

219 1209 288 1238 Vide
313 1211 385 1246 apud
405 1210 513 1239 Sixtum
539 1212 701 1245 Senensem,
717 1213 857 1241 Pererium
882 1219 909 1242 et
925 1215 1004 1244 alios.

219 1254 307 1282 ιιι·ιοί
323 1259 432 1284 centum
456 1263 545 1285 annos
562 1258 624 1293 plus
639 1258 763 1286 tribuunt
778 1267 859 1294 quam
887 1259 1004 1293 Hebraei,

221 1306 317 1336 prater
331 1301 459 1330 Lamecbi
474 1309 572 1336 annos,
591 1304 637 1330 ubi
662 1311 708 1332 sex
726 1305 805 1331 annis
832 1309 938 1333 tantum
964 1307 1006 1333 di-

219 1351 308 1381 stant,
322 1353 349 1376 et
363 1347 472 1383 Noethi,
485 1349 512 1376 in
531 1350 633 1385 quibus
649 1350 869 1386 quingentesimo
883 1357 910 1380 et
927 1361 1006 1380 sexa-

219 1395 327 1429 gesimo
353 1395 464 1422 omnino
484 1395 663 1423 conveniunt.
689 1396 727 1424 De
747 1397 886 1433 sepultura
909 1399 1006 1427 Adami

218 1445 350 1468 constans
373 1446 416 1469 est
432 1440 605 1469 Hebraeorum
630 1443 754 1474 traditio,
771 1444 905 1472 Adamum
931 1454 1005 1474 mor-

219 1491 297 1514 tuum
319 1491 345 1514 et
369 1488 505 1522 sepultum
527 1488 558 1515 in
585 1491 659 1516 terra
693 1488 774 1517 Israel
804 1498 888 1526 prope
911 1499 1005 1527 agrum

219 1531 482 1565 Damaseeaum,ibi
507 1534 582 1561 enim
611 1533 700 1561 fuerat
729 1541 898 1571 procreatus,
917 1538 953 1565 ibi
978 1542 1006 1566 et

1056 299 1187 327 λουθοῦσα
1201 299 1270 335 μετὰ
1279 299 1366 326 ταῦτά
1378 308 1468 335 φησιν·
1487 309 1496 325 ι
1511 299 1586 326 Εἶδον
1600 301 1625 326 oi
1644 301 1698 326 υἱοὶ
1708 299 1755 327 τοῦ
1773 299 1841 327 Θεοῦ

1054 345 1105 377 τὰς
1119 345 1271 381 θυγατέρας
1285 345 1339 372 τῶν
1353 344 1513 380 ἀνθρώπων,
1523 355 1532 372 ι
1551 346 1689 372 τουτέστιν
1700 345 1839 377 αλδιιιαιοι.

1056 391 1094 418 οὐ
1112 391 1166 427 γὰρ
1178 389 1212 426 ἦν
1224 390 1350 427 ἐπιμιξία
1363 391 1418 418 τῶν
1434 391 1498 417 υἱῶν
1513 391 1566 427 Σὴο
1581 391 1649 427 πρὸς
1665 391 1780 427 statim
1794 391 1842 419 διυῦ

1056 437 1136 465 Κὰἴν.

1090 481 1170 515 lbid.,
1185 482 1233 509 lin.
1249 481 1294 510 27.
1311 481 1366 510 Τοῦ
1382 481 1417 509 δὲ
1429 481 1523 516 ἰἁρεδ
1545 483 1619 516 υιός.
1634 482 1767 516 Zonaras,
1786 483 1842 510 Αιιο

1055 527 1111 555 nol.
1129 532 1194 555 tom.
1211 526 1220 554 Ι
1236 537 1244 555 :
1258 527 1430 563 Εὐηρέστησε
1449 527 1478 554 δὲ
1499 527 1583 563 Ἑνὼχ
1603 527 1644 563 τῷ
1662 528 1767 564 Κυρίῳ,
1793 528 1841 554 καὶ

1057 573 1198 610 μετετέθη,
1216 573 1262 601 καὶ
1278 574 1328 609 οὐχ
1347 573 1489 610 εὑρίσκετο
1502 574 1569 600 ἑτῶν
1589 573 1709 608 γεγονὼς
1731 581 1842 609 τριακο-

1056 618 1121 645 σίων
1136 619 1265 654 ἑξήκοντα
1279 618 1326 645 καὶ
1341 618 1432 645 πέντε.
1447 616 1568 645 Primum
1591 618 1635 645 hic
1648 617 1842 646 advertendum

1055 663 1250 699 Hieronymum
1270 664 1352 691 veluti
1371 663 1501 691 memoria
1528 663 1634 698 lapsum
1656 663 1746 691 notari
1759 671 1775 691 a
1791 661 1843 691 Pe.

1055 711 1128 738 rerio
1147 711 1173 737 in
1187 708 1291 742 Cenem,
1310 710 1358 737 lib.
1374 717 1412 737 vn
1426 709 1465 744 (id
1484 709 1568 744 quod,
1594 713 1624 736 ut
1645 709 1702 746 ipse
1722 709 1770 741 ait,
1784 716 1843 736 ma-

1054 757 1116 792 gnis
1128 756 1206 788 viris,
1221 756 1265 783 vel
1287 756 1371 783 nimia
1395 755 1534 783 memoria
1549 754 1658 787 ﬁducia,
1675 755 1716 783 vel
1736 755 1789 782 alia
1813 755 1842 783 in

1055 810 1084 831 re
1113 802 1205 831 studio
1228 809 1350 837 curaque
1372 801 1546 830 vehementer
1565 801 1677 829 intentis
1702 809 1757 829 non
1778 808 1842 829 raro

1053 848 1208 884 contingitl;
1217 849 1241 876 si
1255 847 1363 885 quidem
1378 848 1450 884 quod
1464 847 1517 876 hoc
1531 848 1592 875 loco
1606 847 1746 883 Scriptura
1760 847 1843 875 tradit

1055 893 1089 921 de
1103 893 1208 927 Enoch,
1222 894 1268 929 qui
1281 893 1414 929 septimus
1432 892 1484 921 fuit
1501 893 1535 921 ab
1552 892 1667 924 Adamo,
1684 893 1742 929 ipse
1762 893 1841 920 attri-

1021 928 1042 955 Β
1056 939 1115 967 buit
1129 939 1202 967 Enos
1227 928 1283 967 lilio
1298 928 1375 972 Seth,
1391 939 1487 966 Adami
1502 939 1604 974 nepoti.
1625 937 1671 966 Sic
1685 939 1757 967 enim
1773 938 1843 966 scri-

1054 986 1103 1013 bit.
1118 986 1165 1013 lib.
1182 994 1190 1013 ι
1211 985 1342 1013 Adversus
1365 984 1538 1012 Iovinianum
1554 994 1563 1013 :
1583 984 1645 1013 Non
1668 993 1727 1012 rror
1742 984 1841 1012 idcirco

1055 1031 1215 1058 translatum
1229 1031 1330 1063 Enorlt,
1345 1030 1415 1066 quod
1429 1039 1539 1058 “orent
1552 1031 1686 1063 habuerit,
1703 1031 1749 1058 sed
1771 1029 1842 1065 quod

1054 1077 1325 1110 primusinvocaoerit
1353 1076 1447 1107 Deum,
1467 1081 1492 1102 ει
1507 1075 1647 1103 crediderit
1671 1076 1698 1102 in
1716 1075 1842 1103 Salvato-

1055 1130 1120 1148 mn.
1136 1121 1170 1148 At
1182 1122 1304 1157 primum
1315 1122 1448 1154 omnium,
1459 1122 1506 1157 qui
1520 1129 1618 1149 nomen
1635 1120 1742 1148 Domini
1757 1120 1843 1156 ccepit

1056 1168 1183 1196 invocare
1194 1176 1249 1196 non
1263 1167 1366 1200 Enoeh,
1380 1168 1427 1196 sed
1441 1166 1515 1195 Enos
1530 1167 1614 1196 fuisse
1624 1174 1685 1202 cap.
1700 1175 1738 1199 iv,
1747 1166 1841 1194 Cenes.

1058 1213 1142 1240 tradit
1161 1213 1280 1249 Moyses.
1306 1212 1461 1241 Secundum
1480 1219 1487 1238 :
1510 1211 1661 1247 Procopius
1687 1211 1798 1240 Caseus
1807 1219 1842 1240 ex

1055 1259 1145 1287 verbis
1155 1258 1298 1294 Scriptura:
1310 1262 1386 1294 putat
1398 1257 1490 1285 Enocb
1501 1262 1565 1286 ante
1578 1257 1664 1285 fuisse
1677 1257 1842 1292 improbum.

1055 1310 1081 1332 et
1094 1304 1267 1340 ﬂagitiosum,
1283 1304 1331 1332 sed
1351 1308 1444 1338 postea
1460 1302 1541 1338 digna
1557 1305 1584 1330 et
1596 1301 1716 1337 perfecta
1728 1309 1841 1329 suorum

1056 1350 1190 1378 scelerum
1206 1349 1366 1384 paenitentia
1379 1355 1435 1375 non
1450 1352 1556 1374 tantum
1569 1346 1732 1375 emendasse
1746 1346 1840 1377 vitam,

1056 1396 1103 1424 sed
1118 1395 1186 1423 adeo
1211 1394 1266 1422 Deo
1291 1394 1437 1429 placuisse,
1453 1397 1484 1420 ut
1509 1395 1661 1420 mereretur
1683 1392 1779 1419 mortis
1794 1398 1842 1418 ει-

1056 1449 1120 1477 pers
1146 1442 1173 1468 iu
1197 1440 1302 1469 felicem
1323 1441 1386 1476 vitae
1413 1443 1514 1468 statum
1538 1437 1691 1466 transferri.
1719 1436 1842 1464 Tertium

1056 1487 1224 1514 Abenezram
1245 1493 1307 1513 cum
1346 1485 1407 1513 aliis
1422 1484 1611 1512 contendisse:
1622 1482 1760 1510 Enochum
1770 1488 1843 1509 mor-

1059 1538 1135 1560 tuum
1151 1540 1224 1564 esse,
1237 1536 1264 1560 et
1281 1532 1318 1559 ita
1337 1531 1488 1573 Scriptura
1509 1531 1598 1558 locum
1625 1527 1841 1564 intelligendum,

221 1581 308 1607 vitam
323 1579 454 1608 traduxit.
471 1579 525 1607 Alii
541 1588 575 1608 ex
591 1579 681 1609 Josuaa
698 1589 724 1608 IV
737 1582 814 1610 aiunt
830 1583 905 1610 illum
918 1585 1007 1620 sepul-
1021 1592 1043 1620 ε
1060 1579 1153 1607 multis
1168 1578 1332 1609 rationibus,
1346 1578 1394 1605 sed
1405 1582 1507 1605 temere
1515 1580 1631 1604 conatur
1640 1575 1844 1603 demonstrare.

221 1629 277 1651 tum
295 1624 322 1652 in
339 1624 440 1652 Ebron.
463 1623 626 1653 Nostrorum
642 1630 732 1654 tamen
749 1628 883 1655 sententia
902 1635 953 1662 est,
978 1631 1006 1658 in

221 1673 314 1698 monte
334 1669 459 1706 Golgota,
488 1670 515 1697 in
540 1678 595 1706 quo
619 1670 750 1700 Dominus
778 1673 927 1703 cruciﬁxus
945 1675 1005 1703 fuit.

220 1714 350 1750 Origenes
372 1719 454 1743 tract.
468 1714 503 1742 35
519 1716 546 1742 in
565 1715 697 1748 Hortum,
725 1716 893 1752 Epiphanius
910 1721 937 1747 in
955 1721 1007 1749 line

220 1759 346 1792 Psnan'i,
358 1761 528 1788 Athanasius
543 1761 582 1788 De
595 1762 718 1795 passione
730 1762 848 1797 Domini,
863 1764 1007 1802 Theophy-

221 1805 312 1834 lactus
333 1807 361 1834 in
376 1805 464 1834 latis.
482 1814 568 1839 uvlt,
581 1805 744 1843 Euthymius
759 1808 836 1842 ibid.,
852 1809 1006 1846 Cyprianus

219 1859 346 1881 sermone
361 1853 398 1881 De
412 1853 612 1887 resurrectione,
634 1853 798 1882 Ambrosius
814 1855 861 1883 lib.
881 1864 908 1889 v,
924 1857 1004 1892 epist.

220 1899 301 1932 lmet
316 1899 390 1928 alibi.

254 1943 335 1978 lbid..
350 1946 398 1974 lin.
415 1945 461 1975 21.
476 1945 568 1980 Ἐνὼς
581 1946 615 1974 δὲ
628 1947 694 1980 vide
704 1947 768 1975 ιυῦ.
784 1946 906 1976 Paterna
918 1949 1005 1985 picta-

223 1990 256 2018 tis
280 1991 393 2026 vestigia
410 1992 593 2028 amplexatus,
615 1993 737 2028 proniori
764 1995 855 2021 animo
877 1994 960 2022 Deum
977 1996 1006 2023 in

226 2044 301 2071 quem
310 2044 359 2065 sua
375 2038 467 2066 omnia
483 2038 628 2072 referebat,
636 2039 754 2074 publice,
766 2048 816 2067 nec
831 2041 1004 2069 tenebrarum

223 2082 370 2110 involucris
394 2083 529 2116 adoravit,
554 2084 655 2112 avitam
684 2085 843 2120 religionem
871 2087 1003 2114 retinens.

218 2126 315 2155 Latius
328 2127 387 2155 haec
401 2130 576 2165 prosequitur
588 2129 721 2158 Vatahlus
733 2135 880 2159 comment.
889 2132 917 2158 in
932 2132 1005 2159 hunc

218 2172 321 2200 locum.
333 2172 403 2201 Ante
420 2173 502 2206 Enos.
516 2176 612 2208 Adam,
625 2176 702 2208 Abel,
720 2176 785 2203 Seth
810 2180 836 2203 et
859 2176 942 2204 Deum
958 2185 1006 2205 eo-

221 2219 311 2251 luere,
322 2223 346 2246 el
362 2219 508 2249 sacrificiis
522 2221 621 2249 oblatis
635 2222 782 2257 propitium
794 2221 846 2249 sibi
860 2222 1002 2251 reddidere

1059 1625 1132 1652 llera
1149 1623 1273 1660 prodigia
1286 1628 1360 1657 sunt,
1375 1626 1403 1650 et
1417 1622 1503 1650 aniles
1521 1621 1630 1654 fabulae,
1646 1628 1707 1656 quae
1721 1620 1843 1648 haeretici

1057 1671 1092 1698 de
1108 1674 1196 1698 morte
1212 1669 1317 1697 Enochi
1334 1668 1515 1696 tradiderunt.
1539 1666 1681 1694 Enochum
1703 1673 1758 1693 non
1780 1672 1843 1694 esse

1057 1721 1194 1744 mortuum
1219 1715 1392 1750 separatione
1416 1714 1514 1741 animai
1533 1721 1548 1740 a
1570 1720 1685 1748 corpore
1703 1712 1821 1740 violenta
1833 1731 1842 1743 ,

1058 1763 1105 1791 sed
1117 1764 1172 1790 alio
1186 1770 1258 1790 novo
1275 1763 1366 1794 modo,
1381 1769 1477 1797 nempe
1492 1766 1574 1789 exuta
1587 1765 1692 1788 tantum
1705 1760 1842 1795 corrupti-

1057 1809 1104 1836 bili
1127 1813 1235 1841 natura,
1251 1813 1279 1836 et
1298 1808 1454 1836 absolutum
1477 1815 1492 1834 a
1514 1808 1636 1835 miseriis
1650 1807 1730 1841 hujus
1749 1806 1842 1835 seculi

1056 1855 1164 1891 placida
1178 1855 1296 1890 quadam
1310 1862 1344 1881 ex
1360 1854 1411 1881 hoc
1433 1853 1536 1881 mundo
1551 1854 1725 1888 migratione.
1743 1852 1775 1880 Et
1798 1852 1844 1880 ad-

1057 1901 1135 1932 dunt,
1160 1908 1190 1928 se
1212 1900 1285 1934 loqui
1306 1900 1340 1927 de
1362 1898 1420 1931 tali,
1435 1899 1523 1934 qualis
1549 1898 1646 1926 fuisset
1664 1898 1797 1926 transitus
1814 1898 1841 1925 in

1056 1950 1128 1974 statu
1154 1946 1328 1977 innocentiae,
1345 1950 1372 1973 et
1395 1946 1484 1981 qualis
1510 1944 1619 1972 futurus
1640 1952 1748 1976 eorum,
1772 1950 1843 1979 quos

1056 1993 1115 2020 dies
1132 1993 1245 2020 ultimus
1261 1992 1426 2027 superstites
1444 1992 1579 2024 inveniet;
1596 1995 1678 2026 atque
1691 1991 1728 2018 ita
1743 1990 1771 2017 in
1788 1997 1842 2018 εω-

1056 2039 1151 2066 lestem
1169 2039 1284 2074 patriam
1307 2037 1400 2065 Enoch
1419 2037 1582 2065 translatum
1599 2036 1695 2068 fuisse,
1708 2044 1762 2064 non
1777 2037 1840 2071 qui-

1055 2085 1116 2112 dem
1128 2084 1249 2111 futurum
1258 2083 1314 2110 illic
1323 2083 1483 2118 participem
1499 2082 1593 2118 glorior.
1607 2082 1739 2113 ccelestis,
1756 2089 1785 2109 se
1794 2080 1842 2109 ab—'

1056 2131 1175 2159 solutum
1192 2130 1324 2157 duntaxat
1340 2137 1354 2157 a
1372 2129 1490 2157 miseriis
1500 2128 1603 2160 seculi,
1618 2128 1704 2156 donec
1715 2128 1842 2156 Christus

1056 2178 1083 2204 in
1093 2177 1191 2204 malum
1200 2175 1369 2203 ascenderet.
1380 2173 1511 2202 Martinus
1520 2175 1582 2202 item
1600 2173 1758 2205 Borrhaius,
1767 2174 1842 2208 ejus-

1055 2223 1116 2260 dem
1135 2222 1228 2249 farinze
1246 2221 1337 2248 homo.
1352 2220 1451 2247 fatetur
1471 2219 1611 2247 Euochum
1624 2227 1687 2247 vero
1703 2223 1840 2246 mortuum

219 2263 292 2298 Quin
306 2263 426 2299 Cyrillus
441 2265 488 2293 lib.
505 2274 515 2293 1
530 2266 630 2295 Contra
643 2267 792 2299 lulianum,
823 2269 928 2300 scribit,
954 2270 1003 2296 ho-
1019 2271 1042 2300 ῐ)
1056 2268 1145 2304 quoad
1174 2275 1275 2302 corpus
1301 2274 1377 2293 more
1402 2270 1574 2297 czcterorum,
1589 2266 1637 2293 sed
1659 2265 1768 2300 sepulto
1781 2271 1842 2292 cor-

219 2310 309 2338 mines
326 2310 361 2336 ab
371 2310 469 2343 Adam,
488 2319 576 2346 usque
590 2313 623 2340 ad
645 2312 707 2340 Sent
728 2312 813 2339 lilium
830 2312 897 2347 Noe,
917 2313 1003 2341 Deum

218 2356 390 2384 conditorem
413 2357 543 2389 coluisse,
560 2365 611 2386 nec
637 2359 721 2386 ullum
748 2359 908 2394 reprehendi
930 2361 1003 2395 quod

218 2407 283 2429 ante
297 2401 430 2429 diluvium
445 2401 499 2430 diis
522 2404 630 2437 alienis,
653 2403 694 2431 vel
714 2404 882 2432 daemonibus
895 2405 1003 2433 deditus

216 2447 358 2476 obtulerit.
377 2446 415 2475 De
430 2448 591 2476 solemiori
615 2453 706 2477 autem
722 2451 796 2477 cultu
818 2450 907 2477 locum
930 2450 1003 2478 hunc

218 2494 408 2530 intelligimus.
417 2494 451 2522 Et
461 2502 523 2523 eum
534 2497 625 2524 caeteri
638 2497 738 2525 artium
751 2497 914 2528 inventione,
922 2497 1004 2525 rebus

216 2542 296 2571 hisce
312 2542 429 2570 terrenis
454 2542 660 2576 incumbentes,
680 2544 786 2571 lucrum
812 2547 840 2571 et
861 2543 1005 2571 commoda

217 2592 415 2625 prmpararent,
428 2586 502 2615 Eoos
514 2586 573 2623 ipse
589 2588 689 2623 spretis
703 2588 841 2620 omnibus,
855 2587 939 2615 Deum
951 2588 1005 2616 sibi

218 2635 310 2663 solum
325 2642 381 2671 prae
394 2634 502 2662 ceteris
526 2635 703 2670 prapositum
724 2635 858 2666 adoravit,
873 2635 931 2663 suis
949 2635 1004 2662 for-

217 2682 296 2709 tunis
309 2681 339 2708 in
352 2688 386 2708 eo
405 2680 557 2708 collocatis.
579 2679 618 2707 illi
635 2688 680 2709 res
691 2680 726 2708 ad
743 2681 813 2709 hanc
827 2682 909 2708 vitam
927 2682 1006 2709 utiles

218 2727 426 2762 excogitabant,
448 2725 476 2753 hi
491 2725 525 2753 ad
542 2724 673 2753 futuram.
688 2727 779 2759 Quare
791 2727 818 2754 hi
831 2726 879 2754 Dei
889 2727 950 2760 lilii,
966 2727 1004 2754 illi

217 2773 273 2809 ﬁlii
288 2772 435 2800 hominum.
451 2770 754 2812 Eusebius'Etnissenus
769 2772 908 2800 Calenain
921 2772 1005 2800 Gem:

224 2819 272 2846 Ἔν
289 2818 330 2854 sit
347 2817 482 2854 Ἐϐραϊκῷ
499 2817 549 2853 οὐχ
561 2816 633 2844 οὕτω
644 2817 729 2852 λέγει,
746 2818 804 2845 ἀλλ’
819 2818 906 2850 οὕτως
916 2827 923 2834 ·
941 2818 1007 2845 Ἤλ-

218 2873 301 2894 πιαν
332 2864 520 2894 insulam“
540 2863 580 2900 τῷ
604 2863 716 2899 ὀνόματι
736 2865 838 2901 Κυρίου
859 2864 907 2891 τοῦ
927 2865 1005 2892 Oeob-

216 2911 359 2940 mium:
374 2910 439 2944 re;
455 2909 524 2938 θεοῦ
537 2909 664 2954 utnec.
682 2911 729 2938 καὶ
746 2910 823 2942 Θεός.
837 2912 868 2938 οι
886 2911 940 2946 γὰρ
954 2911 1008 2938 ἀπὺ

1055 2321 1121 2350 pore
1146 2313 1235 2349 quoad
1269 2313 1387 2340 animam
1422 2316 1532 2347 propter
1564 2311 1624 2339 lidc-i
1655 2311 1841 2347 praestantiam

1055 2360 1219 2387 translatum
1246 2359 1274 2387 in
1290 2359 1401 2389 cmlum,
1425 2361 1452 2385 et
1474 2358 1534 2384 ideo
1551 2358 1603 2384 dici
1625 2365 1678 2384 non
1693 2360 1839 2384 mortuum.

1055 2404 1253 2440 Antiquissima
1270 2407 1360 2430 tamen
1384 2402 1512 2430 Ecclesia
1526 2402 1648 2433 traditio,
1665 2405 1693 2429 et
1707 2401 1841 2428 Christia-

1056 2458 1153 2478 norum
1165 2450 1287 2477 omnium
1300 2449 1453 2483 persuasio,
1465 2452 1493 2476 et
1507 2455 1625 2475 concors
1640 2447 1750 2474 Patrum
1763 2447 1842 2474 theo-

1057 2498 1179 2532 logorum
1201 2495 1356 2526 sententia,
1386 2494 1554 2522 contrarium
1577 2493 1670 2520 sentit.
1694 2492 1771 2520 Illam
1794 2500 1843 2519 ex-

1056 2550 1150 2578 presse
1177 2540 1289 2568 tradunt
1305 2541 1431 2569 Clemens
1455 2538 1593 2567 Romanus
1613 2538 1657 2566 lib.
1683 2547 1699 2566 v
1727 2537 1841 2565 Constit.

1056 2592 1141 2623 «post.
1152 2608 1160 2619 ,
1176 2595 1235 2622 cap.
1254 2587 1288 2620 ὃς
1316 2586 1443 2618 lrenzus.
1459 2587 1507 2614 lib.
1522 2595 1560 2619 tv,
1579 2593 1641 2621 cap.
1655 2585 1707 2619 30;
1734 2583 1840 2612 Tertul-

1056 2635 1157 2666 lianus,
1171 2633 1218 2659 lib.
1236 2631 1275 2659 De
1300 2640 1399 2659 resurr.
1416 2632 1502 2664 carm,
1518 2639 1579 2667 cap.
1602 2631 1654 2663 58;
1677 2630 1842 2666 Cyprianus,

1056 2681 1105 2708 lib.
1123 2679 1161 2706 De
1176 2678 1240 2706 Sion
1253 2683 1278 2705 et
1292 2677 1374 2709 Sina,-
1401 2677 1568 2713 Epiphanius
1581 2677 1609 2704 in
1623 2677 1756 2703 Ancornto
1767 2683 1777 2707 ,'
1790 2674 1844 2702 Ne-

1057 2725 1170 2756 mesius,
1187 2724 1236 2752 lib.
1252 2723 1290 2750 De
1306 2728 1360 2751 nat.
1388 2723 1500 2754 Ιιονιιίη..
1516 2730 1576 2758 cap.
1592 2723 1628 2755 t;
1650 2721 1842 2756 Hieronymus.

1057 2771 1105 2798 lib.
1118 2778 1149 2797 ιιι
1160 2769 1261 2797 Contra
1277 2768 1380 2804 Pelag.;
1404 2768 1584 2804 Augustinus,
1598 2767 1645 2795 lih.
1658 2774 1693 2794 av
1712 2765 1751 2792 De
1770 2766 1843 2793 civit.

1058 2816 1117 2849 Dei,
1133 2823 1194 2851 cap.
1209 2814 1260 2845 29;
1279 2814 1504 2850 Chrysostomus,
1526 2814 1600 2841 hom.
1614 2814 1646 2841 3i
1661 2813 1689 2840 in
1704 2812 1796 2840 Cenes.
1816 2816 1844 2840 et

1058 2863 1086 2890 in
1101 2870 1162 2898 cap.
1185 2870 1212 2889 xl
1231 2862 1266 2888 ad
1290 2860 1434 2892 Hebraea;
1452 2858 1614 2895 Ephremius
1627 2858 1844 2894 Tltcopolitauus

1060 2909 1214 2946 patriarcha
1233 2908 1304 2944 apud
1319 2907 1446 2937 Pbotium
1460 2907 1488 2935 in
1498 2906 1621 2940 Bibliot.,
1632 2906 1694 2934 eod.
1709 2904 1773 2934 ιιι.
1788 2904 1846 2933 Nec
