2143 3163
187 184 238 215 985

698 189 731 216 IN
751 187 937 216 EUSTATIIII
959 186 1193 215 ιιίάχιιῑιιειιοκ
1210 186 1324 223 ᾉΟΤεΕ.

1756 184 1810 213 986

187 245 313 281 lapsuum
329 246 485 281 pmnitentia
500 246 618 278 tristem,
639 255 732 274 verum
749 252 776 273 et
793 247 908 273 aliorum
925 246 972 272 dr-
987 249 1007 276 Λ
1023 246 1094 273 dinis
1119 245 1192 273 mille
1214 245 1432 280 octingentorum
1461 245 1626 276 cubitormn,
1654 243 1810 272 latitudini!

186 292 260 320 lictis
275 293 353 327 quasi
375 293 492 320 Stimulis
504 290 678 327 ‘quibusdam
695 298 785 320 actum
804 292 900 320 intime
917 292 971 320 l'rc-

186 338 300 370 muisse,
312 344 339 365 et
354 338 480 374 lacrymis
491 338 640 372 supplicem
659 338 691 366 ad
711 337 794 365 Deum
809 338 971 372 delinquen-

187 384 261 412 tibus
275 385 386 418 optimis
401 385 512 412 monitis
527 386 715 416 succurrisse,
728 385 824 419 sicque
843 388 969 411 naturam

186 430 332 457 humanam
352 429 479 461 debilem.
495 434 522 458 ct
538 431 711 466 languentem
732 438 783 465 ope
800 429 846 458 Dei
863 431 970 457 instau-

185 483 272 503 rasse.
285 475 351 509 Quae
372 475 497 508 felicitas,
514 476 578 503 dum
599 482 625 503 et
637 477 702 508 vita,
717 481 744 504 et
760 476 881 511 spiritus,
901 476 970 502 inte-

185 529 233 555 gra
244 521 364 549 duravit.
380 522 526 558 Postquam
543 522 671 555 decessit,
686 523 808 550 homines
825 521 969 548 amandata

185 567 349 594 Verecundia
373 568 494 603 quotidie
517 567 550 594 ad
573 569 687 602 majora,
703 573 730 595 ct
749 567 907 595 Scelestiora
931 567 971 592 t'a-

183 612 278 639 cinora
294 614 437 648 prolapsos
451 621 506 640 non
531 618 573 641 est
590 615 700 641 mirum.
721 613 836 647 Quando
855 618 881 640 et
905 617 970 640 tunc

184 657 232 684 lilii
247 657 295 685 Dei
313 658 421 686 ﬁliabus
435 658 576 685 hominum
600 667 630 686 se
643 659 804 693 junxerunt.
822 658 970 685 Posteritas

184 703 290 731 scilicet
304 703 369 731 Seth
395 705 495 740 pietate
510 705 626 731 celebris
644 708 671 731 et
694 704 749 731 Deo
763 711 869 731 summe
888 703 970 730 chara

183 751 363 784 conjunxcrat
379 758 409 778 se
436 758 498 777 eum
520 750 679 784 posteritate
692 749 768 776 Caini
787 750 869 784 impia
883 754 910 776 et
923 756 971 776 ne-

181 804 276 832 quam.
292 796 377 832 Quasi
397 797 501 824 diceret
515 796 612 824 iisdem
626 796 775 823 sceleribus
798 803 830 822 ac
843 795 970 823 facinori-

181 842 235 869 bus
249 831 386 877 complexa
401 850 496 870 eorum
513 843 606 874 vitam,
620 850 649 870 sc
666 842 823 873 immiscuit,
840 845 867 870 et
883 843 909 868 in
923 849 969 868 ea-

181 888 244 915 dem
270 889 333 916 vitia
349 889 476 924 prolapsa
492 893 543 916 est.
554 888 622 916 Vide
641 888 788 916 Chronicon
809 887 969 915 Alexandri-

182 943 256 962 num.

219 981 276 1009 Col.
289 981 350 1013 752,
362 982 409 1009 lin.
420 981 464 1009 '59.
473 981 519 1014 Ὡς
526 979 685 1008 οὖνόΝῶε.
695 980 828 1015 JoSrplius
838 981 965 1015 .lntiqutt.

181 1027 229 1054 lib.
247 1036 267 1060 ι,
283 1036 342 1063 cap.
355 1028 372 1055 4
387 1038 394 1055 :
419 1029 449 1054 '0
465 1028 560 1063 Νῶχος
575 1028 603 1054 δὲ
614 1029 669 1058 τοῖς
686 1027 731 1054 ὑπ’
748 1026 836 1053 αὐτῶν
849 1035 966 1061 πραττο-

183 1073 273 1108 μένοις
292 1073 483 1108 δυσχεραίνων,
497 1074 544 1100 καὶ
563 1073 690 1108 ἀλγηρῶς
704 1072 783 1108 ἔχων,
803 1072 910 1099 ἔπειθεν
921 1073 967 1099 ἐπὶ

179 1119 211 1146 τὸ
226 1120 347 1153 κρεῖττον
357 1119 406 1154 τὴν
416 1119 533 1146 διάνοιαν
546 1118 592 1145 καὶ
607 1118 655 1150 τὰς
666 1118 777 1153 πράξεις
792 1117 966 1152 μεταφέρειν.

186 1164 272 1200 Ὀρῷν
292 1165 314 1191 δ’
331 1165 380 1192 οὐκ
397 1165 554 1196 ἐνδιδόντας.
572 1164 628 1190 ἀλλ’
647 1164 764 1200 ἰσχυρῶς
780 1164 832 1190 ὑπὸ
844 1164 893 1199 τῆς
907 1164 967 1199 ἡδο-

179 1211 229 1246 νῆς
244 1211 297 1238 τῶν
313 1211 406 1238 κακῶν
423 1210 652 1247 κεκρατημένους,
675 1211 722 1236 καὶ
744 1210 834 1241 ὄείσις
859 1210 904 1245 μὴ’
919 1219 967 1244 φο-

180 1257 310 1284 νεύσωσιν
323 1257 403 1283 αὑτὸν
415 1257 483 1293 μετὰ
499 1255 645 1290 γυναικῶν,
661 1257 708 1282 καὶ
724 1255 834 1286 τέκνων,
849 1255 896 1282 καὶ
911 1255 966 1281 τῶν

180 1303 285 1334 τούτοις
307 1302 447 1335 συνοίκων,
470 1301 623 1337 ἐξεχώρησε
646 1301 696 1336 τῆς
719 1301 779 1336 γῆς.
799 1301 827 1327 '0
849 1301 877 1327 δὲ
900 1301 966 1333 Θεὸς

179 1348 274 1376 τοῦτον
302 1349 352 1384 μὲν
375 1349 425 1383 τῆς
443 1347 617 1382 δικαιοσύνης
639 1347 782 1382 ἠγάπησε·
804 1346 966 1379 κατεδίκαζε

179 1394 209 1420 δὲ
224 1395 274 1421 οῦκ
289 1395 376 1421 ἐκεῖνο
394 1394 472 1429 μόνον
493 1393 542 1428 τῆς
557 1393 667 1424 κακίας.
687 1392 755 1419 ἀλλὰ
771 1392 818 1418 καὶ
834 1393 888 1418 πᾶν
904 1392 966 1418 ὅσον

178 1437 214 1474 ἦν
229 1439 396 1474 ἀνθρώπινον
409 1438 469 1465 τότε
484 1438 562 1470 δόξαν
576 1437 650 1472 αὐτῷ
664 1437 816 1472 διαζοεῖραι
830 1436 877 1462 καὶ
889 1436 967 1471 ποιῆ-

180 1494 226 1512 σαι
252 1485 330 1519 γένος
354 1484 447 1520 ἕτερον
467 1483 598 1519 πονηρίας
617 1482 747 1518 καθαρὸν,
772 1482 966 1516 ἐπιτεμόμενος

178 1531 270 1559 αὐτῶν
286 1531 332 1558 τὸν
346 1531 414 1566 βίον,
429 1531 476 1558 καὶ
491 1531 604 1566 ποιήσας
619 1529 686 1556 ἐτῶν
702 1529 751 1564 οὐχ
767 1529 817 1556 ὅσα
833 1529 966 1565 πρότερον

179 1578 258 1610 ἔζων.
277 1578 333 1604 ἀλλ’
351 1576 446 1604 ἑκατὸν
462 1576 574 1607 εἴκοσιν,
597 1577 637 1607 εἰς
657 1575 792 1603 θάλασσαν
816 1575 864 1611 τὴν
887 1575 966 1610 ἠπει-

180 1631 226 1658 ρον
243 1620 388 1657 μετέϐαλε.
402 1622 457 1649 Καὶ
466 1622 491 1647 οἱ
508 1621 556 1656 μὲν
570 1620 656 1652 οὕτως
667 1620 841 1654 ἀφανίζονται
855 1620 965 1651 πάντες.

179 1666 273 1701 Νῶχος
285 1666 314 1693 δὲ
327 1666 441 1698 σώζεται
457 1666 546 1700 μόνον,
562 1665 730 1700 ὑποθεμένου
743 1664 867 1700 μηχανὴν
881 1664 965 1700 αὐτῷ,

179 1713 226 1739 καὶ
248 1712 331 1746 πόρον
350 1713 417 1748 πρὸς
434 1712 572 1747 σωτηρίαν
588 1711 634 1737 τοῦ
652 1711 720 1737 Θεοῦ
740 1712 876 1746 τοιαύτην.

215 1759 298 1789 ιδιά..
323 1759 374 1786 lin.
398 1758 444 1785 41.
465 1758 519 1785 Kal
545 1757 722 1792 προστάττει
750 1756 838 1790 αὐτῷ.
863 1756 966 1784 Monilu

180 1806 272 1840 itaque
286 1805 421 1840 jussuqne
443 1804 492 1832 Dei
519 1812 582 1831 arca
607 1808 748 1832 exstructa
773 1808 825 1832 est.
843 1803 966 1838 Nugatur

178 1860 246 1887 ergo
262 1851 365 1886 pseudo
383 1851 500 1879 Berosus
518 1851 673 1882 Annianus,
685 1851 731 1886 qui
744 1851 792 1882 ait,
809 1850 866 1877 Noe
877 1854 968 1877 astro-

179 1898 258 1932 logize
282 1897 496 1924 scientissimum
522 1905 555 1924 ex
580 1900 717 1924 astrorum
741 1896 912 1932 inspectione
940 1900 967 1923 et

178 1943 370 1970 observatione
394 1942 552 1977 praevidissc.
571 1942 714 1974 diluvium,
735 1949 785 1969 nec
807 1941 891 1968 tutior
913 1941 967 1968 An-

179 1989 244 2015 nius
260 1998 266 2014 :
284 1987 355 2014 Alibi
365 1988 522 2022 scripsimus
538 1993 616 2023 atque
639 1987 818 2022 probavimus,
839 1987 894 2014 hau:
913 1987 966 2014 duo

179 2033 260 2059 simul
280 2032 345 2059 dare
362 2032 562 2060 inundationem
578 2039 707 2060 terrarum
720 2042 736 2059 a
752 2034 840 2060 causis
856 2038 967 2060 natura-

179 2079 250 2106 libus
263 2079 430 2113 processisse,
444 2088 510 2114 quas
524 2080 636 2106 studiosi
650 2080 677 2106 in
691 2084 885 2106 ntonumentum
897 2080 966 2107 erci-

178 2125 284 2155 dernnt,
300 2130 325 2151 et
336 2133 352 2151 α
364 2125 453 2152 dirinu
464 2125 628 2160 providentia
643 2125 724 2152 simul
737 2125 769 2151 ab
781 2130 879 2152 atterno
894 2125 966 2152 ordi-

179 2176 282 2201 natam,
296 2174 324 2195 ul
338 2178 389 2204 quo
405 2171 571 2204 potissimum
593 2176 705 2204 tempore
720 2170 835 2197 homines
851 2170 966 2198 demere-

178 2220 271 2242 rentnr
288 2216 410 2249 perirent.
425 2216 556 2249 Quamvis
574 2216 645 2243 enim
665 2215 814 2248 Avicenna,
829 2217 967 2243 nonnulli-

1023 296 1219 322 treccntorum.
1237 291 1389 318 altitudinis
1407 296 1514 318 centum
1535 291 1685 326 octoginta,
1709 292 1811 320 vastis-

1021 339 1117 366 simam
1143 346 1209 365 sane
1233 338 1340 369 molem,
1365 338 1387 365 si
1413 338 1445 364 ad
1468 338 1575 365 cubitus
1595 339 1741 369 solemnes,
1760 345 1810 366 seu

1021 391 1181 412 communes
1208 384 1323 411 reducas
1345 394 1352 411 :
1381 384 1433 411 hoc
1453 388 1506 415 est,
1527 385 1610 411 duum
1638 385 1754 412 millium
1781 387 1810 412 et

1021 429 1255 465 septingentorum
1278 429 1377 465 pedum
1407 430 1434 456 in
1460 430 1580 466 longum,
1596 430 1810 466 quadringento-

1020 484 1081 503 rum
1104 480 1131 503 et
1157 476 1355 511 quinquaginta
1379 477 1406 503 in
1426 476 1526 508 latum;
1543 477 1656 504 altitudo
1676 477 1810 504 ducento-

1021 531 1081 549 rum
1106 523 1289 557 septuaginta.
1315 522 1391 549 llanc
1417 523 1580 549 sententiam
1611 530 1672 549 cum
1702 522 1809 550 Isidoro

1020 569 1111 595 Clario
1131 569 1255 603 sequitur
1274 567 1391 600 Deli-ius,
1415 568 1479 604 quia
1503 568 1643 603 proﬁtetur
1664 567 1806 602 Origenes,

1020 623 1080 650 qua:
1105 616 1258 643 traditurus
1282 615 1316 643 de
1335 623 1397 643 arca
1423 616 1556 649 majorum
1582 616 1728 643 tradilione
1756 617 1805 643 ha»

1022 661 1124 693 buisse,
1136 667 1162 689 et
1175 662 1237 696 quia
1248 671 1300 688 non
1312 662 1450 697 displicuit
1465 661 1609 695 Augustin.
1621 661 1638 688 1.
1650 670 1656 688 ι
1667 661 1770 694 Qumu.
1781 661 1808 688 in

1021 705 1084 733 Gen.
1104 711 1130 733 et
1149 707 1224 738 alibi,
1240 707 1285 742 qui
1302 707 1484 741 objectinnem
1511 707 1584 734 illam
1598 707 1633 734 de
1657 715 1727 734 arcae
1748 715 1807 734 nia-

1020 753 1161 788 gnitudine
1176 759 1255 780 vocat
1272 754 1470 788 ineptissimam
1484 754 1662 786 calumniam,
1680 758 1708 780 et
1725 754 1807 781 solvit

1021 799 1200 827 similitudine
1215 800 1323 826 urbium
1337 799 1482 833 majorum.
1500 799 1558 827 Non
1572 800 1713 834 displicuit
1724 800 1807 828 etiam

1020 846 1172 881 Cajetano;
1195 850 1222 873 et
1243 845 1332 873 Ilelrio
1348 846 1493 873 ridiculum
1513 846 1631 878 videtur,
1651 847 1731 874 malle
1747 847 1808 873 ani-

1021 892 1122 918 mantia
1140 892 1167 919 in
1191 896 1295 919 aretum
1324 892 1378 919 illic
1402 896 1543 927 compacta
1567 893 1662 922 fuisse.
1686 897 1715 919 ιιι
1732 901 1804 920 cuni-

1021 937 1100 964 modc
1121 945 1151 964 se
1171 945 1279 964 movere
1300 942 1327 964 et
1342 937 1444 965 cubare
1465 938 1623 972 nequirent,
1639 945 1721 973 quam
1747 938 1809 966 laxe

1020 988 1047 1012 et
1065 984 1209 1010 salubriter
1223 983 1330 1019 degere.

1055 1029 1134 1059 lbid..
1155 1030 1202 1057 lin.
1223 1030 1267 1057 48.
1293 1030 1520 1064 ἘπενεχοέῪτος
1540 1029 1575 1056 δὲ
1597 1030 1660 1057 τοῦ.
1683 1030 1808 1057 Maxima:

1020 1075 1093 1102 illius
1113 1082 1244 1109 aquarum
1262 1075 1459 1106 inundationis,
1478 1079 1504 1102 et
1521 1074 1681 1110 cataclysmi
1696 1075 1807 1102 univer-

1019 1121 1085 1148 salis
1107 1129 1140 1148 cx
1158 1121 1351 1148 vetustissimis
1373 1120 1557 1154 scriptoribus
1575 1121 1725 1148 meminere
1739 1120 1806 1147 Abi-

1019 1167 1118 1198 denus,
1135 1166 1253 1194 Berosus
1279 1170 1306 1194 et
1320 1167 1377 1199 alii,
1395 1175 1465 1202 quos
1480 1173 1603 1194 recenset
1618 1166 1752 1194 Eusebius
1769 1166 1806 1194 De

1018 1212 1211 1246 prtrparatione
1234 1211 1382 1246 evangelica
1403 1211 1450 1238 lib.
1467 1219 1505 1241 Ix.
1521 1215 1548 1238 ct
1568 1211 1694 1239 Chronici
1718 1212 1805 1247 prima

1020 1263 1106 1293 parte.
1124 1257 1190 1292 Ejus
1212 1257 1364 1292 elegantem
1387 1257 1600 1292 descriptionem
1628 1258 1714 1285 habes
1733 1258 1804 1293 apud

1020 1303 1173 1332 Manassen:
1191 1304 1218 1331 in
1233 1303 1392 1335 Annalibus.
1408 1307 1435 1330 et
1449 1303 1576 1333 Basiliam
1590 1303 1804 1332 Seleueicnsem.

1019 1349 1182 1376 Albumasar
1204 1357 1219 1376 a
1244 1349 1337 1375 mundi
1362 1349 1439 1375 initio
1464 1349 1496 1376 ad
1521 1349 1652 1376 diluvium
1681 1352 1806 1376 numeret

1021 1401 1108 1421 annos
1129 1394 1249 1428 integros
1275 1393 1330 1420 duo
1351 1393 1434 1420 millia
1461 1392 1595 1420 ducentes
1618 1393 1713 1427 viginti
1730 1397 1805 1420 octo.

1019 1440 1194 1471 Alliaecnsis,
1220 1440 1266 1467 lib.
1292 1439 1330 1466 De
1348 1438 1488 1465 cmtrordt'a
1514 1440 1666 1474 astrologilc
1683 1445 1707 1467 ct
1722 1440 1805 1466 histo-

1020 1487 1078 1518 riaz,
1093 1485 1128 1513 ab
1146 1485 1231 1512 Adam
1252 1485 1285 1512 ad
1301 1485 1434 1512 diluvium
1448 1493 1536 1512 annos
1552 1486 1593 1512 bis
1611 1486 1684 1513 mille
1702 1486 1806 1513 ducen-

1019 1535 1063 1560 tos
1089 1531 1269 1567 quadraginta
1294 1535 1356 1558 octo
1381 1530 1504 1563 ﬂuxisse,
1527 1531 1608 1566 idque
1633 1532 1806 1566 astrologicis

1021 1577 1177 1604 rationibus
1194 1577 1279 1612 ipsius
1302 1577 1397 1604 mundi
1415 1578 1546 1612 genitura:
1568 1577 1687 1603 themate
1703 1585 1805 1613 propo-

999 1615 1002 1625 ⁵
1020 1624 1073 1651 sito
1089 1623 1186 1650 nititur
1201 1623 1326 1657 probare.
1344 1622 1411 1649 Eum
1426 1622 1525 1649 refellit
1541 1621 1661 1650 Joannes
1678 1621 1759 1650 Picus
1776 1623 1803 1650 in

1017 1669 1119 1696 Astrol.
1136 1668 1184 1695 lib.
1200 1676 1225 1695 v.
1249 1668 1284 1694 De
1299 1669 1342 1696 his
1365 1668 1426 1695 vide
1440 1669 1518 1703 plura
1540 1668 1610 1702 apud
1633 1669 1805 1704 chronogra-

1017 1714 1096 1749 phos.
1115 1713 1294 1749 Augustinus.
1314 1713 1360 1740 lib.
1387 1722 1454 1741 xviii
1479 1713 1516 1740 De
1535 1715 1642 1741 civitate
1655 1713 1713 1745 Dei,
1735 1723 1761 1742 c.
1775 1715 1803 1746 8,

1017 1759 1118 1786 nullam
1148 1759 1232 1786 fuisse
1248 1767 1298 1786 nec
1327 1760 1398 1794 apud
1418 1759 1539 1791 Graecos,
1570 1767 1621 1787 nec
1635 1761 1706 1794 apud
1727 1759 1804 1787 Lati-

1017 1813 1068 1833 nos
1083 1805 1164 1839 hujus
1180 1805 1273 1832 diluvii
1286 1812 1373 1838 neque
1386 1805 1520 1835 notitiam,
1535 1812 1623 1839 neque
1638 1813 1804 1832 commemo-

1016 1851 1150 1878 rationem
1180 1851 1287 1878 scﬁbit.
1319 1849 1526 1885 Varronemque
1553 1855 1650 1877 testem
1681 1851 1802 1881 adducit,

1017 1897 1063 1932 qui
1079 1897 1192 1931 scripsit
1213 1896 1240 1923 in
1257 1897 1443 1923 monumentis
1461 1896 1613 1923 litterarum
1628 1896 1729 1923 veteris
1747 1904 1803 1923 nu:-

1017 1941 1121 1973 morite,
1137 1941 1204 1968 nihil
1229 1941 1328 1976 θαι-θὶς
1343 1940 1457 1972 diluvio,
1482 1940 1554 1975 quod
1581 1941 1674 1968 multis
1694 1941 1802 1968 smculis

1015 1991 1078 2022 post
1095 1986 1236 2014 Noeticum
1255 1986 1364 2017 accidit.
1378 1987 1489 2021 reperiri
1505 1987 1649 2013 vetustius.
1665 1986 1694 2012 id
1711 1990 1802 2013 tamen

1017 2033 1108 2068 negari
1125 2033 1184 2060 sine
1196 2033 1362 2059 contumacia
1377 2032 1512 2061 Pcrerius.
1526 2032 1572 2059 lib.
1586 2039 1623 2058 xu
1648 2032 1674 2058 in
1695 2030 1801 2063 Cenes"

1017 2080 1054 2106 ait
1069 2087 1123 2106 non
1139 2086 1219 2114 posse
1234 2087 1266 2105 ex
1280 2077 1390 2113 Iosephi
1408 2078 1563 2105 testimonio
1584 2078 1631 2105 lib.
1646 2085 1654 2104 ι
1668 2078 1801 2112 Antiquit.

1016 2133 1077 2161 cap.
1094 2125 1111 2153 ι
1127 2135 1133 2152 :
1148 2125 1236 2159 Hujus
1261 2129 1349 2151 autem
1379 2124 1472 2150 dilurii
1493 2129 1518 2152 et
1540 2133 1610 2151 arcte
1631 2125 1802 2151 meminerunt

1016 2180 1104 2199 omnes
1120 2171 1264 2198 barbaricae
1277 2171 1393 2197 historia:
1408 2171 1560 2204 scriptores,
1579 2175 1602 2197 ct
1618 2170 1645 2196 in
1662 2170 1702 2197 his
1721 2170 1801 2197 Bero-

1016 2227 1061 2246 sus
1079 2217 1230 2249 Chaldmus,
1244 2225 1357 2244 narrans
1370 2216 1438 2243 enim
1453 2215 1484 2242 de
1497 2216 1545 2243 hoc
1559 2213 1656 2242 dilui-io
1672 2216 1708 2243 sic
1720 2216 1803 2249 ferme

178 2269 233 2292 (μω
253 2261 297 2288 alii
318 2262 470 2289 astronomi
497 2261 657 2294 delendam,
683 2262 801 2289 ellicacia
821 2269 966 2289 causarum
982 2265 1006 2294 ι)
1019 2264 1109 2291 scribit
1120 2272 1127 2290 :
1138 2273 1147 2288 ι
1160 2262 1256 2290 Fertur
1267 2267 1364 2293 autem,
1377 2268 1401 2289 et
1412 2262 1594 2297 nariyiihujus
1603 2270 1665 2296 pars
1674 2262 1700 2288 in
1711 2262 1802 2288 Arme-

179 2307 355 2338 naturalium,
371 2315 521 2342 earumque
536 2308 563 2335 vi
587 2307 642 2335 ﬁeri
663 2315 744 2343 posse
765 2308 868 2334 tantam
880 2315 965 2342 aqua-

177 2363 239 2381 rum
255 2353 474 2383 ell‘usionemzet
498 2353 600 2381 Seneca
621 2354 667 2380 lib.
701 2361 730 2380 Ill
757 2353 853 2380 Natur.
870 2357 962 2388 quwst.

178 2401 226 2428 ait,
246 2400 367 2426 futurum
384 2400 533 2434 aliquando
550 2401 603 2427 tale
618 2401 761 2432 diluvium,
776 2404 804 2427 et
818 2407 872 2426 non
885 2407 965 2427 secus

177 2453 260 2480 quam
273 2446 399 2476 hiemem.
411 2453 493 2480 quam
506 2450 638 2475 tes-tatem.
653 2447 710 2480 lege
720 2446 812 2472 mundi
826 2453 857 2473 ac
869 2449 965 2480 sponte

179 2496 336 2518 venturum.
361 2489 455 2517 Verior
474 2495 564 2518 tamen
588 2492 808 2526 probabiliorque
829 2491 963 2518 sententia

177 2536 316 2563 contraria
331 2540 383 2563 est.
400 2535 465 2563 Eam
480 2537 624 2564 constituit
643 2538 802 2565 Aristoteles
822 2537 869 2563 lib.
886 2545 895 2564 ι
911 2536 964 2564 Me-

179 2586 258 2612 teon,
274 2589 335 2615 cap.
352 2580 395 2612 ill,
416 2585 442 2608 et
455 2582 512 2608 alii.
535 2582 661 2618 Consule,
673 2582 870 2610 Damascenum
892 2583 939 2610 lib.
955 2590 963 2609 ι

179 2627 257 2654 Fidei
273 2627 390 2658 orl/iod..
408 2635 468 2661 cap.
485 2628 502 2654 5

216 2672 294 2704 lbid.,
310 2673 357 2699 lin.
373 2672 418 2699 42.
432 2672 660 2700 Κατασκευὰσαι
674 2674 806 2701 κιϐωτόνι
822 2673 900 2700 Philo
913 2674 964 2701 sub

179 2720 260 2746 finem
278 2719 325 2746 lib.
351 2727 370 2746 ιι
397 2718 462 2746 Vita:
479 2718 597 2754 Moysis;
615 2720 750 2755 Josephus
767 2722 856 2756 Antii].
873 2722 919 2748 lib.
943 2730 963 2753 ι,

179 2772 204 2791 c.
221 2763 249 2791 4.
270 2763 299 2791 In
320 2763 380 2798 ejus
395 2765 519 2799 partibus
533 2765 708 2800 assignandis
730 2767 964 2795 eonstituendisve

179 2809 287 2836 variant
299 2809 437 2837 doctores.
453 2808 578 2845 Origenis
597 2811 623 2837 in
639 2811 714 2838 hom.
731 2811 758 2844 2,
768 2813 861 2847 opinio
872 2813 965 2847 exagi-

180 2859 254 2883 tatur
276 2856 356 2884 hodie
374 2856 518 2884 sentientis
540 2856 625 2885 fuisse
641 2858 748 2885 cubitos
771 2859 962 2893 geometricos,

179 2909 298 2940 quorum
311 2903 411 2938 singuli
424 2911 584 2931 communes
601 2911 647 2932 sex
664 2905 823 2938 continent;
843 2905 963 2940 iungitu-

1016 2311 1060 2336 m'u
1076 2309 1145 2344 apud
1158 2313 1270 2336 orantem
1288 2308 1467 2335 Cordiatorum
1480 2315 1622 2342 superesse,
1635 2312 1659 2334 et
1674 2307 1799 2341 quosdam

1016 2358 1130 2384 bitumen
1153 2356 1213 2384 inde
1235 2357 1359 2383 abi-usum
1388 2363 1475 2382 secum
1503 2359 1647 2387 reportare,
1674 2362 1726 2390 quo
1750 2354 1803 2381 vite

1017 2404 1126 2431 amulcti
1140 2403 1255 2437 lociejus
1268 2402 1384 2429 [contines
1400 2401 1540 2428 ntiso/cnt.
1555 2411 1563 2426 ι
1573 2400 1694 2428 Meminit
1709 2401 1801 2427 horum

1014 2454 1038 2477 et
1055 2449 1231 2484 Hieronymus
1244 2447 1395 2483 Egyptius.
1411 2447 1455 2482 qui
1466 2447 1637 2481 antiquitates
1649 2446 1801 2473 Pltlrnicum

1015 2495 1130 2530 scripsit,
1150 2499 1174 2522 et
1190 2493 1325 2524 Mnaseas,
1340 2497 1364 2520 et
1388 2493 1437 2519 alii
1456 2493 1554 2526 plures.
1578 2492 1648 2524 Quin
1670 2496 1694 2519 et
1715 2490 1802 2518 Nico-

1015 2543 1073 2569 laus
1093 2541 1283 2571 Damascenus,
1299 2539 1345 2566 lib.
1370 2547 1442 2569 xcvi,
1460 2538 1492 2565 de
1506 2538 1545 2565 his
1567 2539 1642 2565 rebus
1666 2542 1759 2564 narrat
1773 2537 1800 2564 in

1013 2589 1067 2614 [HEC
1085 2587 1162 2614 verba
1178 2595 1188 2613 :
1203 2596 1211 2611 ι
1229 2585 1275 2612 Est
1288 2593 1365 2620 super
1379 2586 1508 2620 regionem
1526 2583 1553 2610 Μ
1557 2585 1678 2618 inyarum
1689 2590 1799 2617 magnus

1015 2641 1089 2660 mons
1107 2633 1134 2658 in
1145 2632 1281 2663 Armenia,
1297 2631 1400 2658 nomine
1415 2630 1504 2663 Raris,
1521 2630 1549 2656 in
1563 2638 1613 2664 quo
1626 2629 1723 2656 multo:
1738 2636 1800 2662 pro-

1016 2679 1091 2715 fugos
1113 2678 1206 2705 diluvii
1228 2682 1341 2711 tempore
1360 2681 1475 2704 servatos
1498 2675 1596 2710 ferunt.
1613 2674 1647 2702 Et
1661 2674 1798 2710 quemdam

1016 2734 1079 2752 arca
1094 2730 1192 2752 rectum
1214 2724 1241 2750 iu
1255 2723 1332 2757 hujus
1343 2723 1438 2750 vertice
1456 2722 1574 2753 lauisse,
1586 2726 1609 2748 et
1625 2721 1750 2755 reliquias
1766 2720 1799 2746 li-

1014 2777 1124 2805 gnarum
1148 2768 1204 2802 ejus
1225 2768 1301 2802 longo
1322 2772 1435 2801 tempore
1455 2766 1600 2797 duravisse,
1629 2766 1674 2799 qui
1700 2765 1800 2799 fortas-

1014 2815 1050 2842 sis
1073 2815 1094 2841 is
1112 2814 1172 2847 fuit,
1193 2812 1226 2840 de
1244 2821 1294 2848 quo
1313 2812 1392 2838 etiam
1409 2811 1513 2846 Moyses
1534 2810 1624 2837 scribit
1641 2809 1798 2837 Judlrortm

1015 2860 1158 2895 li’gislular.
1179 2868 1187 2884 ι
1212 2858 1243 2885 Et
1266 2857 1374 2885 Eusebii
1405 2858 1452 2884 lib.
1485 2865 1511 2883 ix
1534 2857 1571 2884 De
1602 2857 1798 2891 pra-paratione

1015 2905 1178 2940 evangelica,
1205 2905 1250 2940 qui
1280 2904 1370 2932 verbis
1399 2902 1509 2938 Josepbi
1538 2910 1569 2930 ex
1598 2902 1727 2939 Abydeno
1753 2902 1797 2930 hi-
