2143 3163
352 180 408 210 οη

1039 180 1162 210 ιεοκιε
1180 179 1320 209 ΔιιΔτιι

350 241 457 270 storias
472 240 564 270 subdit
588 242 718 269 nonnulla
742 246 770 269 et
783 241 876 278 Cyrilli
891 241 1079 274 Alexandrini,
1093 242 1141 278 qui
1157 245 1180 273 Α
1193 248 1225 268 ca
1236 241 1278 269 vel
1293 240 1401 268 Latina.
1420 240 1470 269 Sin
1495 241 1579 269 etiam
1597 240 1776 273 ,εἰρηκει
1790 243 1866 268 artes
1883 247 1980 269 omnes

352 285 388 313 ad
401 285 454 313 hoc
473 285 645 321 probandum
672 286 757 315 refert
786 287 973 315 testimonium
994 288 1144 316 Alexandri

352 330 543 368 Polyhistor“.
564 331 619 360 Nec
640 331 718 360 Plato
736 332 762 359 id
776 333 916 368 ignorasse
943 334 1050 361 videtur
1061 341 1095 362 es
1109 334 1144 362 iis

352 384 416 414 qum
429 378 511 406 habet
524 378 552 405 in
565 377 675 410 Times,
689 382 753 405 ante
766 378 942 413 particularia
954 379 1058 406 diluvia
1071 379 1143 414 apud

352 412 463 452 tinens
501 424 670 452 celebratam
704 412 791 451 fuisse
815 423 968 458 antiquitus
993 412 1141 451 maximam

353 469 499 504 «amttam
510 475 644 505 aquarum
655 469 860 497 inundationem
869 474 1002 505 terraque
1013 471 1143 498 vastatio-

354 523 427 543 nem.
443 515 484 542 Ad
499 515 552 543 hoc
575 516 639 543 item
656 516 774 551 pertinet
794 515 867 550 quod
882 515 1049 551 Pomponius
1062 516 1142 549 Mela,

352 559 399 588 Hb.
417 567 437 593 ι.
451 567 478 588 c.
489 561 520 588 il
532 570 539 594 ;
553 565 581 588 et
599 561 704 589 Plinius
721 562 738 588 l.
757 570 783 593 ν,
798 569 825 589 c.
842 562 886 594 l5,
902 566 929 589 et
946 561 1068 593 Solinus.
1080 570 1141 599 cap.

350 605 405 638 87,
431 605 543 641 Joppem
574 606 667 634 urbem
695 606 796 634 «παύω
822 607 986 635 maritimam
1002 608 1143 643 pradicari

351 650 474 678 omnium
516 654 597 678 terra:
633 652 741 679 urbium
767 653 982 680 vetustissimam
1014 653 1143 688 credique

352 694 440 723 fuisse
465 699 530 723 ante
555 697 700 724 diluvium.
728 697 795 730 Qua
826 701 958 733 praterea
984 697 1018 726 de
1040 698 1143 726 diluvio

352 740 526 769 Deucalionis
543 741 718 774 Plutarchus,
733 744 781 771 lib.
794 743 834 770 De
845 743 954 771 solertia
970 745 1051 771 anim.
1065 749 1142 772 relu-

351 787 385 815 iit
408 787 443 815 de
468 787 604 818 columba,
617 788 651 815 ad
671 787 813 816 Noeticum
839 789 971 817 diluvium
992 791 1141 825 pertinent.

353 831 414 860 Huc
429 833 493 860 item
507 837 642 868 spectant,
663 842 724 868 qua:
735 834 769 862 de
786 835 890 862 diluvio
908 835 926 862 l.
941 843 949 863 ι
965 834 1140 868 Πεωπισγρή.

352 877 467 906 Oridius
495 878 600 906 scribit.
616 878 716 906 Verum
743 879 881 913 Pererius,
898 882 944 916 qui
966 886 1027 916 post
1047 882 1142 916 Augu—

351 924 417 952 stinl
437 924 471 952 de
489 924 587 951 notitia
602 924 698 952 diluvii
721 925 884 953 sententiam
901 926 1054 961 expositam
1066 925 1141 953 al’lir-
1157 916 1178 943 Β

350 971 435 996 mavit
452 969 479 996 id
498 977 552 997 non
564 977 647 1005 posse
657 970 751 1006 negari
766 971 826 998 sine
835 972 1020 1003 contumacia,
1035 979 1098 998 cum
1113 971 1140 998 id

350 1017 442 1042 tamen
457 1019 586 1049 negasset
598 1015 778 1051 Augustinus,
794 1023 828 1044 ne
841 1016 979 1044 videretur
993 1022 1068 1044 tanto
1081 1018 1141 1045 viro

348 1063 443 1088 limam
471 1061 653 1088 contumaciae
679 1061 721 1088 vel
745 1061 918 1096 ignorantiae,
931 1067 979 1089 aut
993 1063 1141 1091 oblivionis

350 1104 473 1133 historia
496 1105 617 1138 inurere,
631 1106 707 1134 illum
733 1114 870 1135 excusans
888 1108 936 1141 ait,
957 1109 1146 1149 Augustinum

350 1158 407 1178 non
433 1151 546 1186 prtcise
567 1151 671 1180 dixisse
688 1153 773 1180 nullis
787 1153 928 1181 historicis
944 1158 1040 1181 notum
1055 1154 1141 1182 luisse

349 1195 481 1223 diluvium
497 1195 564 1230 Noe,
583 1197 631 1225 sed
642 1202 748 1225 tantum
768 1198 853 1226 fuisse
866 1199 1019 1234 ignoratum
1035 1207 1051 1227 a
1067 1199 1142 1230 Gra-

347 1241 392 1270 eis
405 1245 434 1270 et
453 1241 585 1270 Romanis
614 1243 765 1277 historicis,
778 1244 846 1272 nihil
861 1244 894 1272 de
915 1245 1042 1274 barbaris
1056 1246 1141 1274 histo-

350 1287 400 1315 riis
420 1287 555 1321 locutum;
577 1291 604 1315 et
622 1288 648 1315 id
676 1296 772 1316 verum
795 1297 867 1321 esse,
892 1297 954 1318 cum
984 1291 1045 1319 illos
1068 1299 1139 1326 quos

350 1332 408 1367 ipse
423 1331 548 1360 Pererins
562 1333 655 1360 citavit
670 1333 802 1362 barbaros
823 1335 909 1363 luisse
925 1340 952 1363 et
969 1344 1060 1363 rerum
1076 1337 1140 1364 bar-

350 1377 506 1405 baricarum
519 1379 669 1414 scriptores
694 1384 798 1407 certum
822 1381 867 1408 sit.
893 1380 956 1408 Haec
987 1388 1077 1410 tamen
1092 1390 1140 1410 ex-

349 1423 460 1458 plicatio
475 1424 517 1459 pia
533 1428 587 1459 est,
617 1426 680 1460 quis
691 1426 724 1453 .id
739 1426 941 1461 negabit?dum
956 1427 1139 1463 Augustinum

351 1469 387 1496 ab
406 1469 559 1505 ignorantia
575 1470 706 1503 defendit,
718 1476 745 1498 et
759 1473 930 1500 contumacia
946 1481 1050 1508 suaque
1063 1474 1141 1501 laude

350 1522 406 1543 non
430 1521 516 1543 caret.
540 1515 609 1544 Mihi
631 1521 723 1544 tamen
741 1517 775 1544 ab
796 1518 870 1544 omni
891 1518 1059 1547 humanitate
1075 1520 1140 1547 alie-

353 1568 417 1588 num
440 1568 501 1590 esse
524 1562 632 1589 videtur
657 1563 729 1591 serio
758 1570 904 1597 accusare,
933 1572 1013 1599 quem
1033 1565 1138 1601 frigidis

1192 290 1220 314 et
1235 285 1356 320 lit-neas,
1369 292 1396 314 et
1414 286 1527 315 Latinas
1550 294 1664 315 necatae
1683 288 1736 315 erit
1752 285 1901 318 ant-are,
1914 293 1979 314 cum

1193 332 1228 359 de
1251 332 1306 360 illis
1331 338 1414 368 agant
1436 331 1531 360 Graec
1546 337 1575 360 et
1591 332 1686 360 Latine
1705 336 1832 360 auderes
1851 330 1981 359 Gracia

1193 377 1303 412 Latini;
1317 386 1406 414 neque
1424 378 1489 406 talis
1505 378 1604 406 modus
1616 378 1780 406 ehcutiods
1797 377 1879 405 talu-
1893 376 1979 405 ω

1194 423 1337 451 scientiam
1364 424 1405 451 vel
1424 428 1521 452 artem.
1537 423 1655 457 Quando
1675 428 1703 451 et
1717 422 1840 459 Dionysii
1855 421 1980 450 Halicar-

1193 469 1295 500 nassei,
1313 473 1342 496 et
1357 468 1460 498 Dioni;
1471 469 1572 501 Cassii.
1588 474 1617 497 et
1632 470 1749 497 aliorum
1765 469 1910 496 historiam
1923 467 1981 496 Bo-

1192 522 1302 542 mnam
1311 515 1433 543 Graecam
1443 523 1506 543 esse
1516 516 1875 551 contende-us,postquam
1887 515 1981 550 lingua

1193 559 1287 588 Graeca
1297 560 1438 588 enuntiata
1453 564 1505 589 est.
1520 560 1575 588 Res
1586 568 1664 596 ergo.
1676 568 1731 588 non
1747 560 1878 592 elocutio,
1893 566 1982 595 neque

1193 610 1291 633 auctor
1315 607 1374 642 ipse
1397 606 1463 633 facit
1479 606 1624 634 historiam
1640 600 1725 640 huius
1734 606 1826 642 potius
1848 605 1981 638 nationis,

1192 659 1274 687 quam
1287 653 1412 680 alterius.
1426 651 1509 679 Multa
1523 651 1557 680 de
1571 651 1638 684 Deo,
1657 652 1692 680 de
1710 651 1805 679 mundi
1830 651 1982 682 creatione,

1191 698 1227 725 de
1245 698 1412 732 pravidentia
1437 698 1540 729 divina.
1555 697 1590 725 de
1604 697 1760 726 Christiana
1783 697 1927 733 religione,
1947 696 1984 724 de

1193 744 1328 771 sexcentis
1339 744 1399 771 aliis
1414 743 1570 780 philosophi
1585 743 1734 776 Platonici,
1745 748 1773 771 et
1784 743 1909 771 historici
1921 749 1984 778 pto-

1193 788 1248 816 l’ani
1273 789 1302 816 in
1322 790 1381 817 suis
1401 790 1607 817 commentariis
1621 789 1776 825 prodidere,
1787 788 1861 824 quod
1873 789 1910 815 ita
1922 795 1984 816 ma-

1193 834 1323 862 nifestum
1335 838 1378 862 est
1393 835 1434 862 uti
1446 835 1611 869 probatione
1626 842 1680 862 non
1687 837 1766 869 egeat
1783 843 1790 861 :
1807 833 1869 860 ideo
1880 832 1982 864 ncilla.

1193 884 1219 907 et
1243 879 1365 907 Graecam
1394 880 1608 916 philosophiam,
1641 883 1669 908 et
1691 879 1814 907 Gracam
1836 879 1983 906 historiam

1195 924 1311 959 illosque
1324 923 1424 952 Grecae
1436 925 1624 960 philosophia,
1639 924 1683 952 vel
1699 924 1821 952 historia
1832 923 1984 958 scriptores

1195 970 1281 998 fuisse
1305 969 1516 1002 allirmahimus,
1531 971 1606 998 aliud
1627 970 1740 998 omnino
1756 973 1799 1005 est
1815 970 1907 997 alieno
1920 976 1984 1003 ore.

1194 1016 1267 1043 aliud
1292 1016 1403 1051 proprio
1428 1016 1513 1051 loqui.
1526 1016 1634 1052 Optime
1649 1017 1741 1051 itaque
1755 1016 1926 1052 Augustinus
1940 1016 1984 1043 di-

1194 1061 1297 1088 luvium
1315 1069 1365 1089 nec
1380 1061 1485 1093 Greca,
1503 1069 1553 1088 nec
1566 1061 1662 1088 latina
1675 1060 1789 1088 historia
1813 1063 1984 1095 compertum

1196 1106 1282 1134 fuisse
1306 1105 1463 1136 alnrmavit.
1479 1106 1542 1141 quia
1558 1106 1611 1134 etsi
1630 1105 1664 1133 de
1683 1105 1731 1133 illo
1751 1105 1914 1138 meminere,
1928 1112 1985 1132 non

1194 1159 1227 1180 es
1243 1151 1398 1179 Gracorum
1428 1150 1645 1186 Latinorumque
1672 1150 1813 1178 historicis
1831 1149 1982 1181 thesauris.

1194 1198 1242 1226 sed
1256 1201 1432 1226 externorum
1449 1197 1526 1225 libris
1539 1197 1566 1224 id
1582 1197 1715 1230 hausere;
1729 1204 1804 1228 cum,
1815 1200 1846 1223 ut
1858 1196 1930 1223 idem
1943 1195 1983 1222 ait

1193 1244 1363 1279 Augustinus
1375 1251 1407 1271 ea
1420 1242 1552 1276 Varrone,
1565 1242 1662 1270 [Atina
1676 1242 1790 1270 historia
1806 1241 1873 1269 nihil
1885 1240 1983 1269 habuit

1194 1290 1333 1324 antiquius
1347 1289 1447 1325 Ogygii
1472 1289 1584 1316 diluvio.
1599 1280 1748 1316 Possemus
1764 1288 1827 1315 item
1842 1287 1981 1321 dubitare,

1193 1342 1227 1362 an
1242 1335 1338 1362 Latina
1355 1335 1470 1363 historia
1488 1340 1515 1363 et
1526 1334 1648 1362 Romana
1658 1334 1729 1362 idem
1745 1334 1791 1362 sit.
1809 1333 1980 1370 Augustinus

1193 1381 1265 1409 enim
1286 1381 1335 1413 ait,
1352 1381 1427 1414 Quod
1441 1381 1556 1416 gentium
1571 1389 1653 1415 neque
1666 1380 1770 1412 Greca,
1785 1388 1866 1414 neque
1880 1379 1981 1406 Latins

1193 1426 1264 1452 novit
1279 1425 1402 1453 historia.
1418 1426 1452 1452 At
1465 1426 1590 1454 Pererius
1603 1425 1668 1453 dum
1682 1426 1780 1461 repetit
1793 1425 1868 1452 illius
1882 1423 1980 1458 verba.

1193 1471 1235 1497 vel
1251 1470 1339 1498 saltim
1353 1471 1526 1501 sententiam,
1551 1469 1602 1498 Sed
1616 1475 1718 1497 lnnlttnt
1730 1470 1798 1496 dixit
1813 1469 1979 1505 fuisseigno-

1194 1519 1282 1542 ratum
1301 1516 1328 1542 in
1343 1513 1453 1547 Grecis,
1468 1520 1493 1543 et
1514 1514 1640 1543 Romanis
1653 1515 1783 1546 historiis.
1800 1514 1981 1542 nihiltlebar-

1195 1560 1291 1588 baricis
1314 1561 1433 1589 historiis
1459 1562 1572 1589 locutus.
1604 1560 1644 1588 En
1670 1560 1808 1597 quomodo
1830 1568 1864 1588 ex
1881 1560 1978 1588 Latina

350 1605 481 1642 falsisque
509 1589 1138 1645 rationibusvposteainonvalet—defendere:
1153 1589 1178 1621 ϐ
1194 1606 1196 1633 Ῑ

1131 1589 1138 1641 ζ
1153 1589 1178 1621 c
1194 1606 1319 1638 historia,
1337 1605 1461 1634 Romana
1490 1606 1561 1634 facta
1573 1609 1625 1635 est.
1711 1610 1811 1634 cetera
1826 1613 1977 1642 prosequa-

350 1651 385 1679 Ut
395 1653 469 1681 enim
483 1661 577 1681 verum
599 1653 695 1687 fatear.
709 1655 770 1691 quis
786 1664 905 1692 unquam
929 1657 998 1685 dixit
1031 1662 1058 1686 et
1074 1659 1136 1687 Ale-

348 1698 484 1726 xandrum
508 1699 718 1736 Polyhistorem,
742 1707 770 1730 et
793 1701 981 1738 Plutarchum,
996 1709 1024 1732 et
1044 1704 1137 1733 Plato-

349 1751 422 1774 ιιοιι..
433 1748 461 1772 et
472 1744 608 1777 Ovidium,
618 1750 644 1773 et
655 1746 786 1779 Plinium,
797 1752 825 1775 et
840 1747 974 1781 Solinum,
992 1754 1019 1777 et
1039 1750 1134 1778 Melum

350 1789 482 1818 barbam
494 1789 589 1823 fuisse,
603 1799 705 1828 eosque
722 1792 809 1821 fuisse
822 1801 911 1822 rerum
928 1795 1134 1825 harbaricarum

348 1835 519 1870 scriptores?
533 1845 673 1873 nunquam
690 1839 803 1867 memini
820 1847 863 1868 me
873 1841 987 1876 legisse;
1006 1850 1056 1870 nec
1072 1848 1137 1878 puto

351 1882 379 1909 id
397 1884 479 1911 etiam
496 1884 596 1912 litteris
611 1885 746 1920 proditum
758 1885 844 1915 luisse
855 1887 974 1921 Grtecos,
985 1888 1137 1917 Romanos-

349 1935 404 1963 que
432 1928 566 1958 barbaros
587 1930 745 1964 luisseoui
767 1932 791 1959 si
816 1932 935 1966 barbari,
952 1934 1014 1969 quis
1036 1935 1062 1961 in
1080 1938 1137 1962 toto

349 1980 487 2003 terrarum
503 1976 570 2004 orbe
582 1977 617 2004 ab
635 1977 688 2004 hac
708 1985 738 2005 se
752 1982 816 2005 nota
834 1978 981 2007 immunem
993 1979 1139 2008 defendet?

351 2020 388 2048 Ut
403 2029 468 2057 ergo
493 2021 562 2050 l'aiso
594 2027 740 2050 accusatus
771 2015 940 2059 Augustinus
965 2025 1136 2061 defendatur,

349 2067 458 2095 barbari
480 2076 575 2097 omnes
585 2088 592 2100 ,
615 2074 643 2097 et
661 2068 787 2101 Romani.
801 2075 827 2098 et
839 2070 924 2099 Grmci
939 2072 1052 2100 erimus.
1067 2074 1139 2101 Con-

348 2118 391 2140 tra
417 2113 463 2148 jus
494 2114 590 2149 fasque
623 2115 794 2150 Augustinus
825 2119 954 2150 tanquam
990 2124 1138 2148 contumax

348 2163 510 2193 accusatur,
521 2165 549 2188 et
563 2164 657 2188 contra
669 2161 716 2195 jus
726 2160 820 2197 fasque
830 2165 856 2189 et
872 2161 986 2191 Romani
995 2184 1002 2196 ,
1011 2169 1038 2192 et
1051 2164 1137 2193 Graeci

346 2205 456 2233 barbari
473 2205 640 2240 iudicantur.
662 2206 798 2240 Profecto,
816 2208 886 2236 dicet
904 2210 967 2244 quis
981 2211 1032 2243 vel,
1046 2219 1097 2240 nos
1111 2213 1138 2240 in

1190 1660 1252 1680 mur
1269 1659 1286 1679 a
1303 1656 1397 1680 nostro
1419 1652 1544 1680 instituto
1558 1652 1672 1680 minime
1689 1652 1790 1680 aliena.

1223 1709 1282 1737 Col.
1292 1709 1354 1742 752,
1364 1709 1411 1736 lin.
1422 1709 1466 1736 ‘8.
1476 1709 1645 1744 Ἐκαλύφθη
1651 1708 1687 1736 τὰ
1692 1707 1978 1744 ὑψηλάπιιωνιιξιιι

1190 1756 1225 1782 ad
1236 1746 1408 1790 ,Auiotycim.
1428 1755 1476 1782 lib.
1495 1762 1536 1787 ιιι,
1552 1755 1591 1782 ait
1602 1755 1712 1791 τδῦδωρ
1728 1755 1870 1790 ὑψωθῆναι
1887 1755 1982 1790 tum

1189 1801 1290 1833 παντὸς
1303 1801 1383 1836 ὅρους
1393 1800 1495 1835 ὑψηλοῦ
1512 1800 1708 1827 πεντεκαίδεκα
1724 1801 1832 1836 πήχεις,
1853 1805 1882 1828 et
1901 1801 1978 1829 Albi-

1190 1854 1253 1878 nus,
1272 1846 1373 1879 Quart.
1393 1847 1422 1873 in
1438 1845 1544 1879 Genu,
1560 1846 1612 1873 hoc
1635 1845 1694 1874 ﬁeri
1709 1846 1833 1882 potuisse
1846 1846 1977 1879 afﬁrmat,

1189 1894 1314 1929 quamvis
1338 1892 1371 1920 ad
1384 1892 1458 1920 illam
1475 1896 1578 1928 partem
1593 1892 1665 1920 aeris
1675 1892 1838 1927 pervenerit,
1851 1892 1882 1920 in
1896 1900 1978 1928 quam

1190 1947 1240 1968 nec
1252 1944 1348 1967 ventus
1360 1939 1499 1970 invadere,
1509 1947 1560 1967 nec
1568 1938 1656 1966 nubes
1669 1938 1831 1966 condensari
1842 1946 1976 1976 possunt:

1191 1985 1222 2013 Si
1240 1989 1311 2012 terra
1333 1985 1448 2019 spatium
1471 1985 1544 2011 illius
1568 1984 1707 2019 tranquilli
1724 1984 1828 2012 aetheris
1856 1985 1978 2013 iuraiura

1190 2034 1283 2064 potest.
1300 2037 1348 2056 cur
1363 2038 1415 2056 non
1430 2034 1455 2056 et
1471 2037 1540 2064 aqua
1555 2029 1715 2057 crescendo?
1731 2028 1798 2056 Sunt
1815 2034 1905 2058 tamen
1921 2031 1978 2067 qui-

1190 2075 1263 2108 dam,
1280 2076 1325 2111 qui
1336 2079 1428 2110 putant
1450 2083 1496 2102 nec
1510 2080 1586 2102 teme
1606 2075 1813 2110 inaequalitatem
1828 2076 1921 2109 talem,
1933 2085 1977 2104 nec

1191 2122 1320 2148 montium
1347 2120 1515 2148 altitudinem
1541 2125 1645 2148 tantum
1666 2125 1727 2148 ante
1746 2121 1876 2150 diluvium
1896 2122 1977 2157 fuisse

1191 2166 1258 2193 sicut
1280 2173 1348 2192 nunc
1370 2170 1420 2192 est.
1437 2164 1536 2193 Verum
1556 2165 1816 2201 philusophicarum,
1831 2175 1864 2195 ac
1885 2176 1976 2196 rerum

1191 2211 1443 2238 mathematicarum
1456 2212 1543 2246 perito
1560 2211 1671 2239 minime
1687 2205 1743 2239 haec
1757 2215 1893 2242 sententia
1908 2216 1977 2243 arri-

346 2252 462 2280 lectione
474 2256 616 2280 auctorum
631 2254 678 2288 qui
695 2254 730 2281 de
748 2254 850 2282 diluvio
869 2256 950 2283 verba
969 2256 1069 2291 fecere,
1086 2267 1138 2288 ca‘.
1156 2269 1180 2299 ι)
1193 2256 1277 2284 debit.
1292 2256 1423 2289 Quamvis
1435 2258 1508 2284 enim
1525 2257 1567 2285 his
1580 2258 1750 2293 temporibus
1773 2264 1882 2288 montes
1895 2262 1975 2290 sitio.

346 2299 486 2331 cutimus;
506 2299 550 2326 vel
568 2299 738 2334 Augustinus
765 2301 844 2328 aliter
864 2308 896 2329 ac
923 2309 967 2329 res
985 2308 1043 2331 erat
1058 2313 1141 2343 expo-

347 2344 412 2375 suit,
428 2346 475 2380 qni
503 2349 598 2372 contra
624 2346 706 2373 sentit
730 2350 757 2373 et
779 2346 871 2381 lapsus
890 2351 942 2379 est,
967 2349 1087 2380 historia:
1111 2360 1139 2382 et

346 2390 521 2425 antiquitatis
531 2394 579 2417 aut
594 2391 712 2424 inscitia,
727 2395 774 2419 aut
785 2392 933 2422 obliviom-.
948 2394 1136 2433 Nequaquam.

345 2433 470 2469 Namque
496 2434 667 2470 Augustinus
696 2436 736 2462 ait
764 2436 792 2463 id
820 2445 875 2464 non
905 2439 1018 2467 novisse
1049 2450 1138 2478 neque

345 2480 481 2512 Grecam,
497 2489 586 2516 neque
594 2480 717 2508 Latinam
730 2482 884 2516 historiam,
893 2485 966 2519 quod
978 2493 1073 2514 verum
1085 2493 1138 2521 est,

345 2533 370 2555 et
386 2527 488 2555 rationi
506 2527 668 2563 veritatique
681 2528 804 2556 historiae
817 2535 1048 2566 consentaneum;
1066 2541 1138 2562 nun-

347 2580 431 2607 quam
448 2573 522 2600 enim
540 2574 656 2602 historia
675 2575 733 2602 sive
744 2575 847 2607 Graeca.
860 2577 919 2606 sive
934 2577 1031 2607 Latina
1047 2588 1063 2608 a
1080 2581 1139 2610 suis

350 2619 533 2655 scriptoribus
554 2622 741 2649 monumentis
760 2615 895 2665 publicis,
915 2625 974 2653 sive
996 2626 1137 2655 hominum

350 2666 499 2694 traditione
528 2666 554 2693 id
580 2666 688 2700 habuit,
714 2666 856 2695 Noeticum
885 2669 1018 2698 diluvium
1041 2671 1135 2700 fuisse.

352 2713 461 2741 Recens
492 2716 535 2740 est
557 2716 585 2740 et
605 2712 715 2748 juvenis
740 2713 855 2742 historia
868 2714 1023 2744 Grecorum
1042 2721 1070 2744 et
1087 2717 1139 2744 La-

345 2758 485 2792 tinorum;
505 2758 727 2794 antiquissimum
742 2758 886 2788 Noeticum
897 2760 1043 2794 diluvium,
1057 2762 1095 2789 ita
1107 2766 1138 2789 ut

347 2804 411 2839 ejus
432 2804 564 2833 memoria
585 2803 759 2832 traditionem
776 2812 885 2834 omnem
899 2806 1021 2842 ell'ugiat.
1037 2806 1138 2835 Habuit

347 2850 423 2879 illius
444 2849 570 2879 notitiam
588 2848 766 2878 Hebreorum
789 2851 904 2879 historia
923 2851 1075 2887 Scriptura;
1091 2860 1138 2881 sa-

347 2902 402 2925 crn
415 2896 601 2925 monumentis
615 2904 751 2933 nusquam
765 2902 856 2927 tamen
871 2903 914 2927 est
927 2898 1042 2928 historia
1060 2899 1138 2928 Grc-

1194 2309 1236 2328 res
1253 2301 1445 2332 concedamus,
1461 2309 1516 2328 non
1537 2305 1628 2328 tamen
1648 2307 1808 2338 sequeretur
1830 2309 1897 2332 tunc
1913 2305 1974 2334 alti-

1190 2347 1315 2375 tudinem
1341 2348 1474 2375 montium
1494 2355 1548 2374 non
1576 2347 1662 2376 luisse
1686 2345 1800 2382 tantam.
1812 2350 1884 2379 sicut
1901 2359 1974 2380 nunc

1190 2394 1322 2420 cernitur.
1343 2393 1488 2428 Nunquam
1517 2393 1590 2420 enim
1613 2400 1759 2423 creverunt
1780 2401 1899 2430 montes,
1923 2406 1974 2427 nec

1190 2440 1217 2466 in
1243 2440 1374 2475 majorem
1390 2439 1559 2467 altitudinem
1573 2448 1603 2468 se
1618 2449 1773 2476 erexerunt,
1787 2444 1869 2471 etiam
1884 2445 1907 2473 si
1926 2453 1973 2473 su-

1189 2486 1332 2514 blimiores
1349 2486 1473 2513 videntur
1483 2495 1490 2518 ;
1502 2486 1618 2514 vallibus
1630 2487 1703 2514 enim
1718 2488 1745 2515 in
1760 2489 1843 2516 imum
1856 2489 1972 2523 eﬁossis.

1190 2535 1264 2559 terra
1280 2531 1436 2559 labentibus
1456 2531 1535 2566 aquis
1552 2531 1714 2560 decurrente
1728 2537 1776 2560 aut
1788 2535 1869 2562 etiam
1879 2535 1973 2563 ﬂuvie.

1190 2576 1273 2607 libus.
1286 2580 1392 2603 montes
1408 2575 1519 2603 altiores
1532 2580 1690 2612 assurgunt,
1705 2585 1762 2605 non
1776 2578 1850 2613 quod
1871 2579 1972 2615 aliquid

1189 2621 1244 2650 illis
1263 2622 1296 2650 de
1320 2629 1391 2649 noro
1410 2621 1446 2649 sit
1465 2621 1636 2656 sdjunctum,
1650 2625 1698 2650 sed
1711 2623 1777 2658 quia
1791 2623 1820 2651 in
1832 2624 1973 2658 lateribus,

1189 2669 1233 2696 vel
1246 2669 1304 2695 ima
1318 2671 1395 2702 parte
1409 2667 1518 2703 aliquod
1533 2671 1575 2696 est
1588 2668 1753 2701 detractum.
1770 2673 1799 2697 et
1815 2676 1882 2698 sane
1894 2678 1973 2699 mon-

1188 2719 1231 2743 tes
1250 2715 1304 2751 ipsi
1323 2714 1445 2750 qnotidie
1464 2718 1617 2750 temporum
1641 2714 1773 2743 edacitati
1800 2715 1910 2745 obnoxii
1926 2717 1974 2747 de-

1188 2765 1328 2790 crescunt.
1343 2760 1511 2788 Fabulantur
1520 2760 1617 2793 Judai.
1629 2761 1670 2797 0g
1686 2768 1776 2797 regem
1787 2761 1876 2790 Basau
1889 2762 1973 2793 {nise

1189 2815 1222 2836 ex
1245 2807 1402 2843 gigantibus
1423 2806 1493 2840 illis,
1505 2806 1539 2835 de
1551 2807 1653 2843 quibus
1667 2807 1767 2835 dicitur
1787 2807 1852 2836 Cat.
1868 2817 1930 2843 vru,
1944 2810 1971 2838 in

1189 2853 1326 2881 altissimo
1342 2855 1435 2880 monte
1455 2852 1663 2886 consistentem,
1688 2852 1811 2882 evasisse
1829 2854 1969 2888 diluvium,

1188 2898 1312 2935 illudque
1325 2897 1442 2934 probant
1448 2905 1482 2926 ex
1489 2898 1602 2935 ecquod
1613 2898 1729 2927 habetur
1737 2898 1815 2929 Deut.
1827 2907 1858 2929 nt
1870 2909 1878 2929 :
1895 2899 1968 2929 Solus
