2143 3163
206 188 257 216 995

745 184 778 212 ΙΝ
799 183 984 212 EUSTATIIII
1007 183 1242 211 IlEXAl‘IMICIlON
1261 183 1374 212 NOTJI.

1784 190 1838 217 θυι

207 244 357 280 βωοιοντας
370 243 518 279 ἀνατρέψαι
536 243 600 279 περὶ
612 243 718 281 αὑτοῖςι
729 244 760 270 τὸ
771 245 932 279 μηχάνημα.
941 243 995 269 Τοῦ
1011 249 1020 275 Α

1011 249 1033 275 Α
1047 242 1129 277 pedes
1152 242 1274 274 ducenti,
1297 243 1412 269 latitudo
1436 244 1642 280 quinquageni:
1662 246 1689 272 in
1715 246 1837 282 singulos

205 290 272 326 δῆτα
297 290 405 325 ἐρείπια
422 289 548 323 λέγεσθαι
575 289 730 316 Βαϐυλῶνα.
749 289 900 317 Alexander
915 288 994 323 Poly-

207 336 295 363 histor
307 344 341 363 ex
355 335 502 370 Eupoiemo
512 345 519 361 ι
531 335 686 370 Εὐπόλεμος
700 336 728 362 δὲ
745 337 774 362 ἐν
790 335 829 371 τῷ
845 336 910 370 περὶ
928 335 993 361 Ἰου-

205 381 287 408 δαίων
306 381 356 416 τῆς
377 381 523 415 ’Δσσυρίας
543 381 609 415 φησὶ
632 380 707 407 πόλιν
723 380 869 408 meum“
886 380 993 416 πρῶτον

207 427 258 462 μὲν
268 427 408 462 κτισθῆναι
421 427 473 453 ὑπὸ
480 427 534 454 τῶν
548 427 734 454 διασωθέντων
750 428 782 453 ἐκ
797 427 844 453 τοῦ
858 427 993 453 κατακλυ-

206 472 286 508 σμοῦ,
312 470 381 498 εἶναι
403 472 431 498 δὲ
448 473 546 504 αὐτοὺς
564 473 709 507 γίγαντας,
732 472 883 506 οἰκοδομεῖν
900 471 928 498 δὲ
947 472 992 498 τὸν

206 518 395 553 ἱστορούμενον
408 518 520 554 πύργον.
532 519 663 550 Πεσὸντος
674 519 703 545 δὲ
716 518 810 544 τούτου
820 518 872 544 ὑπὸ
882 518 933 552 τῆς
944 517 990 543 τοῦ

204 563 272 590 θεοῦ
286 564 435 600 ἐνεργείας,
447 565 511 595 τοὺς
525 564 655 598 γίγαντας
661 564 841 599 διασπαρῆναι
857 564 917 590 καθ’
927 564 991 599 ὅλην

204 609 253 645 τὴν
260 610 322 645 γῆν.
335 609 413 637 Dictu
426 610 493 637 mira
511 611 601 645 prodit
614 609 795 645 Hieronymus
808 611 835 637 in
852 618 897 637 xtv
908 614 990 645 caput

205 655 292 683 Esaiae
317 656 351 683 de
377 656 522 684 altitudine
544 657 627 692 hujus
651 657 737 684 turris
761 657 796 683 ad
827 657 988 684 miraculum

206 709 303 736 usque,
316 710 396 737 quem
412 703 482 730 vide.

237 747 297 775 Col.
311 748 373 780 755,
392 748 439 776 lin.
453 748 499 776 26.
519 748 664 776 Ἀπειλῶν
675 748 728 775 τὸν
744 749 828 775 Θεόν.
850 748 923 780 Ideo,
939 748 987 780 ait,

203 794 265 821 illos
279 794 403 821 homines
417 795 513 822 turrim
527 794 687 826 :edilicasse,
697 797 726 821 ut
737 799 833 821 contra
844 794 986 825 diluvium.

202 840 285 866 etiam
303 839 357 868 Deo
368 841 488 871 nolente.
512 840 564 868 sibi
591 841 777 868 consulerent.
794 840 893 868 Eadem
908 840 987 868 .lose-

203 885 285 920 phus,
300 885 346 912 lib.
362 893 370 912 l
393 886 537 921 Antiquit.,
548 887 627 921 cujus
642 886 724 914 verba
739 894 822 922 supra
835 888 984 922 posuimus.

202 931 385 967 Augustinus,
415 932 463 967 lib.
485 940 528 959 xv:
552 932 589 959 De
608 933 714 960 civitate
734 933 794 967 Dei,
809 940 870 969 cap.
894 934 921 966 4,
942 943 988 962 ve-

203 985 269 1005 sana
297 978 336 1006 ait
351 979 467 1013 quadam
483 979 566 1006 animi
591 979 720 1011 elatione,
735 987 767 1006 ae
791 980 947 1012 insolentia,
961 986 988 1007 tt

203 1023 336 1051 adversus
354 1023 439 1051 Deum
461 1025 599 1059 impietate
611 1024 741 1052 Nemroth
760 1025 826 1052 illud
842 1026 986 1053 mdilicium

202 1070 381 1102 exstruxisse,
394 1074 424 1097 ut
438 1075 533 1098 contra
549 1069 634 1098 Deum
650 1071 702 1099 sibi
716 1077 825 1106 pararet
836 1080 989 1108 propugna-

202 1115 305 1146 culum,
319 1115 450 1150 illumque
464 1118 680 1152 quotiescunque
695 1117 820 1144 libuisset
835 1117 986 1149 infestaret,

202 1166 284 1195 atque
296 1160 456 1194 oli’enderet,
472 1162 595 1190 aliialias
609 1163 747 1190 adducunt
764 1171 872 1191 causas.
889 1163 988 1192 Noster

203 1206 364 1234 Eustathius
382 1212 536 1243 utramque,
553 1214 581 1236 et
591 1208 714 1245 Iosephi,
728 1215 755 1236 et
767 1209 911 1245 Augustini
924 1218 989 1238 con~

201 1252 301 1286 iunxit,
317 1257 345 1280 et
366 1254 446 1288 quasi
470 1262 551 1281 unam
567 1256 707 1290 exposuit;
732 1263 783 1283 nec
803 1256 928 1284 homines
948 1257 986 1284 illi

202 1298 275 1324 aliud
285 1299 311 1325 in
325 1304 415 1327 mente
424 1299 588 1327 habuerunt.
598 1300 692 1328 Solent
700 1302 771 1329 enim
785 1302 988 1336 przeteritisma-

202 1343 238 1370 lis
250 1343 352 1375 ailiicti,
364 1343 456 1372 futura
476 1345 568 1372 studio
581 1350 694 1382 arteque
707 1347 869 1382 propellere,
885 1355 919 1374 ne
943 1348 986 1375 bis

202 1388 298 1415 iisdem
323 1389 448 1418 infestari
475 1391 635 1427 contingat;
656 1397 682 1420 et
701 1393 765 1419 dum
785 1397 890 1420 natura:
908 1393 987 1421 donis

200 1434 325 1467 allluunt,
341 1436 449 1468 robore,
463 1437 577 1469 divitiis,
590 1439 807 1474 auctoritateque
822 1440 926 1474 stipati,
945 1440 987 1466 in-

200 1488 269 1507 sano
284 1488 353 1508 ausu
369 1480 476 1515 furere;
487 1486 515 1509 et
529 1490 592 1509 cum
602 1482 659 1517 jam
673 1483 812 1517 hominum
827 1492 856 1511 se
868 1491 929 1512 esse
940 1493 987 1512 su-

200 1527 324 1562 periores
349 1528 547 1562 persenserint,
571 1534 666 1556 contra
691 1529 775 1556 Deum
799 1530 984 1563 insolescere;

199 1573 308 1608 sibique
323 1581 414 1608 posse.
424 1574 644 1621 quandocunque
656 1575 682 1602 id
696 1575 777 1602 fuerit
789 1583 867 1610 opus,
879 1577 915 1621 ab
925 1576 985 1611 eius
998 1593 1020 1621 α

200 1625 282 1644 manu
293 1625 389 1645 cavere
399 1619 523 1653 opinari;
537 1619 603 1654 quin
615 1623 642 1646 ct
656 1621 780 1647 molestia
792 1621 867 1647 illum
879 1620 985 1648 allicere

199 1667 379 1697 praesumunt.
403 1663 425 1690 0
450 1664 594 1691 ridiculam
615 1664 791 1691 industriam!
807 1672 823 1692 ο
838 1665 984 1692 nefandum

199 1708 338 1735 studium!
363 1716 380 1735 ο
404 1709 564 1736 sceleratam
580 1710 802 1744 praevidentiam!
820 1709 866 1738 Nae
883 1711 934 1743 illi,
957 1715 985 1738 et

198 1754 298 1786 oculis,
312 1758 340 1781 et
355 1755 479 1787 auribus,
493 1760 521 1783 et
536 1756 628 1783 animo
640 1756 704 1783 caeci
721 1762 795 1784 sunt.

234 1798 315 1831 lbid.,
332 1799 379 1826 lin.
402 1800 445 1826 3i.
469 1800 500 1826 Ὀ
517 1800 590 1833 Θεὸς
612 1800 670 1835 τὴν
691 1800 857 1828 διάλεκτον.
882 1801 984 1837 Sibylla

198 1845 270 1880 apud
284 1845 449 1873 Eusebium:
468 1846 580 1872 Πάντων
599 1846 747 1881 ὁμοφώνων
763 1847 847 1874 ὄντων
865 1847 918 1874 τῶν
937 1850 985 1874 ἀν-

198 1889 328 1926 θρώπων,
343 1890 447 1926 πύργον
470 1883 649 1927 ᾠκοδόμησάν
672 1900 743 1923 τινες
759 1891 934 1927 ὑψηλότατον,
948 1893 986 1924 ὡς

197 1936 245 1962 ἐπὶ
259 1936 303 1962 τὸν
322 1936 434 1971 οὐρανὸν
455 1936 652 1971 ἀναϐησόμενοι
667 1937 700 1964 δι’
715 1937 806 1964 αὑτοῦ.
827 1939 857 1963 Οἱ
874 1937 902 1964 δὲ
919 1938 984 1969 θεοὶ,

198 1982 317 2016 ἀνέμους
335 1983 549 2018 ἐπιπέμψαντες,
568 1983 716 2018 ἀνέτρεψαν
737 1983 784 2010 τὸν
804 1983 918 2019 πύργον,
938 1984 986 2010 καὶ

200 2028 269 2054 ἰδίαν
283 2028 390 2062 ἑκάστῳ
405 2028 495 2064 φωνὴν
507 2029 619 2061 ἔδωκαν,
631 2029 678 2056 καὶ
690 2029 734 2055 διὰ
745 2029 824 2056 τοῦτο
839 2030 986 2057 Βαϐυλῶνι

199 2073 298 2109 συνέϐη
315 2073 446 2108 κληθῆναι
469 2074 518 2109 τὴν
538 2074 624 2100 πόλιν.
648 2074 679 2100 Et
705 2073 842 2102 llestrarus
857 2084 863 2101 :
876 2074 936 2101 Τῶν
957 2075 985 2101 δὲ

199 2122 294 2158 ἱερέων
307 2123 369 2154 τοὺς
387 2123 577 2156 διασωθέντας,
592 2124 626 2151 τὰ
641 2124 687 2150 τοῦ
707 2124 845 2150 Ἐνυαλίου
864 2123 924 2155 Διὸς
946 2125 985 2150 ἱευ

199 2169 314 2205 {Abiu-:1
329 2169 469 2200 λαϐόντας,
491 2171 530 2201 εἰς
549 2170 669 2206 Σενναὰρ
688 2170 736 2205 τῆς
755 2163 926 2201 Ιίαϐυλωνίας
943 2170 986 2196 ἑλ-

197 2214 264 2241 Θεῖν.
278 2214 434 2240 Σκίδνανται
454 2215 485 2250 δὴ
500 2215 530 2242 τὸ
546 2215 637 2242 λοιπὸν
651 2215 774 2242 ἐντεῦθεν
792 2216 844 2242 ὑπὸ
854 2215 903 2251 τῆς
917 2216 983 2250 ὀμο-

197 2260 333 2294 γλωσσίας
345 2260 394 2291 τὰς
420 2261 556 2292 συνοικίας
571 2261 748 2295 ποιησαι-,ενοι
766 2260 914 2295 πανταχοῦ,
936 2260 983 2286 καὶ
1000 2261 1021 2287 D

197 2307 250 2341 γῆν
266 2306 375 2332 ἕκαστοι
390 2306 591 2340 κατελάμὸανον
608 2307 656 2342 τὴν
670 2306 842 2342 ἐντυχοῦσαν.

235 2351 313 2383 lbid.,
331 2353 377 2378 lin.
394 2352 513 2378 255.1de
528 2353 635 2378 τούτου
649 2355 665 2378 ὀ
682 2353 724 2380 τό.
741 2352 923 2387 Augustinus,
944 2352 984 2379 De

197 2399 302 2425 ciuitate
321 2397 378 2428 Dei,
395 2398 441 2424 lib.
457 2405 513 2428 xw,
530 2405 590 2432 cap.
605 2398 634 2425 4:
647 2397 704 2425 Ista
717 2398 810 2425 civitas
820 2406 877 2432 qua:
893 2398 983 2432 appel-

198 2445 254 2470 lata
266 2448 304 2470 est
319 2443 448 2477 confusio,
464 2444 521 2477 ipsa
535 2448 573 2469 est
589 2443 720 2479 Babylon,
739 2444 815 2478 cujus
835 2444 983 2470 mirabilem

197 2488 417 2515 coitslruclianeut
441 2488 555 2523 genlium
577 2490 656 2514 etiam
678 2488 841 2515 commendat
859 2489 980 2516 historia.

197 2534 317 2569 Babylon
324 2535 416 2569 quippe
429 2534 616 2568 interpretatur
625 2535 760 2562 c0nl‘usio.
772 2534 802 2561 Et
816 2535 961 2569 Abydenus
973 2543 980 2560 :

203 2581 232 2607 ὐ
247 2580 274 2606 δὲ
288 2581 369 2612 τόπος
383 2581 412 2606 ὲν
424 2577 445 2613 ᾧ
462 2580 506 2606 τὸν
521 2579 623 2614 πῦργον
636 2577 822 2615 ιξικοδὸμηοᾶν,
834 2580 880 2606 νῦν
897 2580 983 2606 Βαϐυ-

196 2626 251 2652 λὼν
265 2627 387 2653 καλεῖται
403 2626 447 2652 διὰ
462 2626 511 2660 τὴν
533 2626 661 2660 σύγχυσιν
691 2626 736 2652 τοῦ
753 2626 816 2662 περί
832 2627 881 2660 τὴν
894 2626 982 2652 διάλε-

197 2681 260 2699 κτον
280 2672 388 2708 πρῶτον
409 2671 549 2706 ἐναργοῦς.
567 2671 684 2706 Ἑϐραῖοι
707 2672 762 2707 γὰρ
782 2672 832 2707 τὴν
852 2671 982 2706 σύγχυσιν

197 2718 281 2754 βαϐὲλ
297 2718 433 2745 καλοῦσιν.
449 2718 513 2744 Eam
537 2723 662 2744 acrurate
679 2718 837 2745 describunt
859 2717 982 2744 Herodo-

197 2769 254 2796 tus,
269 2764 317 2790 lib.
334 2764 494 2797 i;Curtius.
518 2764 564 2790 lib.
588 2771 621 2795 v;
645 2763 829 2791 Philostratus
843 2772 861 2790 ι.
879 2763 981 2791 Pausa-

196 2810 258 2836 nias
276 2809 360 2836 tradit
380 2811 501 2836 omnium
516 2816 597 2844 quam
612 2817 732 2843 unquam
749 2810 791 2837 sol
813 2811 918 2844 aspexit
935 2818 982 2836 ur-

196 2855 272 2882 bium
283 2856 428 2882 maximam
439 2865 446 2889 ;
459 2856 528 2882 muri
539 2856 669 2882 ambitum
679 2856 773 2883 habuit
784 2858 980 2887 trecentorum,

196 2905 224 2929 ct
238 2902 377 2938 octoginta
390 2903 511 2939 quinque
534 2902 704 2936 stadiorum;
728 2910 844 2938 quorum
866 2902 981 2931 altitudo

1047 289 1130 323 pcdcs
1146 293 1232 316 terms
1245 289 1338 323 digitis
1352 297 1479 316 uit-risura
1493 291 1625 326 ampliore
1636 299 1717 326 qnam
1731 296 1835 320 nostra.

1047 333 1094 360 Via
1112 334 1137 360 in
1155 334 1293 361 tnmnil-tus
1315 334 1382 368 ipsis
1406 339 1460 361 tam
1483 336 1535 362 lata
1574 341 1601 363 nt
1623 338 1765 373 quadriga!
1786 339 1838 366 sil.i

1044 379 1160 406 invicem
1197 384 1377 406 occurrentes
1399 380 1479 407 facile
1503 383 1670 415 pcrtransire
1702 388 1838 417 possent:

1043 424 1116 459 quod
1142 425 1285 459 Antipater
1309 426 1446 459 expressit
1469 434 1530 452 cum
1557 428 1704 463 ἐπίδρομον
1732 429 1838 464 ἅρμασι

1042 472 1131 505 τεῖχος
1147 478 1256 496 murum
1271 472 1464 506 appellavit,c.t
1476 470 1611 506 Propert.,
1630 473 1676 499 lih.
1691 480 1719 499 nt
1740 483 1747 500 :

1080 517 1113 543 Et
1132 517 1186 542 duo
1201 517 1228 543 iu
1245 517 1384 543 tulcersttm
1403 518 1475 543 misit
1493 525 1539 550 per
1555 519 1650 545 mwnia
1668 527 1765 546 currus

1113 551 1155 578 λε
1171 558 1278 585 possth
1298 557 1370 578 lucto
1385 553 1514 586 stringere
1534 553 1566 578 ub
1581 561 1629 579 (uc
1647 554 1730 581 Iulus.

1042 594 1109 629 Ejus
1132 596 1259 622 conditor
1285 596 1410 623 laudatur
1442 596 1584 628 Ncmroth,
1607 597 1736 633 Joscplio,
1758 598 1806 626 lib.
1825 607 1834 626 l

1041 641 1144 676 Antiq.,
1153 640 1276 673 Zonaim,
1287 641 1421 675 Cedreno,
1432 643 1493 670 aliis
1503 652 1509 670 :
1521 643 1688 676 Marcellino,
1699 645 1744 672 lib.
1754 653 1834 678 XXIII,

1040 685 1136 720 Belus;
1149 685 1287 721 Stephano
1301 686 1420 722 Babylon
1438 687 1506 714 Medi
1521 689 1594 716 lilius
1609 698 1615 715 :
1629 689 1755 716 Βαϐυλὼν
1764 690 1834 726 Περ-

1040 731 1104 766 σικὴ
1118 731 1205 762 πόλις,
1221 732 1397 767 μητρόπολις,
1414 732 1543 759 Σελευκία
1562 733 1714 768 καλουμένη
1727 753 1734 766 ,
1751 734 1834 761 Βαϐυ-

1039 777 1123 809 λῶνος
1137 777 1233 812 ἀνδρὸς
1254 778 1356 813 κτίσμα
1374 778 1550 810 παλαίτατον,
1568 777 1723 814 tingendum
1739 781 1832 813 παιδὸς

1038 823 1142 858 Μήδου,
1158 823 1217 858 οὐχ,
1233 823 1271 855 ὡς
1289 824 1437 860 Ἡρόδοτος,
1447 825 1500 851 ὑπὸ
1515 826 1713 861 Σεμιράμιδος·
1731 828 1833 863 ταύτης

1037 866 1091 900 γὰρ
1109 864 1143 902 ἦν
1163 867 1329 903 ἀρχαιοτέρα
1339 868 1412 895 ἔτεσι
1429 869 1523 904 χιλίοις
1539 870 1600 903 δύο,
1625 871 1664 902 ὡς
1683 870 1833 907 Ἐρῤάνιος.

1006 918 1024 944 η
1040 911 1166 946 l'lerique
1178 913 1225 939 alii
1239 913 1446 942 Semiramidem
1459 921 1601 950 parentem
1617 917 1731 946 faciunt.
1748 918 1833 946 Clau-

1039 958 1148 989 dianus,
1165 959 1192 985 in
1210 958 1284 985 Rnﬂ.
1300 959 1348 987 lib.
1367 968 1376 986 t
1398 968 1404 985 :

1077 1003 1202 1042 greditur
1213 1009 1237 1031 et
1255 1010 1358 1032 ceruum
1371 1007 1455 1040 portis
1470 1006 1609 1042 Babylona
1622 1009 1761 1042 superbam

1076 1038 1217 1066 Femineas
1233 1042 1364 1067 struxisse
1372 1038 1376 1040 ’
1383 1042 1425 1067 (ab
1430 1050 1468 1068 ur.

1039 1083 1070 1110 Et
1084 1083 1207 1119 Propert.
1228 1085 1275 1112 lib.
1292 1092 1340 1112 tu:

1072 1129 1217 1166 Persarum
1233 1132 1327 1158 statuit
1345 1131 1482 1166 Babylona
1494 1132 1651 1160 Semiramis
1668 1135 1759 1162 urbem

1112 1164 1145 1191 Ut
1161 1166 1275 1192 solidum
1289 1172 1362 1193 cocto
1377 1164 1477 1194 toileret
1491 1177 1584 1203 aggere
1601 1177 1676 1203 opus.

1039 1207 1076 1236 De
1089 1208 1226 1245 Babylone
1237 1210 1298 1238 vide
1312 1211 1388 1246 plura
1402 1212 1472 1246 apud
1483 1212 1826 1241 AbrahamnmHorteli‘tm

1038 1253 1065 1280 in
1079 1250 1212 1281 Thesauro
1224 1256 1377 1290 geograplu,
1397 1255 1553 1284 Manlia-um
1571 1257 1706 1285 Radernm
1719 1259 1744 1285 in
1760 1258 1831 1285 Illur-

1037 1299 1140 1332 tialem,
1157 1301 1204 1327 lib.
1222 1309 1241 1332 I,
1256 1302 1336 1336 epist.
1356 1301 1382 1334 I;
1399 1301 1574 1334 Strabonem,
1591 1303 1637 1330 lib.
1653 1311 1716 1336 ut;
1735 1303 1832 1332 Diodo-

1037 1352 1097 1371 rum
1122 1344 1257 1378 Siculum,
1276 1347 1323 1373 lib.
1348 1355 1398 1380 tu;
1417 1347 1567 1379 Justinum,
1597 1349 1642 1376 lib.
1662 1357 1680 1382 ι,
1696 1349 1829 1378 Joannem

1038 1389 1173 1417 Bodinum
1191 1391 1218 1418 in
1245 1393 1412 1427 Compendio
1433 1393 1576 1427 historico,
1604 1394 1778 1430 Rodiginum,
1802 1400 1830 1422 o-t

1039 1436 1117 1463 alios.
1133 1435 1214 1463 Plura
1229 1445 1279 1464 nos
1293 1438 1356 1465 item
1371 1438 1533 1466 notabamus
1550 1440 1652 1467 nostris
1664 1441 1691 1467 in
1707 1440 1830 1468 Philonis

1038 1479 1161 1516 Byzantii
1173 1481 1206 1509 de
1215 1487 1317 1517 septem
1324 1482 1398 1510 orbis
1406 1484 1571 1517 spectaculis
1578 1484 1708 1516 libellum,
1722 1486 1830 1521 elegan-

1037 1527 1172 1554 tissimum
1192 1527 1266 1554 illum
1283 1528 1404 1562 quidem,
1416 1529 1449 1556 de
1462 1528 1599 1565 Babylone
1614 1534 1641 1557 et
1659 1531 1718 1565 ejus
1730 1532 1827 1558 muris.

1071 1584 1153 1615 Ibid.,
1180 1585 1229 1612 lin.
1256 1584 1301 1612 36.
1319 1585 1467 1619 Ἕκαστος
1493 1587 1567 1622 γοῦν
1596 1587 1662 1620 τήν.
1695 1586 1827 1614 οὶειίιι‹-ι.ι

1036 1630 1183 1657 admodum
1208 1635 1302 1658 noster
1316 1630 1477 1659 Eustathius
1497 1633 1687 1661 successiones
1710 1633 1827 1661 ﬁliorum

1035 1675 1091 1702 Noe
1115 1676 1300 1711 prosequitur,
1317 1681 1344 1704 et
1369 1681 1447 1704 terra:
1463 1677 1637 1705 divisionem.
1659 1678 1691 1705 lli
1709 1687 1827 1714 namque

1034 1721 1157 1747 omnium
1182 1720 1323 1758 hominum
1349 1726 1477 1756 parentes
1502 1724 1599 1749 merito
1622 1723 1675 1750 dici
1700 1730 1827 1758 possunt,

1035 1774 1096 1793 cum
1114 1765 1212 1800 reliqui
1227 1773 1361 1800 aquarum
1382 1767 1428 1794 illa
1442 1767 1622 1795 inundatione
1637 1768 1781 1802 ohiissent,
1797 1774 1826 1796 ct

1035 1819 1068 1838 ex
1085 1811 1128 1838 his
1149 1815 1308 1838 nostrorum
1328 1812 1450 1839 omnium
1466 1817 1545 1840 ortus
1568 1814 1758 1848 agnoscendus
1772 1820 1826 1843 est.

1037 1855 1086 1883 Per
1099 1863 1195 1884 omnes
1207 1856 1279 1884 enim
1296 1857 1391 1884 mundi
1414 1863 1507 1892 partes
1521 1858 1612 1886 diﬂ‘usi
1630 1867 1716 1894 genus
1732 1861 1828 1888 huma~

1036 1910 1100 1928 num
1117 1907 1312 1937 propagarunt,
1327 1911 1432 1939 suaque
1446 1905 1565 1939 posteris
1580 1906 1690 1933 nomina
1716 1906 1827 1933 immor-

1036 1948 1159 1979 talitatis,
1172 1952 1199 1974 et
1215 1949 1352 1975 memoria:
1370 1957 1436 1983 ergo
1452 1950 1674 1977 transmiserunt.

1071 1993 1151 2026 lbid.,
1175 1994 1224 2020 lin.
1247 1994 1293 2021 Η.
1317 1993 1378 2020 Τῶν
1395 1995 1549 2029 Ἑλλήνων
1571 1996 1656 2029 μετά.
1674 1995 1735 2023 llaec
1759 2003 1827 2024 sane

1036 2039 1087 2066 l'uit
1106 2039 1262 2066 Graecorum
1287 2041 1456 2074 prastantia.
1475 2041 1531 2067 lucc
1547 2041 1643 2072 virtus,
1669 2042 1735 2069 solis
1757 2042 1826 2076 ipsis

1035 2092 1178 2116 concessa,
1198 2085 1330 2120 denegata
1354 2086 1471 2120 caeteris,
1487 2090 1516 2112 ut
1539 2090 1645 2121 rcperta
1665 2087 1699 2114 ab
1720 2087 1826 2114 aliisin

1036 2129 1173 2156 meliorem
1201 2129 1306 2165 frugem
1332 2131 1504 2164 reducerent,
1528 2132 1623 2158 mutila
1643 2133 1825 2167 perlicelent,

1035 2174 1149 2202 confusa
1165 2175 1372 2209 distribuerent,
1393 2184 1488 2203 manca
1503 2178 1824 2212 supplerent,‘snperﬂna

1035 2221 1192 2255 demerent;
1206 2229 1260 2248 non
1273 2222 1398 2255 barbare,
1412 2231 1467 2250 non
1484 2223 1652 2256 indistincte,
1663 2223 1709 2251 sed
1721 2224 1824 2258 optima

1036 2267 1174 2298 methodo,
1190 2267 1375 2302 pulcherrimo
1389 2267 1507 2302 eloquio,
1521 2273 1546 2295 et
1562 2269 1704 2304 aptissima
1720 2269 1824 2295 oratiu-

1034 2314 1078 2340 nis
1094 2318 1250 2346 structura;
1267 2314 1351 2340 multa
1365 2314 1446 2341 etiam
1465 2315 1689 2350 ipsiinvenirent,
1707 2323 1767 2350 qua:
1785 2315 1824 2342 ita

1034 2358 1205 2393 perlicerent,
1226 2363 1256 2385 ut
1270 2366 1351 2387 nemo
1366 2360 1407 2387 vel
1424 2360 1459 2387 iis
1475 2360 1576 2395 aptius,
1592 2360 1633 2387 vel
1649 2360 1824 2387 connnodius

1033 2403 1124 2431 dicere
1143 2405 1272 2438 poluerit.
1293 2404 1364 2438 Quid
1377 2406 1485 2440 gannis,
1509 2410 1535 2432 et
1550 2405 1668 2432 blateras
1686 2406 1823 2439 ineptissi-

1034 2455 1095 2474 mus
1108 2449 1189 2482 Anni,
1204 2449 1238 2476 iis
1250 2456 1297 2484 per
1312 2457 1382 2484 quos
1397 2450 1564 2484 proleceras,
1582 2450 1603 2476 si
1619 2450 1684 2484 quid
1702 2457 1821 2484 unquam

1034 2493 1061 2519 in
1078 2494 1177 2521 litteris
1205 2495 1357 2529 proiecisti,
1378 2496 1479 2524 rustice
1503 2496 1625 2531 ingratus
1638 2496 1649 2521 ?
1660 2495 1687 2522 Si
1703 2495 1789 2522 Graeci
1805 2497 1822 2521 ii

1034 2543 1108 2571 sunt,
1125 2547 1194 2574 quos
1216 2545 1244 2567 tu
1260 2541 1393 2574 somnias,
1410 2542 1475 2577 quid
1496 2546 1535 2568 tot
1552 2542 1705 2576 vigiliarum
1722 2541 1749 2568 in
1768 2541 1824 2568 illis

1033 2585 1227 2614 elucubraudis
1262 2588 1449 2622 nugamenta?
1463 2587 1533 2619 Quid
1554 2591 1590 2613 tot
1612 2591 1758 2621 Congestas
1781 2587 1826 2613 inv

1033 2631 1120 2665 eplias
1136 2630 1240 2657 insulse
1257 2631 1409 2666 impendis?
1425 2633 1495 2665 Quid
1510 2633 1537 2659 in
1553 2632 1607 2659 illis
1618 2631 1823 2659 commentariis

1034 2676 1203 2703 illustrandis
1225 2683 1336 2711 operam
1353 2677 1464 2712 perdis?
1480 2677 1526 2704 Na:
1552 2682 1579 2703 tu
1601 2685 1653 2704 una
1674 2686 1735 2704 cum
1757 2677 1820 2708 il!§s,

1033 2730 1102 2756 quos
1120 2721 1219 2748 studiis
1245 2723 1355 2754 adoras,
1375 2723 1466 2758 lingua
1490 2724 1581 2757 iniqua
1599 2724 1768 2758 imprudenter
1782 2722 1822 2749 la-

1033 2775 1121 2797 ceras,
1142 2767 1183 2793 vel
1202 2768 1333 2799 insanire,
1350 2768 1390 2794 vel
1407 2769 1499 2799 lallax,
1515 2773 1541 2795 et
1558 2769 1690 2802 impostnr
1702 2775 1763 2795 csse
1777 2766 1824 2795 tie-

1033 2812 1208 2848 prelienderis
1221 2813 1226 2838 !
1246 2812 1330 2839 Graeci
1344 2818 1417 2844 sunt,
1435 2821 1504 2847 quos
1517 2815 1574 2848 ipse
1588 2814 1671 2840 duces
1685 2813 1820 2847 sequeris,

1033 2862 1057 2885 el
1077 2866 1110 2886 co
1125 2859 1179 2885 illis
1202 2859 1364 2893 perversior,
1386 2859 1458 2893 quod
1481 2867 1543 2885 cum
1560 2867 1607 2886 eos
1626 2863 1755 2894 tauquam
1770 2859 1822 2886 iu-

1033 2909 1158 2939 postorcs
1182 2912 1306 2938 accuses,
1324 2912 1420 2933 eorum
1443 2909 1535 2934 tamen
1559 2905 1682 2938 vestigiis
1703 2905 1821 2933 insistis.
