2144 3164
355 163 423 192 ιυοτ

1046 159 1169 189 ιεῡκιε
1187 158 1324 187 ΑιιΔτιι

1897 161 1967 191 1008

387 223 447 251 Col.
460 223 520 257 757,
529 222 575 250 lin.
585 222 629 250 37.
638 220 813 256 A'orttdpsoa
821 220 886 257 γάρ.
899 219 974 248 Hanc
980 220 1135 256 opinionem
1150 225 1174 253 Α
1187 228 1248 255 cap.
1268 219 1371 252 Helec..
1389 224 1417 247 et
1430 224 1548 248 tractatu
1564 221 1603 249 De
1616 222 1781 254 idololatria,
1797 227 1857 256 cap.
1869 218 1966 252 Libne,

356 275 382 297 et
395 269 472 297 multi
488 268 578 304 magni
589 267 708 296 numinis
716 267 810 296 Patres
821 268 907 296 secuti
920 271 993 294 sunt.
1008 265 1133 295 Justinus

352 315 455 352 Martyr
468 318 508 342 Λα
521 313 597 341 (ἕρπε.
613 318 710 350 quaest.
738 314 765 340 7t
777 322 785 346 ;
801 313 918 341 irenzeus
932 313 980 340 lib.
997 320 1013 340 ν
1024 312 1133 340 Αάῐνεη.

352 361 444 388 lueres.
460 367 520 395 cap.
535 364 603 393 nit.;
624 359 793 391 Laclantius,
807 359 855 386 lib.
878 366 912 386 vu
927 357 1048 385 Institut.
1070 366 1132 393 cap.

353 402 388 435 7;
407 401 525 429 Hilarius
541 408 603 429 can.
614 401 641 428 in
656 399 1070 436 Matthwunuvn;Auguslinus
1084 401 1132 430 lib.

352 455 388 474 ax
401 447 440 475 De
449 448 553 475 ciuitate
573 447 622 474 Dei
632 455 643 480 ;
657 446 836 483 Hieronymus
847 446 954 483 epistol.
971 447 1005 475 ad
1019 447 1134 483 Cypria-

353 500 429 524 num,
448 497 476 521 et
490 492 643 521 Comment.
664 493 691 519 in
707 491 856 524 licita-am,
876 499 936 527 cap.
961 501 988 520 IV
1000 502 1008 526 ;
1020 492 1134 521 Germa-

352 546 375 565 n'
401 537 613 566 -.Ct.ustantinus
631 537 678 565 lib.
695 537 733 564 De
749 537 860 564 Tlteoria
874 546 961 565 rerum
977 538 1133 566 ecclesiasti-

351 592 453 616 carum,
468 583 503 611 ad
516 583 589 610 hunc
599 590 740 610 numerum
753 584 907 619 quingentis
918 584 1042 619 adjectis,
1056 589 1082 612 et
1095 585 1132 612 ait

351 633 413 656 ante
428 630 517 664 ipsum
531 628 625 656 eadem
648 628 750 656 dixisse
765 633 792 656 et
808 629 982 665 Hippolytum
1004 637 1020 658 e
1033 628 1129 662 Roma,

350 678 377 701 et
404 674 433 702 S.
459 672 589 709 Cyrillum
615 673 643 701 in
664 673 713 701 lib.
740 673 778 701 De
799 674 979 706 Amic/crista,
1013 675 1132 711 itemque

349 720 584 756 Chrysostomum.
602 718 764 755 Opinionem
787 720 867 748 istam
884 728 938 748 non
953 729 1014 749 esse
1038 729 1129 749 veram

350 764 409 801 ipsa
424 765 590 801 experientia
605 765 746 798 docemur,
764 766 898 801 pracipuc
913 766 935 794 si
955 765 1130 803 Septuaginta

350 812 600 847 interpretationem
628 810 856 844 consideremus,
885 819 967 847 quam
994 817 1023 840 ut
1046 812 1130 847 pluri-

350 865 424 885 mum
439 857 526 886 secuti
540 862 604 885 sunt
620 862 746 886 auctores
765 865 847 893 supra
862 857 949 891 citati,
963 859 1008 894 qui
1025 859 1052 886 id
1067 866 1127 887 mo-

350 903 425 930 deste
452 907 638 930 asserucrunt.
672 901 785 938 Semper
810 902 912 930 dictum
941 903 1044 931 Christi
1075 912 1131 939 pra:

349 948 437 975 oculis
468 947 599 975 habentes
624 947 707 975 Marci
738 955 797 981 sui,
823 948 857 975 3‘2
873 957 880 976 :
898 947 937 975 De
948 948 991 976 die
1012 950 1069 982 illo,
1099 959 1130 977 ac

351 997 475 1028 tempore,
489 1001 563 1020 nemo
571 994 651 1024 novit,
668 1001 747 1028 neque
760 993 845 1028 angeli
855 994 957 1028 quidem
972 995 1016 1029 qui
1029 995 1054 1022 in
1066 996 1130 1023 calo

349 1043 421 1071 sunt,
432 1046 511 1073 neque
523 1038 575 1069 ipse
587 1037 689 1070 Filius;
701 1042 727 1066 et
743 1038 799 1065 Act.
814 1046 834 1071 ι,
850 1038 864 1065 7
875 1047 882 1065 :
893 1037 954 1065 Non
966 1045 1004 1066 est
1019 1044 1129 1067 vestrum

349 1091 426 1111 nosse
439 1089 553 1118 tempora
571 1083 609 1110 vel
626 1087 766 1118 motusuta,
781 1091 839 1118 quae
853 1084 923 1112 Deus
938 1086 1023 1119 posuit
1039 1086 1064 1112 in
1081 1094 1130 1113 sua

349 1133 486 1164 potestate.
510 1127 671 1163 Nuperrime
699 1133 787 1157 tamen
808 1129 985 1158 Cunmannus
1004 1129 1130 1158 Flinsba-

349 1173 428 1201 chius
461 1172 553 1201 furore
589 1172 751 1201 insanientis
779 1173 995 1202 Lutheranorum
1018 1174 1128 1203 han-esis

349 1224 438 1251 actus,
457 1218 549 1246 libello
566 1218 600 1247 de
615 1218 667 1246 hac
691 1226 721 1246 re
744 1218 818 1247 edito
842 1224 956 1247 conatur
972 1221 1126 1252 ostendere.

348 1263 442 1291 Mundi
466 1264 543 1299 hujus
575 1269 678 1292 atatem
702 1272 782 1299 supra
809 1273 854 1292 sex
876 1266 962 1293 millia
987 1275 1126 1300 annorum,

349 1313 473 1344 tanquam
497 1314 594 1336 certam
617 1315 641 1337 ﬂ
664 1310 799 1337 immotam
825 1315 931 1344 metam,
952 1320 1030 1346 quam
1056 1311 1126 1340 Πειη

349 1354 457 1388 mundo,
471 1355 582 1390 sapienti
602 1360 625 1382 et
637 1356 801 1383 inscrulabili
811 1357 920 1384 consilio
933 1357 1125 1390 determinavit,

349 1407 400 1426 non
426 1407 596 1428 excursuram
620 1409 685 1428 esse.
700 1401 799 1429 Deinde
813 1402 934 1430 ultimum
950 1404 1128 1431 millenariunt

350 1449 462 1478 sextum,
481 1446 506 1473 in
532 1455 583 1482 quo
605 1455 672 1474 nunc
699 1447 817 1479 vicimus,
836 1457 886 1475 non
906 1450 1061 1484 completum
1082 1450 1126 1477 iri.

351 1492 447 1518 Decem
460 1492 625 1526 conjecturis
647 1492 711 1520 hinc
726 1493 789 1520 inde
805 1494 839 1520 ab
855 1493 978 1528 ejusdem
992 1494 1126 1523 haereseos

349 1536 512 1584 primatibus
541 1538 644 1584 petitis.
668 1542 713 1584 uti
727 1538 779 1565 sibi
800 1538 907 1566 videtur
922 1539 1051 1568 ostendit.
1071 1539 1123 1568 Sed
1138 1556 1158 1584 ε

349 1582 441 1609 omnia
468 1583 571 1618 peregit
590 1587 688 1618 praster
708 1583 760 1611 hoc
779 1592 863 1612 unum
887 1585 938 1613 sibi
954 1588 1123 1621 propositum

350 1628 515 1660 institutum,
524 1629 705 1656 insulsissime
719 1630 802 1662 enim,
811 1634 838 1657 et
849 1630 1028 1666 undequaque
1043 1632 1126 1659 etiam

350 1673 468 1701 inaniter
494 1675 638 1702 occasione
666 1680 773 1710 arrepta
796 1676 822 1703 in
842 1675 992 1704 Ecclesium
1013 1678 1128 1705 catholi-

349 1726 408 1746 cam
427 1723 523 1753 praeter
534 1727 642 1747 onmem
658 1720 768 1747 inodum
779 1714 806 1748 et
821 1721 954 1749 rationem
967 1722 1126 1757 impiissitnc

349 1771 448 1798 spurco
470 1764 656 1800 maledicoquc
683 1772 730 1793 ore
758 1765 904 1794 invehitur.
929 1767 1078 1795 Commune
1099 1768 1126 1795 id

349 1809 487 1842 omnibus,
513 1810 560 1844 qui
587 1809 700 1837 veritate
728 1811 849 1846 neglecta
874 1812 936 1840 aliis
965 1813 1126 1848 copulantur

349 1856 456 1883 vesanis
478 1856 651 1891 opinionibus
679 1862 705 1885 et
729 1859 878 1886 erroribus.
897 1857 990 1893 itaque
1009 1867 1069 1887 cum
1093 1860 1125 1886 de

349 1911 400 1931 suo
427 1903 494 1930 nihil
523 1903 653 1939 proferat,
669 1905 751 1932 habet
776 1905 803 1933 id
827 1906 908 1934 etiam
925 1906 997 1942 quod
1018 1908 1126 1934 aliunde

349 1954 456 1984 arrepta
478 1949 506 1978 in
528 1950 646 1985 pejorcm
665 1952 827 1979 sententiam
843 1952 958 1985 deferat,
976 1961 1027 1981 nec
1045 1961 1124 1980 unam

349 1996 375 2022 ln
391 1999 465 2022 tanta
478 1996 697 2030 conjecturarum
721 1997 813 2025 illuvie
834 2006 894 2033 qur.
910 1998 1052 2027 discursus
1069 1998 1125 2026 for-

348 2048 430 2072 tnam.
448 2041 489 2068 vel
515 2042 758 2075 argumentationis
780 2043 945 2078 prmscferat,
963 2044 991 2072 in
1006 2045 1123 2071 medium

347 2086 434 2114 all‘ert.
451 2086 515 2122 Ejus
530 2088 702 2122 conjecturas
719 2087 852 2122 refellere,
867 2097 918 2117 nec
934 2090 1057 2121 interest,
1074 2098 1123 2117 nec

349 2133 399 2160 mei
417 2133 533 2160 instituti
545 2141 604 2161 esse
620 2132 710 2165 duco;
728 2134 850 2161 ultimam
865 2138 954 2162 tamen
970 2142 1051 2170 quam
1067 2135 1124 2170 ipse

348 2178 469 2205 omnium
490 2179 708 2213 conjecturarum
735 2187 867 2207 summam
895 2181 1021 2215 appellat,
1043 2181 1125 2207 attin-

1185 271 1212 294 et
1235 269 1345 294 tractat.
1374 265 1413 293 De
1428 265 1555 294 Sabbata.
1586 266 1654 303 Ejus
1688 267 1865 303 conjecturas
1887 265 1968 293 aﬂert

1185 311 1272 339 ltabbi
1296 311 1373 339 Isaac
1397 311 1425 338 in
1445 316 1527 346 caput
1539 311 1639 340 Cenes.
1654 312 1775 340 secundo
1791 318 1825 339 ex
1841 310 1910 338 locis
1924 309 1968 337 di-

1184 358 1254 384 vina:
1269 354 1428 391 Scriptura.
1457 354 1551 383 Tertio
1575 356 1674 384 mirum
1698 360 1741 384 est
1761 359 1896 384 secretum
1914 351 1968 381 hoc

1184 402 1217 428 de
1235 399 1376 428 mundana
1395 399 1539 427 duratlone
1552 399 1627 427 omni
1645 400 1749 428 nationi
1765 399 1966 431 absconditum,

1182 442 1266 472 etiam
1288 445 1403 480 angelis,
1419 450 1447 473 et
1471 443 1541 472 Filio
1563 444 1694 478 hominis,
1710 446 1783 481 quod
1798 453 1832 473 ex
1854 449 1967 473 senten-

1181 490 1218 516 tia
1231 488 1343 516 Patrum
1365 494 1392 517 et
1406 489 1577 525 expositione
1591 491 1796 527 intelligendum
1813 495 1866 523 est,
1879 490 1966 519 fuisse

1181 535 1330 563 revelatum
1355 535 1430 568 Elim,
1445 539 1472 564 et
1501 535 1536 564 ab
1557 543 1591 564 eo
1607 537 1657 564 toti
1676 537 1795 565 humano
1813 537 1920 573 generi,
1936 540 1966 564 et

1180 587 1272 611 tamen
1297 583 1439 619 ignorasse
1467 583 1621 619 apostolos.
1639 583 1742 617 Quarto
1757 592 1790 612 ex
1811 585 1966 620 Augustino

1180 629 1208 657 in
1221 637 1281 657 eum
1290 630 1393 657 ratione
1405 630 1503 665 psaim.
1510 637 1611 657 um:
1619 638 1625 656 :
1633 630 1699 657 Ausi
1705 636 1764 658 sunt
1771 631 1888 659 homines
1897 639 1966 667 prat-

1180 683 1282 703 sumere
1297 676 1434 703 scientiam
1460 680 1613 710 temporum,
1628 675 1696 711 quod
1716 677 1783 705 scire
1802 677 1964 712 cupientibus

1179 720 1315 756 discipulis
1331 721 1456 748 Dominus
1472 722 1531 750 ait:
1546 730 1556 746 ι
1571 720 1632 748 Non
1644 725 1684 749 est
1694 727 1806 749 vestrum
1820 724 1889 750 s'cire
1896 727 1964 750 tem-

1180 774 1256 801 pora,
1271 775 1328 802 quae
1340 766 1421 794 Pater
1435 767 1521 801 posuit
1536 767 1562 794 in
1578 775 1627 794 sua
1641 772 1778 801 potestate,
1792 778 1802 794 ι
1815 772 1839 795 et
1853 768 1965 803 definiob

1179 816 1240 839 runt
1264 812 1311 839 ltoc
1334 813 1459 840 oraculum
1488 819 1535 839 sea:
1549 820 1678 839 annuum
1696 812 1822 846 millibus,
1838 819 1964 848 tanquam

1178 865 1224 884 se:
1237 857 1327 885 diebus
1335 865 1410 893 posse
1419 858 1507 892 ﬁniri;
1518 865 1564 884 nec
1585 858 1752 885 attendcrnnt
1774 857 1842 892 quod
1862 858 1963 895 dictum

1179 908 1229 936 est,
1254 909 1379 939 tanquam
1400 903 1456 932 dies
1481 912 1558 935 unus.
1578 904 1624 938 qui
1651 903 1776 937 prwteriit
1791 911 1801 929 :
1815 912 1866 930 non
1890 904 1960 930 enim

1179 949 1283 984 quando
1299 949 1347 976 hoc
1361 949 1460 976 dictum
1479 954 1517 976 est
1538 947 1589 976 soli
1602 949 1674 976 mille
1695 949 1966 983 anaiprarterierant;

1179 999 1203 1021 et
1217 994 1286 1030 quod
1305 1003 1348 1022 eos
1366 996 1483 1022 maxime
1500 994 1587 1022 debuit
1605 994 1753 1026 admonere,
1770 1002 1801 1021 ne
1816 999 1962 1028 temporum

1180 1041 1331 1068 luderentnr
1354 1041 1463 1072 incerta,
1476 1040 1542 1068 illud
1560 1045 1611 1072 est,
1625 1040 1692 1066 sicut
1717 1039 1805 1075 t'igilia
1825 1040 1853 1066 in
1873 1046 1964 1071 nocte:

1180 1093 1258 1121 neque
1280 1086 1349 1112 enim
1367 1086 1399 1113 de
1411 1093 1456 1113 se:
1471 1085 1561 1112 diebus
1577 1084 1677 1120 aliquid
1693 1084 1832 1112 verisimile
1842 1085 1964 1112 videntur

1180 1131 1279 1165 opinati
1288 1135 1394 1166 propter
1408 1138 1452 1157 se;
1467 1130 1522 1157 dies
1533 1129 1644 1164 pri-nos,
1658 1129 1751 1164 quibus
1767 1128 1837 1156 Deus
1852 1129 1964 1164 perfecit

1179 1185 1257 1211 opera
1286 1185 1346 1209 sua,
1361 1176 1400 1203 sic
1414 1176 1493 1203 etiam
1510 1183 1556 1203 sea:
1571 1175 1686 1210 vigilias,
1706 1175 1733 1202 id
1752 1180 1802 1207 est,
1822 1175 1901 1203 ltoras
1916 1175 1965 1203 de-

1178 1229 1232 1248 cem
1252 1226 1277 1248 et
1299 1226 1356 1248 octo
1378 1228 1490 1254 possunt
1516 1220 1558 1246 illi
1581 1221 1728 1255 opinatiom'
1746 1225 1879 1254 cooptare.
1894 1221 1965 1249 Vide

1177 1267 1240 1294 item
1254 1267 1427 1295 Ambrosium
1443 1267 1491 1295 lib.
1512 1275 1549 1294 vn
1570 1266 1677 1294 Comm.
1692 1267 1718 1294 in
1737 1265 1836 1294 Lucam
1853 1267 1881 1294 in
1895 1267 1964 1294 illud

1178 1312 1305 1342 Matthxi.
1325 1321 1392 1346 XVII,
1406 1313 1434 1345 2,
1447 1312 1511 1340 Post
1524 1313 1580 1340 dies
1594 1320 1640 1340 sea:
1654 1313 1860 1348 transﬁguratus
1877 1319 1926 1340 est.

1212 1358 1290 1390 lbid.,
1307 1359 1358 1387 lin.
1374 1358 1418 1385 Η.
1442 1358 1504 1384 Ἐπὶ
1524 1357 1559 1384 δὲ
1576 1357 1633 1392 τὴν
1651 1358 1714 1384 τοῦ.
1731 1358 1963 1393 Chronograpbo-

1178 1411 1236 1430 rum
1251 1404 1284 1431 de
1300 1404 1350 1431 hac
1372 1412 1401 1431 re
1425 1408 1453 1432 et
1473 1411 1545 1430 anno
1570 1403 1720 1431 nativitatis
1746 1402 1848 1431 Christi
1878 1406 1964 1431 varia

1178 1450 1285 1477 fuerunt
1298 1450 1450 1482 sententiis,
1465 1457 1582 1484 quarum
1593 1449 1738 1476 nonnullas
1752 1448 1780 1475 in
1798 1456 1849 1476 sua
1858 1448 1962 1476 Biblio-

1177 1496 1249 1522 t/teca
1263 1496 1354 1522 retulit
1366 1494 1459 1523 Sixtus
1473 1494 1611 1522 Senensis.
1619 1494 1674 1522 Nos
1690 1495 1753 1522 item
1766 1494 1799 1521 ad
1816 1495 1960 1522 illustran-

1176 1542 1238 1568 dum
1260 1541 1331 1569 hunc
1349 1542 1435 1569 locum
1458 1542 1563 1577 aliquas
1577 1541 1765 1576 subjicicmus.
1779 1540 1844 1574 Quae
1868 1545 1961 1569 autem

1179 1586 1213 1613 de
1236 1586 1286 1613 hac
1307 1594 1337 1613 re
1359 1587 1394 1613 sit
1409 1591 1501 1613 nostra
1522 1587 1657 1614 sententia
1679 1586 1706 1614 in
1726 1587 1760 1614 iis
1777 1595 1837 1622 qu:e
1857 1587 1892 1615 de
1907 1587 1962 1614 line

1180 1636 1329 1666 temporum
1345 1632 1399 1667 jam
1415 1639 1553 1666 paramus,
1579 1632 1730 1660 luculenter
1750 1632 1959 1667 explicabimus.

1180 1678 1330 1705 Abi-uanius
1362 1677 1547 1704 Bucholcerus
1575 1677 1602 1704 in
1633 1677 1743 1713 lsagogc
1768 1677 1962 1709 chronological

1179 1724 1255 1760 ponit
1274 1731 1360 1751 annos
1379 1724 1463 1756 3970;
1479 1731 1540 1750 cum
1563 1731 1635 1751 enim
1650 1731 1782 1751 annorum
1799 1724 1892 1751 mundi
1914 1731 1960 1752 se-

1179 1769 1245 1795 riem
1270 1769 1297 1795 in
1322 1768 1373 1794 tria
1399 1769 1513 1803 partitus
1530 1768 1625 1795 fuisset
1639 1772 1790 1804 temporum
1815 1769 1914 1803 spatia.
1931 1769 1960 1797 in

1179 1815 1265 1849 primo
1292 1814 1414 1842 videlicet
1442 1822 1456 1840 ει
1481 1815 1618 1841 creatione
1648 1814 1741 1841 mundi
1768 1814 1801 1841 ad
1827 1815 1959 1849 templum

1180 1860 1333 1886 Salomonis
1361 1863 1502 1886 enumerat
1527 1867 1613 1886 annos
1634 1859 1721 1892 S931;
1754 1860 1780 1886 in
1800 1860 1921 1887 secundo
1943 1869 1961 1886 ει

1179 1906 1288 1932 condito
1312 1906 1412 1939 tetn;.lo
1437 1905 1470 1932 ad
1487 1905 1546 1940 ejus
1564 1905 1768 1938 desolationem,
1784 1910 1810 1933 et
1837 1905 1899 1933 inde
1924 1906 1960 1933 ad

1179 1952 1343 1986 captivitatis
1358 1951 1528 1986 Babylonica:
1551 1951 1632 1978 linem
1647 1958 1734 1978 annos
1756 1951 1802 1978 50l
1816 1960 1824 1984 ;
1837 1952 1864 1978 in
1877 1952 1960 1979 tertio

1179 2005 1194 2024 a
1217 1998 1270 2024 line
1293 1997 1458 2032 captivitatis
1475 1996 1645 2032 Babylonica:
1661 1998 1694 2024 ad
1711 2001 1801 2024 natum
1818 1997 1959 2026 Christum

1178 2044 1240 2075 557,
1255 2044 1300 2078 qui
1317 2051 1422 2074 omnes,
1440 2043 1462 2070 si
1478 2044 1557 2070 simul
1569 2048 1721 2075 sumantur,
1731 2044 1900 2071 constituunt
1908 2053 1959 2071 nu-

1179 2097 1282 2118 merum
1297 2085 1464 2117 5970.llisrc
1479 2094 1569 2116 autem
1586 2090 1673 2116 tribus
1685 2088 1865 2117 Eusebianam
1877 2090 1959 2117 chro-

1177 2136 1324 2170 nologiatu,
1340 2139 1366 2162 et
1382 2135 1494 2162 aliorum
1509 2135 1644 2170 priocipuc
1658 2133 1826 2166 Graecorum,
1839 2135 1885 2170 qui
1904 2144 1959 2163 nu-

1178 2188 1313 2209 merosos
1324 2179 1499 2216 Septuaginta
1513 2181 1628 2207 mutuati
1645 2186 1789 2213 sunt,t-utn
1803 2188 1851 2208 sua
1866 2183 1959 2209 conci-

348 2231 418 2258 gam,
429 2227 458 2250 ut
472 2231 504 2251 ex
515 2224 566 2251 hac
581 2225 665 2252 lector
684 2229 710 2252 et
725 2225 844 2260 reliquas
853 2225 1013 2261 dignoscere
1025 2227 1121 2254 valeat.
1139 2231 1161 2259 υ
1175 2227 1326 2261 liat,primo
1339 2227 1507 2254 correctione
1517 2234 1691 2253 numerorum
1703 2228 1835 2254 vcrsionis
1845 2227 1957 2261 Cmam,

348 2270 409 2296 Jam
419 2270 549 2297 coronidis
561 2271 614 2297 uice
629 2270 798 2305 subjiciemus
814 2271 943 2306 egregium
952 2265 1019 2298 illud
1028 2272 1126 2299 dictum

348 2315 416 2342 Elia:
433 2315 662 2350 prop/tctte,quod,
677 2318 726 2343 etsi
740 2317 767 2344 in
785 2317 877 2344 Bibliis
891 2325 1019 2352 nusquam
1032 2323 1124 2351 exstet,

348 2367 433 2389 tamen
443 2362 505 2396 quia
517 2363 675 2395 reliquarum
683 2363 797 2389 omnium
806 2362 1012 2397 conjecturarnm
1024 2371 1125 2390 suntme

346 2412 395 2439 est,
404 2415 428 2434 et
436 2408 512 2442 quasi
523 2406 672 2441 explicatio,
682 2407 801 2434 omnibus
808 2409 971 2435 notissimum
978 2417 1033 2436 esse
1041 2409 1125 2441 debet,

350 2459 375 2481 et
390 2453 503 2480 maxime
519 2452 667 2488 faciendum
677 2458 725 2480 est.
734 2451 873 2480 Sezmillia
881 2462 1009 2481 annorum
1024 2455 1123 2485 mundi,

345 2505 370 2526 et
384 2504 472 2532 postea
486 2499 637 2529 destructio,
653 2498 704 2526 duo
716 2499 800 2526 millia
811 2500 895 2528 inane.
908 2499 961 2526 duo
973 2500 1057 2526 millia
1073 2500 1124 2531 lex,

346 2543 398 2570 duo
406 2543 488 2569 millia
497 2543 627 2575 Christus,
638 2547 662 2571 et
674 2544 697 2571 si
709 2544 771 2578 quid
779 2552 810 2571 ea:
820 2545 858 2571 his
869 2544 958 2573 deerit.
969 2545 1051 2571 deerit
1065 2553 1125 2579 pro—

345 2593 402 2622 pter
415 2594 519 2622 peccata
535 2593 625 2615 nostra
638 2597 696 2624 qua
707 2597 800 2625 magna
815 2595 838 2617 et
854 2590 989 2617 innumera
1001 2596 1072 2618 sunt.
1085 2591 1124 2618 En

346 2633 499 2662 Cnnmanni
529 2634 699 2667 coronidem,
718 2643 752 2663 en
768 2635 841 2662 dicta
867 2635 987 2671 egregia,
1003 2644 1037 2664 en
1061 2644 1125 2672 pro-

347 2679 455 2713 phetam
469 2685 544 2707 extra
566 2677 733 2714 Scripturas,
747 2688 781 2707 en
794 2687 939 2713 summam,
955 2688 988 2708 en
1003 2681 1120 2716 exp‘ica-

347 2724 459 2758 tionem,
478 2734 538 2761 quae
552 2726 646 2761 quanti
667 2725 790 2754 facienda
806 2727 843 2755 sit
856 2725 1018 2754 videbimus.
1032 2726 1124 2754 Primo

348 2769 444 2797 falsum
458 2777 499 2798 est
509 2771 612 2798 dictum
628 2772 693 2799 illud
708 2779 769 2800 esse
779 2770 844 2798 Elia:
856 2770 993 2799 Thesbitaa
1004 2771 1123 2806 prophe~

346 2819 392 2847 tae,
404 2824 465 2844 cum
485 2818 520 2845 sit
535 2817 676 2853 cujusdam
696 2817 761 2846 Elite
782 2817 887 2845 rahbini
903 2816 1058 2845 Judaorum
1076 2825 1123 2843 ea.

347 2862 465 2892 balistici
479 2867 660 2894 commentum
671 2864 699 2892 in
710 2863 865 2896 Thalmud.,
882 2867 953 2891 tract
967 2863 1120 2897 Sanedrim,

1176 2271 1274 2300 Cenes.
1300 2280 1317 2299 ν
1341 2277 1366 2300 ct
1392 2279 1438 2303 xl;
1456 2271 1577 2299 secundo
1599 2272 1746 2300 omissioac
1776 2273 1899 2301 decennii
1930 2274 1958 2302 in

1176 2325 1258 2353 regno
1281 2318 1397 2345 Ammon
1420 2317 1452 2344 IV
1474 2317 1576 2352 Regum
1601 2325 1655 2350 stt;
1679 2319 1758 2345 tertio
1776 2319 1958 2354 applicatione

1176 2364 1239 2390 anni
1251 2363 1338 2390 ultimi
1348 2362 1514 2398 captivitatis
1524 2362 1694 2398 Babylonica:
1704 2364 1737 2390 ad
1749 2368 1869 2400 tempora
1880 2365 1956 2401 Cyri.

1175 2408 1351 2436 Cunmannus
1364 2408 1558 2436 Flinsbachius
1576 2408 1602 2435 in
1617 2408 1799 2445 chronologiie
1812 2410 1958 2438 conﬁrma-

1175 2455 1248 2482 tione
1277 2459 1417 2482 enumerat
1438 2461 1525 2481 annos
1544 2453 1623 2485 5362,
1640 2454 1766 2481 videlicet
1786 2461 1800 2481 a
1817 2456 1958 2483 creatione

1175 2499 1268 2526 mundi
1286 2499 1319 2526 ad
1337 2499 1468 2526 diluvium
1494 2499 1598 2530 1656.a
1619 2499 1725 2527 diluvio
1738 2499 1771 2527 ad
1786 2501 1956 2529 vocationem

1174 2545 1289 2572 Ahraha:
1312 2545 1375 2576 $67.
1403 2553 1419 2571 :t
1446 2547 1588 2573 vocatione
1616 2546 1730 2574 Abraha:
1751 2546 1784 2573 ad
1806 2547 1908 2573 exitum
1923 2546 1958 2574 de

1175 2589 1291 2625 ngypto
1307 2589 1368 2620 850,
1385 2590 1420 2616 ab
1432 2590 1507 2617 exitu
1526 2590 1560 2618 de
1575 2589 1693 2626 Egypto
1711 2590 1744 2618 ad
1765 2590 1892 2618 Dat-idem
1913 2598 1957 2619 ro-

1174 2646 1234 2672 gem
1258 2638 1320 2670 457,
1342 2645 1358 2665 a
1375 2636 1475 2666 Davidc
1501 2638 1534 2665 ad
1559 2640 1743 2674 captivitatem
1765 2638 1957 2673 Babylonium

1174 2684 1236 2712 501.
1251 2683 1402 2718 Captivitss
1422 2683 1584 2719 Babylonica
1600 2684 1647 2716 70;
1665 2693 1680 2712 a
1694 2684 1850 2720 captivitate
1871 2684 1959 2719 ltaby—

1174 2729 1262 2757 Ionica
1277 2737 1363 2764 usque
1378 2728 1412 2756 ad
1427 2728 1567 2757 Christum
1581 2730 1752 2762 natum'50l,
1767 2737 1862 2757 omnes
1876 2729 1959 2757 simul

1173 2773 1254 2802 5962.
1268 2773 1387 2801 Joannes
1403 2772 1540 2802 Funccius
1563 2775 1590 2802 in
1606 2782 1656 2802 sua
1671 2774 1856 2810 Chronologia
1875 2773 1957 2806 5963,

1172 2819 1297 2847 videlicet
1318 2827 1333 2846 a
1357 2820 1496 2848 creatione
1522 2820 1616 2848 mundi
1646 2828 1734 2856 usque
1754 2820 1787 2847 ad
1811 2819 1958 2847 Persarum

1172 2865 1356 2893 monarchiam
1365 2865 1444 2899 5i06,
1453 2873 1468 2893 a
1476 2865 1619 2894 Persarum
1631 2867 1788 2894 monarehia
1799 2867 1831 2895 ad
1846 2872 1960 2902 regnum
