2144 3164
193 192 261 234 inoo

695 208 730 237 ιιι
749 199 935 238 eusiuuu
954 211 1191 240 HEXAEMERON
1211 210 1325 240 nom.

1738 213 1807 241 1010

191 262 349 290 Graecorum
377 267 439 299 post
465 263 613 291 Alexandri
635 270 749 294 mortem
775 266 838 298 2'54,
860 275 875 294 a
899 276 980 303 regno
995 272 1014 298 Λ
1030 273 1162 302 quuntur.
1179 266 1265 294 Rabbi
1284 267 1408 295 Nahsson
1431 268 1458 296 in
1472 268 1520 296 lib.
1537 268 1574 296 De
1593 267 1665 303 cyclo
1680 268 1806 297 Pascha“

189 306 345 334 Graecorum
371 315 457 342 usque
483 308 517 335 ad
532 307 924 342 Romanorummonarchiam
946 314 973 338 et

188 353 290 381 Christi
316 354 487 381 nativitatem
502 353 554 381 522
571 364 578 382 :
594 359 659 383 sunt
684 357 748 384 anni
777 364 872 386 omnes
891 359 972 386 simul

187 398 267 427 5965.
285 399 362 427 tho
389 399 511 427 Emmius
522 399 627 429 Frisius
644 401 672 429 in
694 402 869 439 cbronologia
882 409 908 432 et
924 412 973 434 ca-

188 445 268 472 nonis
291 444 415 472 chronici
431 447 593 480 compendio
609 447 771 475 brevissimo
798 452 825 476 et
846 450 969 485 pleniori,

187 497 274 518 annos
286 490 367 522 5950.
381 491 486 519 scilicet
501 499 516 519 a
529 493 667 521 creatione
680 494 774 521 mundi
792 494 824 522 ad
839 495 969 524 diluvium

187 545 275 565 annos
286 537 365 568 1657,
378 537 411 565 ad
423 539 593 567 vocationem
606 540 721 568 Abralue
729 540 812 573 2024,
823 541 856 569 ad
867 543 968 569 exitum

185 589 219 611 ex
236 582 354 618 Egypto
367 583 448 616 2455,
461 585 494 612 ad
510 586 639 621 templum
654 586 807 615 Salomonis
829 588 968 616 conditum

184 625 266 659 2952,
292 629 325 655 ad
352 630 483 665 templum
500 630 618 659 deletum
633 631 714 663 5560,
727 631 760 659 ad
778 633 906 668 templum
926 634 968 660 in-

185 677 337 701 stauratum
354 674 434 707 555i,
450 675 482 703 ad
500 675 639 703 Christum
656 677 682 704 in
697 681 770 704 terra
784 681 877 705 natum
886 678 965 707 5950.

183 717 303 748 Joannes
318 720 466 750 Boulaesius
479 721 560 753 5960.
574 722 656 758 idque
671 723 772 759 triplici
791 725 834 751 via
854 723 967 752 demon-

184 769 262 792 strat.
276 765 366 794 Prima
382 768 512 796 smculum
535 768 654 797 ethnicis
671 769 792 804 ignotum
810 774 873 798 ante
892 771 965 799 dilu—

182 810 256 837 vium
272 811 351 843 1657,
373 820 485 841 aureum
501 814 631 841 saeculum
650 814 712 844 949.
725 821 881 851 argenteum
900 817 963 849 £30,

180 862 286 883 teueum
309 856 376 890 418,
401 862 543 886 stanneutn
562 859 624 889 427.
650 859 766 887 ferreum
790 861 853 893 210,
878 862 964 897 plum-

180 900 261 928 beum
276 909 338 928 cum
356 901 494 930 additione
507 903 552 936 46,
565 904 628 936 5w,
640 908 668 931 et
688 905 738 933 hoc
754 906 836 933 modo
849 914 962 934 consur-

1024 314 1103 346 5740,
1119 314 1206 342 Rabbi
1222 314 1285 342 Levi
1305 314 1332 341 in
1349 322 1387 342 ιιι
1403 314 1520 343 Danielis
1535 315 1616 347 5⁵181,
1635 314 1719 343 Babbi
1750 315 1807 344 llo-

1023 366 1067 388 ses
1077 359 1264 389 Gerundensis
1276 360 1358 392 1058.
1371 359 1478 388 menses
1492 361 1518 389 5.
1530 360 1564 388 Et
1577 361 1673 388 horum
1696 363 1806 388 senten-

1021 404 1074 436 tiae,
1089 406 1128 432 uti
1142 405 1235 434 videre
1248 410 1300 438 est,
1318 405 1443 441 quamvis
1470 406 1563 439 varia,
1580 413 1631 434 nec
1653 405 1804 434 uniforme:

1021 450 1157 483 videntur,
1183 454 1273 478 tamen
1303 457 1446 477 numerum
1473 450 1560 485 quinti
1580 449 1724 479 milleuarii
1748 458 1803 478 non

1020 496 1165 523 excedunt.
1188 496 1280 523 Altera
1305 499 1347 523 est
1374 503 1478 527 eorum.
1497 497 1543 531 qui
1571 504 1652 532 supra
1676 496 1803 532 quintum
1839 517 1851 525 .

1019 541 1203 569 millenarium
1228 541 1332 569 addunt
1358 541 1460 569 multos
1485 549 1582 575 annos,
1598 549 1687 577 neque
1711 546 1802 570 tamen

1018 588 1205 616 consentiunt.
1222 588 1391 622 Augustinus
1405 592 1531 622 numerat
1546 595 1633 616 annos
1648 588 1714 616 5551
1729 597 1737 622 ς
1752 588 1803 617 lsi-

1017 631 1102 660 dorus
1122 640 1139 659 ν
1169 619 1328 667 Ειμηιοῖοθ..
1355 631 1434 660 52m.
1462 619 1576 660 Orosius
1601 633 1680 665 sieo,
1705 619 1800 661 nio...

1017 686 1065 706 sus
1079 677 1160 708 5984.
1178 677 1310 705 Eusebius
1324 677 1393 704 idem
1413 677 1495 704 sentit
1511 685 1572 705 cum
1587 677 1696 711 Orosio,
1712 677 1803 707 Theo-

1017 722 1107 756 philus
1132 722 1318 750 Antiochenus
1343 722 1377 749 ad
1400 723 1557 757 Autolycum
1581 722 1659 750 5176.
1693 722 1802 758 Nicetas

1016 767 1062 794 lib.
1077 776 1083 794 ι
1106 767 1208 794 ΙΙὶιςιοι.
1224 775 1284 802 cap.
1307 768 1356 801 10,
1368 768 1454 801 5503;
1468 767 1608 795 Cedrenus
1621 768 1701 800 5506,
1714 768 1801 796 Graeci

1015 813 1095 847 vulgo
1108 812 1177 840 5508
1192 817 1221 840 ut
1231 814 1258 840 in
1267 812 1348 840 Sexta
1365 813 1468 850 synodo
1484 820 1544 848 cap.
1559 814 1587 841 5.
1603 814 1631 840 In
1648 813 1799 850 Horologio,

1014 863 1040 885 et
1056 859 1128 893 cyclo
1151 858 1275 885 Pan/tali
1302 858 1465 888 Nicodamus
1488 860 1522 887 de
1546 860 1749 888 resurrectione
1773 864 1801 888 et

1014 904 1141 938 passione
1166 903 1271 931 Domini
1294 912 1358 931 ann.
1385 904 1466 938 5300,
1493 905 1544 932 hoc
1566 908 1608 933 est
1627 912 1641 932 a
1660 905 1800 933 creatione

180 950 248 980 [tum
271 947 306 974 ab
321 948 388 975 orbe
401 949 512 976 condito
531 949 564 977 ad
581 949 684 978 Christi
700 951 867 980 natiritatem
883 953 963 980 5960.
980 940 1000 967 Β
1014 948 1079 976 Adae
1103 948 1137 975 ad
1164 949 1295 976 diluvium
1321 949 1402 982 9219.
1414 958 1429 976 ει
1443 946 1545 977 diluvio
1564 958 1649 986 usque
1662 951 1696 978 ad
1713 951 1798 979 Abra-

181 991 320 1024 Sccunda.
332 993 367 1020 ab
382 993 460 1021 initio
473 995 565 1022 saeculi
580 996 613 1022 ad
629 995 761 1023 diluvium
775 997 853 1029 1656,
867 1005 882 1024 a
895 998 966 1026 dilu-

181 1038 227 1064 vio
245 1037 279 1065 ad
292 1037 392 1066 Ninum
408 1040 584 1067 monarcham
593 1041 656 1073 2‘9,
672 1049 688 1068 a
702 1041 771 1070 Nino
781 1042 815 1069 ad
831 1042 966 1070 Sardana-

179 1082 235 1117 pali
263 1082 341 1110 ﬁnem
367 1083 446 1115 1251,
463 1084 498 1111 ab
523 1084 629 1113 Arbaca
649 1086 683 1113 ad
696 1086 879 1115 Alexandrum
906 1087 964 1114 Ma-

177 1133 261 1163 gnum
284 1128 347 1161 ‘95,
361 1129 395 1155 ab
406 1128 562 1157 Alexandro
574 1129 671 1166 Magno
686 1131 719 1158 ad
733 1131 814 1159 linem
823 1132 899 1168 regni
914 1131 965 1168 Sy-

176 1172 226 1200 ria
244 1172 306 1205 255,
319 1181 335 1200 a
362 1173 441 1208 Syria
473 1182 598 1210 possessa
620 1182 669 1211 per
683 1175 821 1205 Romanos
836 1177 868 1204 ad
884 1177 963 1205 Chri-

177 1221 252 1246 stum
273 1222 366 1246 uatum
386 1219 431 1251 9t,
448 1224 476 1248 et
499 1221 539 1248 sic
555 1221 619 1248 item
635 1226 715 1250 erunt
731 1222 811 1250 5960.
828 1221 931 1255 Tertia,
947 1231 962 1251 ι

176 1263 315 1292 creatione
342 1265 435 1293 mundi
466 1265 499 1293 ad
524 1266 657 1294 diluvium
680 1267 787 1301 “556,3
807 1268 910 1297 diluvio
928 1269 962 1297 ad

176 1310 338 1344 cotrpletam
362 1310 397 1338 i5
416 1311 570 1346 dynastiam
591 1312 656 1345 292,
685 1313 712 1341 in
730 1313 763 1341 i6
788 1318 815 1342 et
833 1315 866 1342 17
876 1315 961 1351 dyna-

175 1354 229 1381 stia
245 1354 315 1386 295,
335 1356 362 1382 in
379 1357 412 1385 18
433 1358 543 1393 dynast.
567 1358 636 1391 5&8,
661 1358 690 1386 in
723 1359 755 1387 i9
777 1360 885 1397 dynast.
900 1361 959 1391 194.

176 1401 204 1428 tu
230 1403 408 1436 sequentibus
423 1411 471 1430 sex
485 1404 619 1439 dynastiis
633 1405 696 1437 ‘89,
713 1413 729 1433 a
741 1405 777 1433 26
800 1406 909 1442 dynast.
925 1407 959 1434 ad

174 1446 279 1474 obitqu
297 1448 444 1476 Alexandri
459 1449 522 1483 569,
537 1457 552 1476 a
565 1454 652 1478 morte
666 1450 813 1478 Alexandri
828 1452 862 1479 ad
878 1451 959 1479 Chri-

174 1495 247 1520 stum
261 1493 323 1525 5i9,
338 1498 364 1521 et
380 1494 420 1521 sic
446 1495 509 1522 item
531 1496 675 1523 constituit
690 1496 725 1524 ab
736 1497 848 1525 exordio
865 1499 958 1524 mundi

173 1535 208 1562 ad
223 1535 361 1565 Christum
385 1537 465 1566 5960.
487 1538 627 1568 Gilbertt‘ts
650 1540 854 1570 Genebrardus.
872 1542 918 1570 lib.
938 1551 957 1572 ι.

171 1585 200 1608 et
217 1581 245 1609 in
262 1581 314 1610 line
331 1583 378 1611 lib.
396 1592 426 1615 ιι.
450 1585 530 1616 1090.
543 1585 576 1613 ab
592 1586 659 1614 orbe
673 1587 778 1615 scilicet
792 1587 904 1616 condito
921 1588 954 1615 ad

172 1626 324 1655 cluvionem
335 1629 409 1662 "556,
416 1629 475 1658 dies
484 1638 546 1663 sex;
556 1632 591 1659 ab
597 1633 721 1661 eluvione
732 1633 766 1661 ad
777 1639 865 1662 ortum
874 1635 960 1663 Abra-

173 1671 246 1700 hami
273 1673 335 1707 293,
351 1674 411 1703 dies
437 1676 486 1709 i0;
512 1677 546 1703 ah
561 1677 705 1705 Ahrahami
729 1683 802 1711 ortu.
816 1679 849 1707 ad
862 1686 957 1716 egres-

172 1718 278 1745 sionem
292 1719 476 1748 lsraelitarum
488 1729 521 1748 ex
538 1721 656 1757 [Egypto
669 1723 731 1755 720.
745 1723 780 1751 ab
792 1732 906 1760 egressu
924 1725 957 1752 ad

169 1762 244 1797 iacta
262 1765 354 1799 templi
372 1766 547 1794 fundamenta
562 1767 647 1800 480,3
663 1769 848 1797 fundamentis
862 1771 955 1806 templi

171 1807 204 1834 ad
217 1808 399 1843 captivitatem
409 1810 598 1846 Babylonii-am
608 1812 670 1844 119.
682 1821 790 1842 menses
802 1815 828 1847 6,
839 1822 854 1842 a
868 1816 957 1852 Baby-

172 1852 262 1881 lonica
281 1855 438 1890 captivitate
453 1857 486 1884 ad
502 1858 642 1885 Christum
663 1863 755 1886 natum
773 1860 834 1888 5-20.
852 1859 953 1890 Omnes

174 1903 241 1925 sunt
267 1899 345 1927 £089.
359 1900 386 1928 Si
413 1902 496 1930 addas
510 1903 568 1930 dies
584 1908 610 1931 et
625 1911 742 1936 menses,
761 1906 812 1932 erit
827 1906 970 1935 uativitas'

170 1943 273 1972 Christi
296 1952 368 1972 anno
387 1945 467 1974 4090.
484 1946 603 1975 Joannes
615 1947 748 1984 Georgius
764 1948 912 1978 llervartus
927 1951 954 1977 in

170 1998 222 2018 oua
247 1999 328 2024 nova,
343 1995 370 2020 et
385 1992 418 2020 ad
433 1993 568 2021 calculum
592 1996 806 2023 astronomicum
820 2001 952 2024 revocata!

169 2036 353 2072 chronologia:
381 2045 442 2073 cap.
471 2038 488 2066 5
509 2044 536 2066 et
561 2039 624 2073 9.63,
645 2042 740 2068 exacto
767 2048 837 2068 anno
859 2041 952 2069 mundi

167 2081 241 2110 5955
261 2081 477 2111 luearnationem
514 2084 619 2112 Domini
650 2086 737 2114 nostri
759 2085 824 2114 Jcsu
849 2087 952 2115 Christi

169 2129 256 2163 ponit.
271 2129 342 2164 quod
358 2137 392 2156 ne
415 2129 518 2164 absque
536 2131 642 2160 ratione
660 2139 782 2160 asserere
802 2131 950 2165 videretur,

166 2175 310 2202 sententia:
339 2182 394 2202 suae
421 2175 597 2204 fundamenta
629 2177 710 2211 iecit.
729 2182 755 2205 et
778 2178 805 2204 in
831 2179 949 2207 medium

169 2220 271 2247 attulit.
290 2219 420 2247 Numerat
434 2221 505 2248 enim
520 2229 581 2249 cum
597 2222 658 2250 aliis
674 2230 707 2250 ex
722 2224 882 2252 auctoritate
899 2224 950 2252 lle-

1016 993 1077 1020 ham
1093 993 1156 1026 9l2,
1175 995 1211 1022 ab
1224 995 1360 1022 Abraham
1375 995 1409 1023 ad
1425 995 1542 1031 Moysem
1557 996 1618 1028 150,
1631 1004 1645 1023 a
1660 996 1750 1033 Moyse
1764 998 1797 1025 ad

1016 1038 1100 1066 David
1125 1047 1215 1075 regem
1237 1039 1327 1072 510,a
1355 1040 1456 1068 Davide
1475 1041 1509 1069 ad
1533 1041 1798 1078 transiuigratiouem

1015 1083 1161 1121 Babylonis
1176 1086 1238 1118 500,
1255 1094 1270 1113 a
1288 1087 1538 1122 transmigratione,
1557 1096 1642 1124 usque
1659 1088 1691 1116 ad
1708 1088 1797 1117 incar-

1014 1131 1150 1159 nationem
1164 1131 1265 1164 Cbristi
1283 1131 1351 1164 500;
1366 1133 1412 1167 qui
1426 1140 1522 1161 omnes
1535 1139 1596 1161 sunt
1611 1134 1690 1162 5500.
1713 1134 1796 1162 Chro-

1014 1176 1093 1204 ιιὶεοιι
1111 1176 1322 1204 Alexandrinum
1347 1177 1417 1205 5507
1429 1197 1436 1210 ,
1458 1177 1628 1215 Nicephorus
1643 1181 1797 1215 patriarcha

1011 1221 1328 1259 Constantinopolitanus
1342 1223 1422 1253 5500.
1442 1225 1516 1258 Quos
1533 1226 1571 1253 ita
1596 1227 1699 1262 colligit
1710 1236 1718 1255 :
1729 1228 1796 1254 Συν-

1011 1267 1124 1302 άγοψιαι
1148 1269 1184 1296 τὰ
1203 1268 1251 1304 ἐτη
1270 1269 1357 1301 οὕτως
1384 1270 1422 1302 ὡς
1441 1261 1619 1298 ὑποτέτακται
1636 1261 1689 1299 erit
1711 1272 1798 1308 ’Δδὰμ

1010 1313 1064 1345 ῑως
1085 1312 1135 1340 τοῦ
1158 1314 1352 1350 κατακλυσμῦ
1369 1314 1466 1351 ,βεμβ’,
1483 1316 1536 1343 ἀπὸ
1554 1317 1583 1344 δὲ
1600 1316 1647 1344 τοῦ
1663 1318 1796 1344 κατακλυ-

1011 1358 1081 1394 ςμοῦ
1097 1359 1150 1391 ἕως
1164 1359 1268 1395 πύργου
1283 1360 1396 1396 Νευρὼο
1420 1361 1467 1398 ἐτη
1490 1362 1548 1396 φκε¹
1558 1371 1564 1378 ε
1579 1356 1633 1390 ἀιεῖι
1644 1363 1673 1390 δὲ
1690 1363 1794 1399 πύργου

1009 1403 1063 1436 ἕως
1077 1404 1131 1431 τῶν
1146 1404 1370 1443 διχοτομημάτων
1391 1408 1514 1444 ’Δσραὰμ
1532 1409 1581 1444 ἐτη
1603 1409 1675 1436 una"
1693 1410 1747 1437 ἀπὸ
1765 1411 1794 1437 ἃ

1009 1450 1063 1483 Ιμῶν
1089 1450 1314 1487 διχοτομημὰτων
1339 1453 1392 1486 ἕως
1416 1454 1463 1482 τοῦ
1489 1454 1580 1486 τέλους
1602 1455 1725 1491 Ἀδραὰμ
1744 1455 1792 1492 ἔτη

1008 1495 1061 1528 ος¹.
1076 1496 1143 1532 ὁμοῦ
1155 1497 1217 1532 ἐτη.
1230 1498 1328 1534 ,γσξηη
1346 1499 1399 1526 ἀπὸ
1411 1499 1440 1526 δὲ
1457 1499 1503 1526 τοῦ
1529 1500 1653 1536 Ἀϐραὰμ
1671 1501 1723 1532 ἕως
1744 1501 1794 1537 τῆς

1008 1539 1099 1572 ἐξόδου
1114 1540 1168 1567 τῶν
1182 1541 1248 1569 υἱῶν
1272 1542 1378 1579 Ἰσραὴλ
1393 1544 1438 1579 ἔτη
1456 1544 1494 1571 ul’
1504 1553 1510 1560 ’
1527 1545 1580 1572 ἀπὸ
1594 1544 1622 1572 δὲ
1636 1546 1686 1581 τῆς
1702 1546 1793 1578 ἐξόδου

1009 1585 1061 1617 ἓως
1069 1586 1119 1621 τῆς
1129 1587 1270 1623 οἰκοδομῆς
1281 1588 1356 1615 οῐκου
1371 1589 1473 1625 Κυρίου
1487 1589 1533 1625 ἔτη
1551 1590 1610 1625 ψνξ
1617 1599 1624 1606 ⁸
1639 1591 1692 1618 ἀπὸ
1704 1591 1731 1618 δὲ
1743 1593 1794 1627 τῆς

1009 1631 1152 1667 οἰκοδομῆς
1171 1631 1218 1659 τοῦ
1234 1633 1299 1660 ναοῦ
1315 1634 1368 1666 ἕως
1387 1635 1435 1671 τῆς
1451 1636 1639 1671 αἰχμαλωσίας
1654 1637 1700 1673 ἐτη
1724 1639 1791 1672 oxs’,

1009 1676 1074 1712 ὁμοῦ
1090 1676 1136 1713 ἔτη
1154 1678 1235 1710 ,δωπῖ
1254 1680 1320 1705 ’Λπδ
1336 1680 1363 1707 δὲ
1379 1681 1428 1715 τῆς
1445 1683 1632 1717 αἰχμαλωσίας
1641 1683 1693 1716 ἓως
1705 1685 1795 1718 Ἀλεξο

1008 1721 1103 1757 tis/690'.»
1127 1723 1172 1758 ἔτη
1197 1725 1265 1760 an)"
1284 1725 1337 1752 ἀπὸ
1352 1726 1380 1752 δὲ
1398 1727 1445 1752 τοῦ
1471 1727 1643 1764 Ἀλεξάνδρου
1666 1729 1718 1762 ἕως
1737 1730 1792 1764 τῷν

1008 1768 1109 1803 χρόνων
1122 1769 1208 1804 Ἰησοῦ
1219 1770 1265 1797 τοῦ
1275 1772 1376 1807 Κυρίου
1387 1774 1402 1808 ἡ
1407 1772 1464 1807 μῶν
1475 1772 1521 1808 ἔτη
1535 1778 1585 1808 τῇ,
1599 1775 1665 1810 ὁμοῦ
1676 1776 1721 1811 ἔτη
1732 1776 1790 1812 ,εφ’.

1009 1812 1075 1841 Vide
1092 1815 1224 1850 Argyrum
1248 1817 1275 1843 in
1301 1816 1381 1852 Cyr-lo
1399 1817 1536 1852 Pan/mli,
1550 1826 1576 1846 et
1599 1821 1679 1848 alios.
1694 1821 1791 1850 Noster

1007 1857 1165 1889 Eustathius
1289 1862 1347 1896 Qua
1373 1868 1463 1891 autem
1489 1865 1515 1892 id
1541 1867 1646 1894 ratione
1664 1867 1790 1900 allirmat,

1005 1914 1141 1941 exponere
1154 1909 1273 1936 breviter
1288 1910 1399 1938 minime
1418 1911 1475 1939 ﬁeri
1491 1915 1588 1947 potest",
1602 1921 1663 1941 cum
1682 1919 1708 1942 et
1719 1916 1790 1944 vitas

1004 1957 1110 1987 patrum
1136 1958 1199 1982 ante
1225 1955 1357 1983 diluvium
1376 1961 1403 1984 et
1424 1962 1485 1992 post
1505 1960 1660 1988 examinare
1682 1961 1792 1990 dillicile

1004 1998 1051 2031 sit,
1065 2003 1092 2026 et
1108 2007 1201 2035 regum
1223 1999 1299 2028 Judie
1323 2002 1492 2038 aliorumque
1515 2013 1603 2034 annos
1624 2010 1651 2035 et
1673 2007 1791 2037 interre-

1003 2051 1054 2078 gna
1067 2043 1233 2080 distinguere
1249 2047 1359 2075 minime
1373 2048 1407 2075 sit
1423 2048 1504 2083 hujus
1520 2052 1629 2086 negotii.
1644 2057 1670 2079 et
1685 2052 1790 2082 labOris

1003 2090 1090 2121 multi,
1117 2093 1144 2117 et
1169 2093 1314 2127 scriptura:
1343 2093 1471 2130 indigeat,
1489 2104 1522 2123 ne
1550 2096 1649 2125 lusisse
1675 2105 1787 2133 operam

1002 2134 1167 2164 videremur.
1193 2135 1375 2168 “eset-vanius
1400 2146 1489 2169 tamen
1517 2142 1600 2174 hujus
1625 2144 1788 2178 qumstiouis

1000 2182 1218 2216 explicationem.
1251 2185 1278 2211 in
1296 2185 1366 2213 libro
1382 2190 1486 2219 nostro,
1513 2195 1592 2223 quem
1607 2190 1732 2224 superius
1748 2191 1787 2218 ci-

1000 2228 1129 2255 tavirnus.
1146 2227 1263 2257 Inventa:
1274 2235 1337 2258 sunt
1347 2232 1427 2258 etiam
1439 2232 1498 2260 dure
1511 2234 1685 2262 collectiones
1699 2243 1789 2263 annos

170 2264 264 2291 braica
278 2264 312 2291 ab
329 2265 431 2292 Adﬂmo
443 2265 476 2292 ad
492 2266 622 2293 ἀὶιυνὶυηι
642 2274 728 2295 annos
747 2268 823 2295 W56-
837 2269 899 2296 lnde
916 2270 948 2297 ad
966 2274 988 2302 ι)
1003 2283 1061 2302 rum
1071 2277 1371 2313 mantiscriptas,.stltera
1385 2285 1418 2305 ex
1430 2277 1594 2305 Marcelliani
1604 2273 1787 2307 chronicitino

168 2309 353 2337 Abrahamum
380 2311 443 2342 292,
466 2311 565 2339 exinde
580 2313 612 2339 ad
632 2311 758 2340 Daridcm
779 2314 841 2346 912,
856 2314 888 2341 ad
905 2322 950 2342 ca-

167 2356 318 2392 ptivitatem
333 2356 401 2388 $75,
415 2362 496 2392 atque
510 2358 608 2385 exinde
622 2358 656 2385 ad
671 2357 810 2386 Christum
824 2359 886 2387 589.
898 2360 950 2394 Qui

166 2403 194 2430 in
212 2411 296 2430 unum
316 2403 423 2431 collecti
438 2407 502 2431 sunt
516 2403 586 2431 5952
604 2414 610 2431 :
626 2405 727 2439 quibus
745 2405 768 2432 si
783 2409 839 2433 tres
862 2413 949 2434 annos

165 2447 312 2482 adieceris,
339 2453 401 2484 post
427 2456 497 2483 quos
524 2449 646 2486 vulgaris
668 2450 770 2478 Christi
788 2452 890 2486 epocha
908 2453 950 2479 in-

164 2493 263 2521 choata
289 2494 340 2521 fuit
360 2502 408 2529 per
430 2494 460 2523 ι).
477 2494 681 2531 Hieronymum.
693 2501 775 2525 erunt
791 2498 854 2525 anni
868 2498 947 2526 5955.

163 2542 306 2568 Annorum
322 2541 384 2568 item
403 2541 498 2568 seriem
515 2541 549 2569 ab
560 2543 624 2570 orbe
643 2543 752 2571 condito
765 2543 798 2570 ad
810 2543 948 2572 Christum

164 2589 257 2612 natum
273 2585 357 2614 habes
375 2586 403 2612 in
426 2584 553 2614 Chronico
567 2586 702 2620 Curionis,
718 2596 797 2623 quem
820 2589 890 2616 vide.
918 2589 950 2615 Et

162 2638 196 2658 ex
212 2629 334 2658 llebrzcis
347 2631 410 2658 Baal
422 2630 505 2658 Setler
522 2631 611 2665 01am,
627 2639 641 2659 a
656 2633 750 2660 mundi
763 2634 899 2661 creatione
914 2633 948 2661 ad

163 2677 334 2704 eversionem
355 2677 448 2712 templi
467 2677 518 2704 sub
532 2676 703 2712 Vespasiano
726 2682 832 2706 tantum
850 2687 948 2707 nume-

163 2725 206 2749 rat
219 2729 306 2750 annos
325 2723 406 2755 5888,
423 2723 449 2750 id
472 2726 514 2751 est
532 2723 566 2750 ad
586 2723 724 2751 Christum
749 2730 841 2752 natum
866 2726 946 2754 5157.

163 2766 281 2795 Rabbini
299 2769 463 2796 recentiores
479 2768 512 2795 ad
527 2773 619 2796 natum
635 2770 774 2797 Christum
790 2778 852 2797 ann.
865 2771 944 2801 5760.

162 2819 271 2841 menses
289 2814 315 2841 1.
336 2813 412 2843 Unde
426 2820 539 2850 quartus
554 2816 648 2844 mundi
663 2817 833 2846 millenarius
852 2817 887 2845 ab
905 2819 945 2846 eis

162 2865 236 2886 anno
254 2858 359 2888 Domini
384 2861 437 2888 210
467 2862 621 2895 confertur;
646 2863 758 2897 quintus
790 2864 817 2891 in
842 2870 943 2892 annum

164 2903 244 2936 1910,
263 2909 288 2932 ct
315 2906 350 2934 ita
369 2907 497 2944 deinceps
513 2908 583 2944 quod
601 2908 681 2937 hodie
699 2910 777 2946 vulgo
797 2909 882 2938 διισίπή
898 2919 942 2939 sc-

1001 2321 1036 2349 ab
1060 2322 1143 2349 Adam
1173 2331 1260 2358 usque
1277 2324 1310 2350 ad
1335 2323 1464 2351 diluvium
1480 2325 1544 2352 anni
1560 2323 1641 2356 9.262,
1654 2331 1669 2351 a
1681 2324 1786 2353 diluvio

1001 2375 1087 2402 usque
1103 2370 1136 2395 ad
1149 2369 1285 2396 Abraham
1303 2370 1365 2396 anni
1377 2369 1438 2402 942,
1451 2370 1485 2397 ab
1497 2369 1634 2398 Abraham
1651 2377 1739 2406 usque
1750 2371 1784 2399 ad

1001 2414 1157 2448 passionem
1176 2414 1283 2442 Domini
1298 2415 1362 2442 anni
1375 2415 1455 2448 22“,
1471 2414 1588 2442 altoma
1604 2423 1667 2443 vero
1674 2417 1782 2443 condita

999 2463 1084 2492 usque
1103 2457 1137 2484 ad
1153 2456 1260 2486 Domini
1277 2458 1421 2487 adventum
1438 2460 1502 2487 anni
1529 2459 1589 2492 752,
1613 2467 1628 2487 a
1656 2460 1782 2496 passione

998 2500 1104 2529 Domini
1121 2511 1207 2538 usque
1222 2503 1256 2530 ad
1268 2504 1440 2532 consulatum
1454 2504 1588 2532 Eustathii
1604 2507 1667 2533 anui
1681 2506 1741 2537 595,
1754 2511 1782 2534 et

999 2556 1083 2582 usque
1100 2549 1132 2575 ad
1146 2550 1318 2577 consulatum
1339 2550 1394 2578 DN.
1410 2551 1557 2579 Theodosii
1572 2560 1616 2585 xv,
1638 2553 1702 2580 anni
1716 2552 1778 2581 409.

999 2593 1078 2621 Fiunt
1095 2595 1130 2622 ab
1148 2596 1233 2623 Adam
1252 2605 1339 2632 usque
1356 2597 1389 2624 ad
1405 2605 1449 2624 xiv
1469 2597 1592 2625 Valentis
1616 2606 1729 2631 annum,
1754 2600 1779 2627 id

997 2645 1048 2671 est,
1065 2649 1150 2675 usque
1179 2642 1213 2669 ad
1238 2643 1410 2670 consulatum
1427 2644 1486 2678 ejus
1504 2650 1530 2672 et
1550 2644 1733 2672 Valentiniani
1748 2654 1777 2676 ιι,

997 2693 1090 2714 omnes
1103 2687 1165 2714 anui
1180 2687 1376 2719 15579;altera
1386 2697 1417 2716 ex
1432 2689 1578 2717 Euscbiani
1592 2690 1715 2718 chronici
1727 2692 1778 2719 line

997 2730 1031 2757 ab
1045 2731 1111 2758 urbe
1125 2732 1234 2759 condita
1249 2734 1300 2761 sub
1315 2735 1424 2770 regibus
1439 2735 1503 2762 anui
1517 2735 1579 2768 2-i0,
1595 2736 1644 2764 sub
1657 2737 1777 2763 consuli-

996 2776 1045 2803 bus
1064 2777 1128 2804 auni
1143 2777 1204 2810 461,
1219 2779 1270 2806 sub
1286 2780 1415 2814 Augustis
1425 2785 1452 2809 et
1464 2781 1617 2810 Caesaribus
1633 2782 1695 2809 anui
1713 2782 1776 2814 693,

997 2822 1163 2856 colliguntur
1177 2831 1271 2852 omnes
1285 2826 1348 2853 anni
1363 2834 1448 2861 usque
1464 2827 1496 2854 ad
1505 2828 1675 2854 consulatum
1688 2827 1773 2855 Theo-

995 2867 1061 2895 dosii
1074 2867 1193 2896 Junioris
1205 2877 1282 2902 xrul,
1291 2879 1316 2899 et
1329 2871 1509 2899 Valentiniani
1521 2873 1639 2901 Junioris
1651 2872 1773 2902 Placidia:

996 2912 1041 2939 ῖιὶἰι
1066 2921 1098 2943 rt,
1119 2914 1312 2949 ιὲειίςτεειιξιιέιιι.
1329 2916 1404 2942 “9?.
1429 2917 1610 2944 .\h.-\lzr:tham
1629 2925 1714 2950 usque
1740 2917 1775 2945 ad
