2144 3164
168 177 237 204 l0”

712 172 746 201 IN
764 171 952 200 EUSTATHII
975 171 1213 201 HEXAEMERON
1229 171 1342 200 ΝΟΤΕ.

1726 173 1792 200 1018

169 234 229 261 ωιν
250 233 315 271 ἦλθε
329 236 376 262 καὶ
395 236 436 266 εις
455 235 519 266 τοὺς
536 233 680 270 Ἕλληνας,
699 231 864 268 Eupolemus
883 232 956 268 apud
970 234 1015 268 Αι

944 232 994 263 1Α
1006 233 1076 268 peril
1105 233 1212 263 habuit.
1237 231 1385 260 tradidisse
1404 232 1548 264 ministris.
1570 235 1600 259 ut
1622 239 1672 268 per
1684 235 1790 268 tempus

169 279 382 316 Polyhistorem:
397 277 594 314 Συζήσανταδὲ
605 277 650 304 τὸν
665 277 791 313 Ἁϐραάμ
806 278 835 304 ἂν
856 277 960 304 Ἡλιου-

168 325 244 352 πόλει.
271 327 329 358 τοῖς
349 324 504 359 Αἰγυπτίων
527 323 648 359 ἱερεῦσι,
671 323 757 350 πολλὰ
786 322 959 359 μεταδιδάξαι

169 371 278 403 adscite.
289 371 336 398 καὶ
347 370 397 407 τὴν
408 369 585 405 ἀστρολογίαν
602 369 695 396 καὶτὰ
708 368 788 395 λοιπὰ
803 368 896 395 τοῦτον
910 369 959 395 αὺ-

169 417 226 448 τοῖς
239 415 452 452 εἰσηγήσασθαι,
468 414 589 450 φάμενον
608 415 794 446 Βαϐυλωνίους
808 414 896 441 ταῦτα
911 415 958 441 καὶ

169 462 251 489 αὐτὸν
270 461 415 498 εὑρημέναι
428 470 434 477 ·
452 461 502 497 τὴν
527 461 556 487 δὲ
577 461 684 497 εὕρεσιν
709 461 798 488 αὐτῶν
817 462 858 492 εἰς
873 461 958 497 Ἑνὼχ

169 509 361 543 ἀναπέμπειν,
391 509 437 535 καὶ
459 507 555 534 τοῦτον
589 508 736 544 εὑρηκέναι
767 507 874 543 πρῶτον
909 507 958 542 τὴν

169 554 357 590 ἀστρολογίαν,
384 554 434 581 οὐκ
460 554 634 588 Αἰγυπτιους.
659 554 834 588 Artapanus:
853 553 905 580 Τὸν
930 553 958 580 δὲ

171 599 379 635 ’Δδραμον,τὴν
388 597 584 636 ἀστρολογικὴν
598 599 695 635 interi;
700 607 752 634 μην
769 598 957 630 παιδευθέντα,

169 644 280 680 πρῶτον
297 645 345 680 μὲν
360 645 446 671 ἐλθεῖν
471 646 512 677 εις
532 644 658 680 Φοινίκην
671 665 678 677 ,
695 645 742 672 καὶ
756 645 818 677 τοὺς
833 645 959 676 Φοίνικας

170 690 347 725 ἀστρολογίαν
365 691 468 724 διδάξαι
478 699 485 706 ·
503 690 617 726 ὕστερον
630 691 653 717 δ’
668 692 708 722 εἰς
721 691 857 725 Αἴγυπτον
870 699 959 726 παρα-

169 736 308 770 γενέσθαι.
327 735 428 764 llorum
456 740 548 764 tamen
566 737 702 764 sententia
721 736 832 764 Pererio
847 744 900 764 non
914 744 959 763 ar-

169 782 257 814 ridet,
270 790 384 818 eamque
408 783 447 810 ait
462 782 582 810 divinam
602 782 771 818 Scripturam
793 789 954 818 coarguere.

154 828 262 857 .Primo
274 850 282 861 ,
297 830 361 865 quia
376 829 513 857 Abraham
536 829 700 856 brevissimo
721 834 843 864 tempore
858 828 909 855 fuit
930 828 958 855 in

169 874 304 910 Egypto,
322 875 357 902 ita
371 878 401 902 ut
418 876 445 902 in
461 878 539 901 tanta
553 873 686 901 brevitate
699 873 829 909 temporis
839 873 891 900 illae
901 872 957 901 dis-

1010 283 1170 306 consuetum
1185 278 1332 314 pigmentis
1346 278 1537 311 illustraretur,
1563 278 1794 314 inungereturque

1008 323 1087 356 oleis,
1113 331 1175 359 quae
1190 324 1266 355 item.
1285 329 1313 351 et
1326 331 1442 357 moram,
1455 329 1482 351 et
1507 327 1615 359 tempus
1640 324 1792 359 requirunt.

1008 369 1084 397 Adde
1098 370 1179 398 etiam
1194 369 1260 397 illud
1272 369 1356 405 quod.
1377 374 1519 405 postquam
1539 371 1663 398 restituta
1678 370 1728 398 fuit
1742 368 1793 398 Sa-

1009 423 1050 447 ra,
1070 416 1206 444 Abraham
1224 424 1278 444 non
1296 416 1388 444 statim
1410 416 1528 444 excessit
1553 424 1586 443 ex
1613 415 1742 452 Egypto.
1763 418 1794 443 ut

1008 463 1156 490 verisimile
1181 466 1235 493 est,
1262 462 1387 498 quamvis
1413 462 1488 490 viros
1514 462 1636 494 haberet,
1661 463 1697 490 ita
1724 461 1794 490 Pha-

1009 515 1093 535 raone
1121 508 1306 543 praecipiente,
1339 508 1386 543 qui
1413 515 1484 535 eum
1500 507 1659 536 educerent.
1686 507 1793 536 Pharao

1008 560 1126 588 namque
1140 553 1306 588 experientia
1321 551 1605 587 doctus,ﬂage|lisque
1620 552 1791 588 prudentior,

1007 606 1098 634 neque
1114 599 1246 630 animose,
1259 606 1310 626 nec
1320 598 1406 634 rigide
1419 598 1556 625 Abraham
1572 599 1731 634 expulisset,
1743 598 1790 626 sed

1007 644 1131 678 exposita
1146 644 1297 676 voluntate,
1309 648 1336 672 et
1355 651 1406 681 ope
1421 644 1486 675 lata,
1499 651 1555 670 sua:
1573 644 1647 670 illum
1665 644 1791 679 potestati

1007 689 1122 721 dimisit,
1140 690 1187 724 qui
1202 690 1284 717 rebus
1304 690 1361 717 suis
1381 690 1534 725 dispositis,
1561 683 1687 717 recessit:
1703 689 1792 722 Quan-

1008 740 1064 763 tum
1081 741 1171 763 autem
1192 735 1219 763 id
1235 739 1343 770 tempus
1360 735 1442 763 fuerit
1461 743 1514 763 non
1539 735 1627 763 ausim
1647 735 1790 767 allii-mare,

1006 782 1087 816 quale
1101 781 1180 816 quale
1203 784 1262 809 erat
1281 780 1315 808 ad
1331 781 1537 808 mathematicas
1556 781 1715 816 disciplinas
1741 784 1794 808 ιη-

1007 827 1111 854 dendas
1124 827 1185 862 plus
1201 827 1285 854 nimio
1306 830 1365 854 erat
1382 827 1462 859 satis:
1486 834 1574 861 neque
1590 827 1663 854 enim
1681 827 1793 854 omnino

1008 873 1140 908 inperitis
1167 877 1195 900 et
1224 872 1318 900 insciis
1341 872 1472 900 scientias
1498 873 1560 899 illas
1578 872 1726 907 exposuit:
1745 873 1793 901 sed

168 908 279 955 ciplinm
299 927 349 948 nec
377 919 530 955 potuissent
542 919 690 955 explicari,
708 908 760 946 nec
775 917 890 946 addisci.
907 919 955 946 Se-
973 908 1062 953 Bjam
1078 912 1139 946 aliis
1160 917 1325 953 disciplinis,
1342 917 1381 945 uti
1412 917 1470 944 lieri
1492 921 1609 953 poterat.
1630 917 1752 950 imbutis,
1766 922 1793 946 et

168 965 279 997 eundo,
300 965 365 1000 quia
389 965 482 992 statim
503 965 630 992 restituta
653 971 738 992 uxore
761 963 859 999 jussus
873 964 955 993 fuerit

169 1012 248 1039 shire
255 1019 287 1039 ex
296 1010 424 1046 Egypto;
434 1015 461 1039 et
472 1010 578 1046 nequid
588 1010 742 1038 detrimenti
756 1014 904 1046 pateretur,
912 1018 956 1038 co-

169 1058 253 1086 mites
262 1058 286 1085 ei
299 1057 356 1085 dati
367 1059 432 1085 sint.
446 1057 540 1086 Tertio
550 1065 583 1084 ex
597 1056 626 1086 S.
641 1056 802 1093 Augustino,
813 1055 850 1084 be
861 1057 955 1084 civita-

170 1107 196 1131 te
208 1102 267 1136 Dei,
283 1102 330 1130 lib.
344 1110 423 1135 xvut,
437 1110 499 1138 cap.
513 1102 558 1134 60,
574 1102 622 1137 qui
635 1101 783 1129 Varronem
800 1102 892 1128 laudat
905 1108 955 1128 aue

169 1154 287 1181 ctorem,
304 1157 320 1177 a
333 1157 388 1185 quo
399 1148 538 1184 proditum
553 1148 589 1175 sit
599 1147 742 1183 Egyptios
754 1147 871 1182 primunt
887 1147 956 1175 Iside

170 1195 302 1230 magistra
318 1195 423 1222 litteras
449 1193 580 1222 didicisse
601 1193 682 1228 paulo
706 1194 765 1227 plus
780 1192 895 1220 duorum
911 1200 956 1219 an-

172 1248 270 1269 norum
287 1241 407 1268 millibus
428 1245 492 1268 ante
511 1248 588 1268 suam
612 1244 728 1267 aetatem.
751 1237 802 1266 Isis
822 1246 887 1266 vero
901 1238 956 1266 [illa

171 1286 222 1313 fuit
232 1286 320 1313 Inachi
333 1287 404 1322 regis
413 1285 585 1321 Argivorum.
597 1285 676 1319 cujds
687 1292 798 1320 regnum
810 1288 871 1319 post
882 1292 956 1311 mor-

171 1337 225 1360 tem
244 1333 359 1360 Abraha:
384 1332 494 1360 inchoat
506 1331 649 1359 Eusebius.
673 1330 824 1362 Postremo,
839 1330 954 1357 Jambli-

170 1379 251 1411 chus.
264 1379 303 1406 De
317 1383 424 1414 mysta.
439 1377 561 1413 £gypt..
576 1378 692 1412 primum
712 1377 853 1412 sapientia:
869 1381 896 1404 et
909 1376 956 1404 do-

170 1426 323 1453 ctrinarum
333 1425 404 1460 apud
413 1425 556 1460 Egyptios
569 1430 707 1452 auctorem
718 1424 782 1452 facit
794 1423 956 1454 Mercurium

171 1470 390 1506 Trismegistum.
414 1469 492 1497 Hunc
506 1474 598 1497 autem
612 1476 667 1497 non
682 1468 769 1496 solum
791 1468 956 1501 Abrahanio,

171 1515 220 1543 sed
233 1516 316 1543 etiam
332 1515 423 1551 Moyse
436 1515 616 1543 recentiorem
632 1513 718 1542 fuisse
732 1514 865 1541 allirmant
877 1513 961 1542 Euse-

171 1561 234 1590 bius
248 1565 276 1589 et
290 1561 469 1596 Augustinus.
489 1559 548 1588 Non
561 1560 688 1587 videntur
702 1564 790 1588 tamen
817 1560 884 1587 tanti
901 1559 958 1587 haec

171 1611 344 1642 argmenta,
358 1608 381 1634 si
394 1610 467 1634 recte
479 1606 698 1637 consider-eatur.
711 1611 739 1633 ut
753 1606 810 1640 jam
823 1607 958 1634 dictorum

172 1653 318 1684 sententia,
331 1657 359 1680 et
375 1653 462 1680 nostri
488 1651 623 1680 Eustathii
650 1653 726 1687 rejici
742 1652 838 1680 debeat
852 1662 858 1679 :
873 1652 960 1688 primo

171 1699 236 1734 quia
263 1699 342 1726 nobis
373 1706 428 1726 non
444 1699 528 1733 liquct
553 1703 655 1733 quanto
669 1703 791 1732 tempore
823 1697 959 1725 Abraham

172 1744 246 1779 apud
266 1743 409 1780 Egyptios
434 1748 556 1772 moratus
582 1744 672 1774 fuerit.
701 1744 772 1779 quod
798 1752 852 1771 non
875 1743 960 1772 fuisse

172 1789 366 1817 brevissimum
383 1789 424 1816 vel
445 1797 476 1816 ex
494 1797 526 1815 co
542 1792 626 1823 patet,
640 1788 712 1823 quod
727 1787 793 1814 dicit
809 1787 958 1822 Scriptura,

174 1835 320 1862 Dominum
339 1834 490 1868 llagellasse
506 1834 674 1861 Pharaonem
689 1834 776 1868 plagis
794 1833 920 1860 maximis
933 1837 960 1860 et

172 1880 285 1909 domum
300 1881 368 1915 ejus.
379 1879 471 1914 Neque
484 1879 557 1906 cnim
569 1880 734 1906 credendum
751 1884 792 1906 est
805 1879 890 1913 prima
903 1878 960 1906 vice

175 1927 260 1954 Deum
273 1927 376 1961 ﬂagella
393 1926 510 1952 maxima
526 1924 643 1957 inferre;
656 1924 702 1951 srd
716 1925 831 1958 primum
847 1923 959 1955 leviora,

175 1974 274 2002 deinde
311 1973 413 2000 malitia
441 1971 606 2006 perﬁdiaque
631 1975 781 2002 crescente,
812 1970 958 2002 atroriora,

174 2020 248 2056 quod
275 2019 438 2046 brevissimo
463 2022 583 2052 tempore
600 2017 696 2043 rnutici
712 2016 877 2043 credendum
904 2024 959 2044 non

175 2071 226 2093 est.
239 2063 425 2099 Requiruntur
443 2064 515 2090 enim
531 2067 557 2088 ct
578 2062 776 2089 admonitiones
803 2062 919 2096 pra-rite.
934 2067 962 2090 et

176 2111 274 2145 signa;
297 2116 347 2136 nec
360 2116 412 2135 non
425 2116 457 2135 cx
474 2112 550 2142 parte
574 2108 659 2141 lllsllls
679 2108 829 2140 peccatoris
851 2107 877 2133 in
890 2107 961 2134 malo

176 2155 393 2192 perseverantia,
411 2159 438 2180 ct
454 2154 562 2180 animus
574 2153 727 2179 obstinatus
741 2155 773 2178 ad
792 2153 854 2181 hoc,
872 2158 901 2179 ut
915 2152 961 2179 lla-

175 2202 245 2237 gella
259 2202 376 2228 Inaxima
392 2200 589 2234 iuipiugautur,
601 2199 680 2225 sit'ltli
698 2203 723 2224 ct
741 2199 765 2224 in
782 2206 810 2224 rc
821 2197 960 2230 dissimili,

1007 963 1122 992 confusa
1137 964 1254 999 quadam
1272 971 1363 991 rerum
1377 963 1486 990 illarum
1498 963 1596 990 notitia
1610 963 1735 991 siveeam
1748 971 1795 992 Il-

1007 1015 1080 1041 tura,
1109 1011 1166 1038 sive
1183 1014 1241 1039 arte
1255 1010 1399 1042 haberent,
1418 1010 1600 1044 turgentibus,
1629 1009 1727 1045 quibus
1744 1017 1794 1037 nee

1008 1055 1120 1082 minima
1143 1055 1171 1082 in
1187 1055 1399 1087 mathematicis,
1420 1055 1467 1083 sed
1484 1055 1630 1090 praecipua,
1648 1055 1689 1082 vel
1705 1055 1793 1083 solum

1009 1100 1124 1129 innucre
1150 1099 1310 1133 sulllciebat.
1346 1104 1375 1128 ut
1407 1108 1503 1128 eorum
1529 1105 1680 1137 praeceptor
1702 1107 1795 1136 posset

1008 1144 1168 1176 existimari.
1178 1144 1279 1179 quibus
1292 1144 1476 1172 fundamentis
1491 1144 1573 1179 iactis
1585 1144 1697 1179 proprio
1709 1147 1797 1171 marte

1009 1191 1234 1226 perfectissimam
1254 1198 1348 1218 eorum
1367 1191 1509 1218 scientiam
1537 1189 1718 1224 notitiamque
1741 1188 1795 1217 slbl

1008 1244 1105 1272 parare
1116 1237 1247 1264 valerent.
1261 1236 1330 1269 Quid
1349 1237 1456 1264 tandem
1471 1236 1591 1265 traderet
1607 1235 1681 1263 aliud
1696 1234 1794 1266 Varro.

1008 1283 1052 1309 cui
1067 1281 1242 1309 llebrteorum
1258 1281 1380 1309 historia:
1395 1282 1507 1308 minime
1517 1285 1597 1314 nolze,
1608 1281 1709 1316 quique
1723 1281 1796 1308 sicut

1009 1330 1036 1354 et
1054 1326 1100 1353 alii
1125 1326 1240 1358 ethnici,
1267 1326 1302 1352 ab
1316 1326 1370 1352 illis
1393 1333 1437 1352 res
1453 1330 1581 1360 acceptas
1599 1324 1747 1360 pervertit?
1763 1323 1795 1352 Et

1008 1371 1178 1399 Jamblichus
1187 1371 1305 1406 primum
1316 1370 1505 1406 [Egyptiorum
1515 1371 1796 1406 sapicntcmnominat

1009 1417 1230 1453 Trismegistum,
1253 1421 1383 1452 tanquam
1404 1425 1478 1449 οιιιιι.
1505 1421 1535 1444 ut
1548 1417 1655 1452 opinor,
1669 1416 1715 1452 qui
1738 1423 1794 1447 ncn

1010 1464 1098 1492 solum
1110 1471 1187 1496 voce,
1197 1462 1245 1490 sed
1259 1463 1370 1496 scriptis
1379 1463 1461 1490 etiam
1476 1463 1579 1497 aliquid
1595 1462 1726 1497 prodidit.
1739 1461 1795 1490 Nee

1011 1509 1077 1537 mihi
1097 1508 1223 1536 videntur
1240 1507 1326 1535 Varro
1340 1511 1367 1535 et
1389 1506 1559 1535 Jambliclms
1579 1508 1606 1534 in
1624 1507 1738 1535 historia
1753 1507 1795 1535 dl-

1011 1556 1074 1583 vina
1086 1554 1289 1590 Scriptumque
1306 1554 1489 1590 explicatione
1499 1553 1651 1587 Eustathio,
1666 1553 1793 1596 Eusebio.

1009 1600 1138 1636 Joscpho,
1153 1599 1269 1635 aliisque
1280 1599 1471 1635 anteponendi.

1044 1645 1104 1674 Col.
1120 1645 1182 1677 76l,
1193 1645 1241 1672 lin.
1254 1645 1299 1673 23,
1307 1646 1458 1678 Μαθόντες
1468 1643 1511 1672 δέ.
1521 1644 1558 1671 lta
1567 1651 1675 1679 semper
1686 1643 1795 1679 ingenui

1010 1692 1112 1726 quique
1127 1691 1191 1718 fassi
1205 1695 1280 1722 sunt,
1296 1691 1376 1718 etiam
1393 1699 1426 1717 cx
1450 1691 1515 1726 ipsis
1535 1690 1644 1717 CKEClS.
1664 1688 1693 1716 In
1709 1697 1798 1724 prom-

1011 1742 1058 1772 ptu
1072 1742 1136 1764 sunt
1151 1744 1211 1771 quze
1227 1745 1307 1771 super
1319 1734 1370 1763 hec
1381 1740 1542 1771 argumento
1557 1733 1797 1770 scripserunt,‘l‘a«

1011 1785 1112 1815 tianus.
1130 1783 1266 1814 Clemens.
1283 1782 1463 1818 Theophilus.
1479 1782 1614 1809 Eusebius
1630 1786 1655 1808 ct
1667 1782 1722 1810 alii.
1738 1781 1798 1808 Dio-

1011 1829 1072 1864 geni
1101 1827 1219 1861 Lacrtio,
1242 1828 1290 1854 lib.
1308 1836 1327 1860 ι,
1352 1829 1425 1855 sicut
1446 1831 1474 1854 et
1500 1826 1562 1853 aliis
1578 1824 1728 1857 nonnullis,
1741 1831 1796 1851 non

1011 1875 1110 1909 placet.

1045 1920 1126 1952 ιδιά..
1144 1919 1190 1946 1ῑη.
1210 1919 1256 1946 24.
1273 1919 1338 1951 Υἰίς
1352 1917 1488 1952 Ἱσμαήλ.
1515 1916 1553 1943 Ex
1570 1923 1625 1951 quo
1646 1914 1796 1946 lsmaelitc,

1011 1968 1056 2001 qui
1075 1970 1102 1993 ct
1117 1966 1231 1997 Arabes,
1247 1964 1313 1990 dicti
1335 1963 1452 1998 Agareni
1469 1962 1503 1990 ab
1523 1963 1594 1997 Agar
1621 1960 1734 1987 Abrahae
1748 1967 1798 1987 an-

1011 2013 1084 2043 cilla.
1106 2011 1178 2046 quod
1197 2018 1258 2037 cum
1276 2010 1386 2036 minime
1402 2007 1580 2036 lmuorilicum
1594 2005 1738 2033 Mahumeli
1755 2005 1798 2032 vl‘

1011 2059 1130 2089 dcrctur,
1160 2057 1296 2084 ordinavit
1314 2060 1343 2082 ut
1370 2054 1498 2082 Saraceni
1517 2053 1674 2080 dicerentur
1695 2059 1709 2077 a
1730 2050 1796 2078 Sara

1012 2103 1131 2139 legitima
1161 2102 1276 2129 Abralue
1298 2109 1392 2131 uxore,
1412 2099 1517 2128 dicens,
1549 2097 1689 2125 lsmaelem
1703 2099 1798 2122 natum

1011 2159 1042 2178 cx
1058 2158 1099 2180 ea.
1118 2153 1144 2176 et
1161 2157 1214 2176 non
1227 2156 1259 2175 ex
1285 2147 1382 2174 ancilla
1395 2167 1403 2179 ,
1421 2145 1493 2181 quod
1508 2152 1605 2172 nomen
1628 2143 1679 2170 illis
1699 2141 1798 2168 mansit

1012 2196 1099 2230 quoad
1120 2194 1215 2221 Turcm
1240 2193 1265 2220 id
1284 2200 1337 2219 una
1353 2199 1415 2219 cum
1435 2192 1545 2218 natione
1561 2185 1798 2215 alioleieruntJta

176 2234 231 2275 nun
247 2248 334 2274 aliena
351 2250 439 2272 [mm-It
454 2246 569 2275 ratione.
583 2249 608 2271 cl
620 2252 713 2279 scopo,
724 2243 839 2278 prodidit
856 2243 962 2278 Moyses
978 2251 999 2278 υ
1014 2242 1164 2268 Vilhclmus
1177 2239 1353 2267 Codelevarus
1377 2238 1404 2264 in
1422 2236 1492 2264 Aula
1508 2235 1631 2265 Turcica,
1645 2234 1693 2260 lib.
1712 2240 1757 2279 In,
1771 2237 1798 2259 et

175 2293 210 2321 de
227 2292 369 2319 Pharaone
383 2290 521 2325 :Egypliu,
535 2298 595 2325 qua:
611 2296 636 2315 ιιι
658 2290 824 2317 cxsccutioni
837 2290 962 2316 manden-

176 2343 232 2371 lur,
256 2342 283 2365 ct
300 2338 408 2372 Iungunt
427 2341 545 2371 tempus.
568 2340 594 2363 et
624 2335 744 2363 diutinas
766 2343 857 2363 moras
874 2335 962 2370 requi-

176 2389 250 2412 runt.
266 2383 394 2416 Quiuinio
416 2390 477 2409 cum
495 2382 596 2408 nullam
614 2382 668 2408 vim
683 2389 744 2408 csse
764 2382 864 2407 illatam
887 2380 962 2408 Sara:

175 2430 364 2459 conccdiums,
383 2428 430 2455 sed
445 2428 626 2457 matrimonio,
642 2433 670 2454 ut
682 2429 718 2454 ita
735 2427 834 2454 dicam.
846 2435 962 2462 occupa-

176 2479 242 2506 tam,
258 2481 370 2501 neccsse
395 2477 437 2499 est
465 2472 555 2503 fateri,
579 2477 685 2507 tempus
712 2472 887 2507 inici-lapsum
907 2481 961 2499 non

177 2527 300 2555 parvum,
316 2519 378 2545 dum
395 2517 455 2551 ejus
478 2522 646 2552 spectatores
674 2518 730 2552 trgi
759 2519 961 2548 rcmmtiaruut,

175 2567 240 2592 «lum
264 2572 310 2591 res
339 2564 498 2590 accersitam
519 2563 552 2589 ad
567 2571 596 2590 se
614 2563 744 2594 intuetur,
768 2566 963 2597 comparatque

176 2619 237 2637 cum
258 2610 320 2637 aliis
339 2608 500 2636 mulieribus
520 2606 622 2643 proprii
648 2609 735 2644 regni,
755 2617 805 2636 nec
820 2616 895 2636 more
911 2609 964 2636 bel-

177 2657 295 2685 luaruln.
305 2656 405 2690 impetu
418 2654 562 2689 furoreque
579 2659 669 2681 actum
681 2657 772 2681 statim
787 2655 960 2681 matrimonio

177 2702 228 2730 sibi
241 2701 376 2736 junxisse,
397 2699 445 2727 sed
461 2699 602 2727 lenociniis
613 2720 621 2731 ,
638 2700 777 2727 blanditiis
794 2700 908 2735 aliisque
924 2701 964 2729 illi

177 2748 293 2776 suadere
303 2751 435 2777 tentasse,
447 2753 462 2772 a
474 2753 526 2780 qua
538 2746 619 2772 veluti
633 2746 822 2773 honestissima
837 2746 963 2778 muliere,

177 2797 207 2821 ut
223 2800 271 2827 par
285 2796 362 2824 erat,
381 2796 407 2819 et
430 2791 528 2818 rationi
549 2791 703 2825 proximum
727 2791 846 2823 videtur,
871 2795 898 2818 ct
920 2799 964 2818 rc-

179 2841 286 2876 pulsam
302 2846 424 2873 passum,
445 2837 535 2865 denuo
555 2838 647 2865 eadem
664 2836 761 2868 ollicia,
789 2838 888 2872 sa‘pius
915 2845 964 2865 nec

181 2891 235 2909 una
255 2882 312 2909 vice
327 2885 432 2908 tantum
454 2882 578 2909 iterasse.
601 2880 650 2908 [Ebi
667 2882 739 2909 illam
755 2882 905 2910 audientem
920 2882 966 2910 im-

1013 2288 1157 2315 Africanus
1169 2295 1176 2312 :
1189 2283 1362 2320 Σαρακηνοϋς
1373 2282 1401 2308 δὲ
1412 2282 1509 2312 αὐτοὺς
1533 2278 1726 2315 μετωνόμασαν
1747 2277 1798 2304 ὰπ-

1011 2333 1147 2366 αξιοῦντες
1156 2330 1295 2358 καλεῖσθαι
1305 2329 1434 2360 δουλικῶς
1442 2327 1596 2362 Ἀγαρηνοί.
1606 2325 1637 2352 lit
1650 2323 1796 2351 Eusebius:

1012 2378 1057 2413 Τῷ
1073 2377 1120 2409 ﬁt,“
1132 2377 1187 2403 ἔτει
1203 2375 1248 2402 τώ
1268 2375 1391 2410 Ἀϐραὰμ.
1408 2373 1500 2399 ἔτεκεν
1517 2371 1590 2406 αὐτῷ
1605 2371 1693 2404 Ἅγαρ
1710 2370 1800 2404 ἡπαι-

1013 2424 1091 2459 Eis-4r;
1103 2424 1147 2450 τὸν
1168 2421 1288 2457 Ίσμαὴ).,
1304 2421 1349 2455 ἀφ’
1359 2417 1389 2446 οὗ
1403 2420 1432 2446 τὸ
1446 2419 1500 2446 τὼν
1516 2417 1691 2452 Ἰσμαηλιτῶν
1707 2416 1797 2449 γένσς·

1012 2471 1036 2496 oi
1053 2470 1081 2495 ἰὲ
1098 2469 1173 2495 αὐτοὶ
1187 2466 1241 2494 εἶεν
1259 2467 1404 2502 ’Λγαρηνοὶ
1423 2466 1448 2491 οἱ
1464 2465 1509 2491 καὶ
1532 2462 1683 2499 Σαρακηνοὶ
1704 2459 1800 2487 κει.λοὺ-

1015 2524 1098 2551 μεντιι.
1119 2514 1196 2547 Quod
1219 2513 1322 2540 dictum
1343 2512 1486 2538 ridiculum
1512 2514 1564 2540 est,
1598 2508 1739 2535 manifeste
1756 2514 1800 2534 re-

1014 2559 1197 2596 pugnantibus
1210 2559 1297 2586 sacris
1313 2557 1432 2584 Litteris.
1449 2555 1507 2582 Non
1525 2563 1567 2581 me
1584 2554 1651 2588 fugit
1678 2553 1746 2579 alios
1767 2551 1800 2578 ad

1015 2608 1082 2634 alios
1102 2608 1228 2641 parentes
1253 2612 1285 2632 ac
1304 2608 1396 2639 patres
1413 2601 1566 2628 Tui-carum
1583 2604 1687 2634 gentem
1711 2603 1801 2624 trans-

1014 2654 1208 2685 mittere.un
1224 2657 1289 2677 sane
1300 2658 1353 2677 non
1369 2647 1546 2683 improbabis,
1556 2646 1579 2673 si
1593 2644 1713 2680 gentium
1725 2650 1802 2670 ever—

1015 2699 1116 2726 siones.
1129 2697 1248 2723 locorum
1261 2695 1435 2724 mutationcs.
1450 2693 1644 2726 noniiuulnqnc
1658 2689 1799 2717 conlusio-

1015 2752 1063 2771 ncs
1088 2742 1255 2769 (-onsidcrcs.
1286 2740 1463 2774 Smpesa-pius
1499 2737 1608 2766 nobilis,
1639 2743 1688 2762 nec
1707 2737 1803 2761 conte-

1016 2789 1130 2816 mncnda
1149 2788 1224 2814 natio
1248 2795 1262 2814 a
1292 2787 1338 2813 vili
1366 2786 1452 2818 bello,
1489 2783 1628 2817 armisque
1656 2784 1802 2816 superata.

1015 2835 1158 2865 exhausta,
1175 2841 1228 2860 non
1244 2838 1349 2860 tantum
1365 2839 1443 2866 opes.
1461 2834 1487 2858 ct
1511 2831 1578 2858 loca.
1594 2828 1640 2856 sed
1657 2832 1683 2855 et
1703 2833 1802 2856 nmucn

1017 2881 1118 2911 amisit,
1142 2879 1306 2914 victorisque
1331 2885 1430 2905 nomen
1451 2884 1583 2910 [ηιμ-ηψπ,
1601 2883 1636 2901 na
1653 2887 1678 2900 u-
1696 2872 1801 2900 Jilllcil)
