2144 3164
1004 167 1128 197 tsotus
1146 144 1285 195 ALLA‘itI

333 232 596 273 expressitloannes
606 229 806 264 Antiocbenus,
817 229 848 257 in
859 227 1043 262 Δνώσοιοσίι
1053 234 1062 252 :
1072 226 1124 252 Oa-
1135 230 1160 258 Α
1173 223 1259 251 fuisse
1272 222 1345 250 idem
1358 224 1513 258 peccatus
1533 217 1594 273 tota
1678 217 1794 273 historia
1803 215 1840 246 de
1854 217 1959 253 nuptiis

336 282 395 321 ραώ
418 289 490 313 τινος
511 278 641 315 βασιλέως
663 275 939 311 Δίγύπτουλπολλοὺς
959 273 1014 300 τῶν
1036 280 1123 309 προσ-

333 318 417 358 οίκων
432 324 700 360 καταγωνισαμένου,
715 324 762 350 καὶ
775 323 839 354 τοὺς
850 319 1012 358 λῃστρικοὺς
1023 318 1123 354 ἄνδρας

337 373 604 412 μεταρρυθμίσαντος
619 370 688 406 πρὸς
703 369 734 396 τὸ
749 368 950 404 φιλάνθρωπον,
965 365 1013 392 καὶ
1065 364 1123 390 λοι-

336 409 382 449 ειυοὶ
395 409 513 455 βασιλεῖς
527 416 665 451 Δίγύπτου
679 415 720 447 εις
734 413 817 449 τιμὴν
833 412 938 440 ἐκείνου
948 409 1049 446 Φαραὼ
1059 411 1125 436 ἑπα-

336 465 439 493 λοῦντο.
449 462 518 490 Vide
530 462 594 489 item
607 459 757 494 Josephum
770 459 818 485 lib.
831 463 899 484 xvnt
914 455 1123 490 Aniiqaitotnm,

337 511 382 548 qui
396 510 479 538 multa
494 508 528 536 de
542 507 652 534 nomine
664 504 816 532 Pharaonis
827 501 978 532 adnotavit,
997 499 1123 535 quamvis

335 545 498 592 quibusdam
516 554 662 586 incompta.
679 551 812 585 falsaque,
824 553 851 577 et
864 549 926 583 jure
940 547 1049 578 merito,
1066 545 1124 573 visa

338 590 401 630 sint.
426 600 479 627 Alii
493 599 621 626 dixerunt
635 596 795 623 Pharaones
814 595 903 622 dictos
919 591 998 628 quasi
1020 590 1125 618 Pharo~

338 654 399 680 nes,
423 652 439 672 a
461 644 552 672 Pharo
575 642 664 670 insula
686 649 702 669 e
725 641 838 676 regione
863 638 1035 667 Alexandriae
1059 637 1125 664 olim

337 692 490 727 Carpathos
503 690 586 721 dicta,
598 688 646 716 ubi
657 687 781 722 regnavit
792 686 926 719 Proteus;
938 684 986 713 sed
998 685 1056 712 haec
1066 683 1127 719 opi-

338 739 385 766 nio
399 745 449 766 sua
465 736 598 764 inanitate
613 742 662 770 per
679 741 709 761 se
724 733 790 761 ruit.

372 783 433 811 Col.
441 782 506 813 768.
522 782 571 809 lin.
580 781 625 808 43.
641 779 776 807 Γυναῖκα
782 776 1038 813 ὀνόματι.Τ1ιαιηαι·
1044 774 1126 803 illiam

339 829 426 858 fuisse
445 825 645 855 Melchisedech
669 823 820 854 sacerdotis
837 823 962 851 nonnulli
984 823 1128 850 existima-

340 879 415 909 runt,
437 873 510 910 quod
532 872 616 900 ludas
639 872 667 898 in
684 871 853 899 scortatione
868 869 1079 904 deprehensam,
1097 874 1127 897 ut

341 921 455 949 inferius
470 918 592 947 comburi
605 917 746 958 iussisset,
765 923 821 943 non
837 915 963 949 lapiduri.
981 914 1035 942 Lex
1053 916 1126 942 enim

340 968 391 995 fuit
409 965 482 1002 apud
498 964 636 995 Hebraeos,
656 970 738 997 quam
756 966 850 997 postea
869 960 976 996 Moyses
989 962 1125 996 repetivit,

339 1017 370 1041 ut
392 1012 447 1040 illia
467 1010 617 1039 sacerdotis
637 1011 755 1036 scortata
779 1007 995 1039 combureretur,
1021 1010 1127 1034 cetera

340 1059 538 1094 lapidarentur,
562 1055 648 1083 Levit.
673 1062 709 1081 xx
732 1058 760 1081 et
784 1061 840 1080 xxi.
865 1051 918 1080 Sed
943 1051 977 1079 de
1009 1051 1128 1079 Thamar

340 1105 454 1140 ejusque
485 1106 582 1139 gente.
618 1100 774 1128 conditione
803 1103 830 1126 et
855 1097 978 1126 moribus
1001 1102 1128 1126 accurate

340 1150 429 1183 Philo,
440 1150 488 1177 lib.
506 1148 543 1183 0e
557 1147 713 1175 nobilitate:
730 1145 839 1180 Ταύτην
853 1144 991 1178 εὐγένειαν
1001 1144 1033 1170 οὐ
1049 1144 1128 1179 μόνον

340 1195 473 1231 θεοφιλιὴ
487 1194 592 1229 ἄνδρες,
608 1192 677 1220 ἀλλὰ
691 1192 740 1219 καὶ
751 1191 880 1225 γυναῖκες
894 1189 1042 1224 ἐζήλωσαν,
1061 1190 1129 1215 ἁπο-

343 1242 476 1279 μαθοῦσιιι
501 1240 550 1276 μὲν
572 1237 691 1274 ἀμαθίαν
714 1236 765 1272 τὴν
788 1235 937 1270 σύντροφον
960 1233 1024 1268 περὶ
1046 1233 1128 1268 τιμῆς

341 1289 395 1317 τῶν
415 1287 614 1324 χειροκμήτων,
636 1281 822 1310 παιδευθεῖσα
844 1280 873 1307 δὲ
898 1279 962 1315 περὶ
980 1278 1129 1314 μοναρχίας

342 1322 508 1370 ἐπιστήμην,
561 1331 736 1367 μοναρχεῖται
750 1329 765 1355 6
782 1327 895 1362 κόσμος.
914 1325 1013 1361 Θάμαρ
1025 1322 1128 1360 ἦνετῶν

341 1380 396 1408 ἀπὸ
409 1369 459 1414 τῆς
472 1375 653 1411 Παλαιστίνης
668 1373 770 1409 Συρίας
783 1372 894 1406 γύναιον
908 1371 937 1397 ὲν
949 1369 1038 1406 οἰκείᾳ
1053 1369 1128 1396 πόλει

341 1424 445 1461 τραφὲν
461 1421 594 1456 πολυθέῳ,
615 1418 738 1455 γεμούσῃ
756 1417 870 1451 ξοάνων,
891 1415 938 1443 καὶ
951 1414 1127 1449 ἀγαλμάτων,

341 1460 390 1500 .ti
401 1470 518 1500 συνόλως
534 1465 739 1502 ἀφιδρυμάτων.
760 1463 829 1490 Ἀλλ’
846 1462 940 1498 ἐπειδὴ
953 1461 1079 1495 καθάπερ
1097 1460 1130 1486 ἐκ

343 1517 456 1548 σκότους
483 1513 578 1549 βαθέος
601 1510 718 1546 ἐδυνήθη
741 1509 870 1545 βραχεῖαν
893 1507 980 1542 αὐγὴν
1002 1505 1129 1541 ἀληθείας

342 1562 439 1591 ἐνιδεῖν
454 1560 562 1594 θανάτῳ
581 1558 715 1588 κινδύνου,
736 1555 805 1592 πρὸς
818 1554 959 1581 εὐσέϐειαν
974 1552 1131 1589 ηὐτομόλη-
1143 1567 1164 1596 c

343 1616 399 1639 σεν,
417 1606 496 1640 ὀλίγα
510 1603 677 1640 φροντίσασα
691 1601 739 1628 τοῦ
754 1601 815 1635 ζῇν,
835 1601 860 1626 ει
881 1599 918 1634 μὴ
935 1598 1024 1634 μέλλοι
1040 1597 1129 1629 καλῶς

341 1654 401 1691 ζῇν.
420 1653 457 1679 To
477 1652 505 1679 δὲ
526 1650 616 1681 καλῶς
631 1648 764 1683 ἀνέφερεν
780 1646 824 1672 ἐπ’
843 1645 920 1672 οὐδὲν
939 1644 1032 1679 ἕτερον
1046 1644 1063 1678 ἢ
1083 1644 1129 1670 tut

341 1688 391 1735 την
410 1696 559 1733 θεραπείαν
577 1695 624 1721 καὶ
642 1692 748 1720 ἱκεσίαν
766 1690 814 1717 τοῦ
832 1689 892 1722 ὶνδς
915 1689 1014 1716 αἰτίου.
1031 1688 1128 1714 Καίτοι

340 1734 417 1773 δυσὶν
430 1742 554 1777 αδελφοῐς
567 1739 732 1776 ἀμψατὲροις
751 1737 880 1772 πονηροῖς
893 1737 923 1762 ὲν
941 1734 1018 1770 μέρει
1036 1742 1128 1769 γημα-

344 1790 423 1826 μένη,
439 1786 566 1823 κουριδίῳ
583 1785 633 1821 μὲν
648 1783 687 1819 τῷ
704 1781 841 1818 προτέρῳ.
854 1780 893 1816 τῷ
906 1780 929 1807 δ’
949 1780 1062 1815 ὕστερον
1081 1779 1129 1806 καὶ

342 1825 431 1871 ἰχοντι
449 1831 621 1862 ὶπιδιιιασίας
639 1830 724 1865 νόμῳ,
748 1827 845 1863 γενεὰν
864 1826 911 1854 τοῦ
934 1825 1068 1861 προτέρου
1091 1825 1128 1860 μὴ

343 1870 547 1910 ιιαταλιπόντος,
569 1876 626 1905 ἀλλ’
650 1875 735 1910 ὅμως,
755 1872 921 1908 ἀκηλίδωτον
943 1870 1128 1906 διαφυλάξασα

342 1927 389 1954 τδν
405 1924 506 1960 ἑαυτῆς
521 1923 588 1958 βίον,
603 1922 698 1956 ἴσχυσε
719 1914 766 1947 χαλ
780 1917 973 1955 προσηκούσης
988 1918 1045 1947 τοῖς
1061 1917 1130 1950 ἁγα-

343 1972 400 2003 θοῑς
410 1969 548 2005 εὐφημίας
563 1968 710 2002 ιπιλαχετν,
723 1965 771 1992 καὶ
782 1965 838 1995 τοῖς
855 1962 913 1998 μεθ’
927 1962 1012 1997 αὐτὴν
1028 1961 1129 1988 ἅπασιν

342 2016 482 2052 εὐγενείας
494 2014 566 2051 ἀρχὴ
578 2011 714 2048 γενέσθαι.
733 2010 803 2038 Ἀλλ’
817 2009 887 2043 αὕτη
899 2008 948 2043 μὲν
957 2008 982 2034 sl.
997 2006 1044 2034 καὶ
1057 2006 1130 2033 ἁλλό-

343 2063 438 2098 φυλος,
449 2061 507 2089 ἀλλ’
525 2058 573 2088 οὗν
587 2067 620 2094 γε
631 2056 761 2093 uson
778 2057 825 2083 καὶ
841 2055 871 2089 ἐξ
886 2053 1035 2091 ὲλευθέρων
1052 2052 1128 2084 ἴσως,

344 2108 392 2136 καὶ
405 2108 456 2135 οὐκ
471 2106 597 2142 ἀσήμων.

378 2153 449 2181 Ibid.
466 2152 522 2180 Καί
538 2150 588 2178 διὰ
602 2149 759 2184 πονηρίαν.
775 2148 841 2182 Quae
857 2146 940 2175 fuerit
955 2147 1014 2174 hac
1027 2145 1128 2173 malitia

343 2200 387 2228 vel
412 2198 545 2234 iniquitas
561 2195 626 2228 Her,
641 2201 729 2230 neque
748 2193 892 2228 Scriptura
915 2191 1061 2227 expressit,
1079 2198 1129 2217 nec

343 2249 450 2273 certum
474 2242 576 2278 aliquid
599 2241 682 2269 statui
702 2243 794 2275 potest
811 2238 848 2266 ob
872 2238 962 2266 varias
986 2241 1128 2264 auctorum
1146 2242 1168 2271 ι)

344 2291 504 2320 sententias.
523 2287 705 2324 Augustinus,
719 2286 768 2314 lib.
790 2293 848 2313 xxu
871 2288 965 2312 contra
988 2282 1130 2314 Faustam,

345 2344 406 2372 eap.
427 2335 472 2368 8t.
490 2335 636 2370 significat.
654 2338 796 2369 peccatum
810 2331 870 2366 ejus
886 2330 972 2359 fuisse
986 2329 1132 2357 crudelita-

345 2384 382 2411 tis
395 2386 423 2410 et
448 2381 571 2410 scvitic.
594 2379 649 2407 Alii
664 2379 868 2414 conjectarunt,
885 2377 973 2405 fuisse
986 2379 1130 2411 peccatum

346 2431 443 2456 contra
459 2431 596 2459 naturam,
619 2425 692 2461 quod
713 2424 884 2457 admittebat,
907 2423 1024 2451 abutens
1046 2426 1132 2448 uxore

345 2479 422 2503 extra
435 2480 486 2501 vas
501 2471 643 2500 muliebre.
665 2470 843 2499 Hebraon
865 2469 976 2497 traditio
989 2472 1043 2501 est,
1058 2467 1132 2494 Tha-

346 2527 405 2548 mar
423 2519 509 2548 fuisse
522 2517 734 2555 pulcherrimam
747 2517 886 2548 feminam.
898 2522 1013 2551 eamque
1026 2513 1132 2550 perdite

346 2566 501 2593 adamatam
521 2571 583 2592 esse
607 2563 642 2592 ab
664 2562 730 2591 Her.
753 2561 807 2596 Qui
827 2569 883 2598 quo
901 2560 1005 2588 diutius
1027 2559 1131 2587 illibata

347 2612 409 2647 ejus
426 2610 628 2648 pulchritudine
648 2609 702 2637 frui
717 2613 822 2645 posset,
836 2608 927 2636 sciens
943 2615 992 2643 per
1008 2605 1133 2642 gravida-

348 2659 438 2687 tiones
453 2661 480 2686 et
498 2661 593 2693 partus
613 2655 792 2684 deﬂorescere
803 2654 941 2686 decorem,
953 2658 981 2681 et
1001 2656 1129 2680 venusta-

347 2708 402 2732 tem
427 2703 602 2736 muliebrem,
625 2703 653 2730 in
676 2699 878 2737 congrediendo
904 2706 967 2727 cum
992 2698 1130 2731 Thamar,

345 2750 501 2778 eludebat
514 2757 607 2777 semen
619 2753 696 2777 extra
708 2755 757 2775 vas
774 2747 858 2779 illius,
870 2754 906 2773 ne
919 2745 1054 2781 gravialari
1068 2751 1131 2779 pos-

346 2799 398 2823 set.
413 2794 491 2823 Hanc
503 2798 615 2823 secutus
626 2798 669 2822 est
681 2793 840 2828 Caietanus,
853 2799 903 2819 nec
923 2791 1031 2818 videtur
1048 2790 1083 2817 ab
1097 2796 1130 2816 ea

346 2840 522 2870 abhorruisse
529 2839 649 2868 Joannes
658 2838 820 2870 Cassianus,
830 2835 1008 2869 collationeil,
1014 2841 1075 2871 cap.
1084 2835 1095 2862 l
1103 2834 1128 2866 ί,

346 2887 379 2914 dr.
391 2891 505 2925 peccato
516 2886 604 2915 Onam
614 2885 698 2914 verba
712 2884 826 2918 faciens,
842 2881 989 2911 verisimile
1001 2882 1074 2910 enim
1085 2884 1129 2910 est

1173 270 1295 297 Thamar
1319 273 1347 297 et
1372 267 1541 297 scortatione
1560 264 1638 293 inda
1657 264 1764 300 prolixe
1787 264 1958 293 aarratarin

1173 314 1339 344 Testamento
1351 313 1385 341 i2
1397 311 1623 348 patriarcharum,
1635 317 1697 346 cap.
1711 309 1740 337 3.

1207 369 1291 402 ιδιά..
1313 369 1362 397 lin.
1387 368 1432 396 so.
1453 366 1591 402 seu."
1611 365 1663 394 ιιι
1688 365 1755 400 τῆς.
1776 364 1959 401 Augustinus,

1172 416 1222 444 lib.
1243 423 1301 443 uti
1324 419 1419 442 contra
1434 413 1578 456 Faustum,
1596 420 1657 448 cap.
1673 412 1718 446 8t,
1734 411 1854 447 peiorem
1876 409 1961 438 fuisse

1174 461 1239 494 ller,
1253 469 1336 498 quam
1358 460 1465 493 Onam;
1486 459 1562 486 illum
1580 457 1668 486 fuisse
1688 458 1850 493 malignum,
1866 459 1895 484 et
1911 463 1962 483 sa-

1175 515 1250 539 vum.
1261 513 1289 535 et
1298 513 1428 542 peccasse
1441 504 1584 537 nocendo;
1599 503 1673 531 hunc
1683 509 1821 538 peccasse,
1830 501 1961 537 prodesse

1174 557 1202 581 et
1222 553 1320 589 juvare
1333 551 1463 580 nolendo.
1485 549 1598 578 Pererio
1611 549 1767 584 oppositum
1790 546 1961 583 probabilius

1175 599 1293 632 videtur,
1304 605 1366 626 cum
1380 596 1522 632 Scriptura
1536 594 1590 623 Her
1601 594 1718 630 appellet
1729 600 1857 629 nequam,
1873 591 1961 619 Onam

1175 652 1241 673 vero
1254 643 1456 675 detestandum,
1472 641 1546 678 quod
1560 648 1617 669 rem
1639 639 1827 668 detestabilem
1848 639 1960 671 faceret,

1175 692 1250 728 quod
1272 692 1408 728 gravioris
1429 688 1555 718 criminis
1580 690 1647 715 nota
1675 690 1727 714 est.
1750 685 1851 714 Deinde
1873 684 1960 712 Onam

1174 738 1300 773 exemplo
1314 736 1467 772 punitionis
1482 734 1610 761 fraterna
1625 731 1712 759 noluit
1723 730 1895 765 resipiscere,
1910 737 1961 758 nec

1175 784 1325 817 deterritus
1340 781 1485 813 abstinuit,
1498 779 1541 808 vel
1558 786 1574 806 a
1589 777 1685 810 simili,
1701 778 1743 804 vel
1755 784 1770 803 a
1785 776 1882 811 majori
1897 783 1962 812 pec-

1176 834 1248 858 cato.
1264 829 1397 857 Preterea
1414 826 1468 854 Her
1481 825 1604 862 peccavit
1616 823 1771 852 inordinata
1783 822 1895 850 libidine
1913 822 1962 850 de-

1177 875 1333 903 lectationis
1351 880 1484 904 venerea,
1497 870 1585 899 Onam
1599 869 1718 904 maligna
1732 867 1834 895 invidia
1848 867 1961 895 fraterni

1179 920 1254 954 boni,
1286 927 1321 948 ne
1353 917 1553 955 primogenitus
1578 923 1648 944 suus
1669 913 1860 950 assignantur
1882 912 1963 941 fratri

1176 973 1237 993 suo.

1212 1031 1271 1059 Col.
1286 1029 1350 1062 769,
1368 1029 1417 1056 lin.
1441 1027 1485 1056 ﬂ.
1505 1028 1554 1062 Ὠς
1573 1026 1601 1054 δ’
1619 1027 1814 1060 ἀποστείλας.
1838 1025 1966 1054 Historia

1177 1078 1259 1113 hujus
1275 1077 1472 1113 perelegantem
1495 1074 1653 1108 allegoriam
1672 1074 1758 1101 babes
1777 1072 1850 1109 apud
1871 1071 1965 1099 Philo-

1177 1131 1251 1156 nem,
1270 1122 1320 1150 lib.
1336 1121 1406 1156 Περὶ
1419 1119 1571 1156 φυγάδων,
1586 1127 1666 1155 quem
1679 1119 1751 1147 vide.

1212 1177 1292 1209 lbid.,
1305 1177 1355 1204 lin.
1373 1176 1419 1204 35.
1445 1175 1503 1210 τῆς
1524 1175 1675 1210 ἀχρόντου
1690 1175 1815 1210 Μαρίας.
1835 1173 1965 1203 Insulsis-

1177 1224 1239 1251 sitni
1268 1222 1453 1250 Mabumelani
1480 1221 1593 1249 Mariam
1619 1222 1832 1255 sanctissimam,
1854 1226 1881 1249 et
1901 1229 1966 1257 quc

1177 1270 1316 1298 Christum
1338 1269 1423 1297 Deum
1442 1268 1557 1303 peperit,
1578 1275 1698 1295 sororem
1716 1267 1817 1303 Iloysis
1838 1272 1865 1295 et
1881 1267 1969 1296 Αοιοο

1178 1316 1222 1343 nis
1235 1315 1349 1342 faciunt.
1364 1313 1539 1349 Eutbymius.
1556 1313 1584 1340 in
1601 1312 1751 1347 Panopiia:
1767 1313 1822 1340 Καὶ
1837 1313 1879 1340 ὅτι
1890 1313 1905 1338 ό
1915 1313 1969 1340 Δό-

1179 1371 1227 1397 γος
1240 1362 1288 1389 τοῦ
1310 1360 1389 1394 Θεοῦ,
1407 1360 1455 1387 καὶ
1473 1359 1504 1386 τὸ
1525 1360 1638 1394 Πνεῦμα
1657 1358 1750 1391 αὐτοῦ,
1773 1359 1870 1386 κτιστὰ
1891 1358 1968 1390 ΰντα,

1179 1407 1304 1444 εἰσῆλθεν
1321 1408 1361 1439 είς
1376 1406 1485 1442 Μαρίαν
1499 1405 1549 1441 τὴν
1571 1403 1687 1441 ἀδελφὴν
1707 1404 1829 1437 Μωσέως
1846 1404 1969 1431 καὶἎα-

1181 1453 1246 1490 ρὼν,
1271 1453 1318 1479 καὶ
1344 1451 1490 1487 ἐγέννησεν
1510 1449 1580 1486 αὕτη
1604 1449 1666 1484 δίχα
1690 1449 1846 1485 σπέρματος
1860 1448 1969 1485 Ἰησοῦν

1180 1500 1227 1526 τὸν
1252 1498 1380 1534 Χριστὸν,
1404 1497 1557 1533 προφήτην,
1584 1496 1632 1522 καὶ
1656 1495 1747 1522 δοῦλον
1772 1496 1902 1530 γεγονότα
1919 1494 1970 1522 re?)

1182 1543 1260 1571 Θεοῦ.
1289 1542 1322 1570 Et
1342 1543 1370 1570 in
1394 1542 1490 1569 ordine
1509 1541 1556 1576 qui
1581 1544 1706 1568 servntur
1727 1548 1809 1576 super
1831 1541 1865 1569 iis
1884 1541 1931 1576 qui
1953 1548 1970 1568 ιι

1181 1589 1326 1617 Saracenis
1345 1589 1379 1616 ad
1398 1588 1616 1616 Christianorum
1634 1586 1713 1615 fidem
1736 1594 1766 1614 se
1783 1591 1969 1616 convertunt:

1188 1634 1391 1669 ’Δναθεματίζω
1401 1633 1450 1669 τὴν
1464 1632 1512 1659 τοῦ
1530 1631 1652 1666 Μωάμεδ
1664 1631 1797 1667 φλυαρίαν
1809 1631 1859 1667 τὴν
1874 1631 1971 1665 λέγου-

1181 1689 1239 1711 σαν.
1254 1680 1295 1707 δτι
1310 1679 1325 1705 ὸ
1347 1679 1449 1714 Κύριος
1473 1677 1521 1704 καὶ
1541 1677 1607 1708 Θεὸς
1627 1677 1730 1711 Ἰησοῦς
1749 1678 1764 1704 ό
1778 1676 1896 1712 Χριστὸς
1914 1677 1971 1704 ἀπὸ

1180 1724 1289 1760 Μαρίας
1301 1724 1350 1759 τῆς
1372 1722 1489 1757 ἀδελφῆς
1505 1720 1552 1748 τοῦ
1573 1721 1695 1752 Μωσέως
1710 1721 1758 1748 καὶ
1776 1720 1880 1756 Ἀαρὼν
1894 1721 1972 1755 ὲγενο

1181 1770 1249 1806 νήθη
1262 1769 1326 1796 ἄνευ
1343 1768 1448 1804 σπορᾶς
1466 1768 1499 1793 lx
1516 1765 1564 1793 τοῦ
1587 1766 1674 1800 Λόγου
1695 1764 1743 1792 τοῦ
1765 1765 1832 1792 Θεοῦ
1857 1767 1905 1793 καὶ
1921 1764 1971 1794 τοῦ

1181 1815 1349 1850 Πνεύματος.
1375 1813 1442 1847 Quis
1468 1813 1539 1840 hanc
1570 1813 1763 1847 ἁνιστορησίαν
1789 1812 1966 1844 somniasset.

1181 1860 1234 1888 nisi
1257 1858 1402 1890 Moametb,
1416 1863 1442 1886 et
1456 1862 1533 1893 pater
1553 1857 1612 1892 ejus
1627 1857 1770 1884 diabolus?
1786 1856 1909 1892 Spatium
1923 1858 1967 1886 bis

1181 1905 1255 1932 mille
1273 1911 1408 1932 annorum
1426 1903 1498 1931 inter
1521 1902 1633 1930 larium
1656 1902 1915 1938 sororem-Iloysis.
1938 1907 1968 1931 et

1181 1949 1293 1979 Mariam
1308 1957 1369 1985 quae
1380 1949 1521 1977 Christum
1537 1948 1650 1984 peperit,
1670 1947 1832 1976 intercessit.
1847 1948 1904 1976 Nec
1915 1949 1970 1976 mi-

1182 1991 1489 2031 nus‘reprebendeudus
1503 1999 1545 2022 est
1562 1993 1718 2022 Fridericua
1734 1992 1907 2029 Sylburgius,
1919 1995 1969 2029 qui

1181 2042 1255 2070 notis
1267 2042 1295 2069 in
1311 2041 1486 2072 Saracenica,
1503 2040 1536 2068 de
1554 2039 1714 2067 adoratione
1731 2039 1880 2075 imaginum
1896 2040 1970 2069 male

1181 2087 1303 2115 sentiens
1316 2091 1395 2122 negat
1406 2085 1592 2114 adorationeiu
1605 2084 1696 2113 deberi
1708 2084 1792 2112 beata:
1807 2084 1900 2112 Maria
1912 2085 1970 2113 vir-

1181 2133 1249 2169 gini,
1262 2132 1343 2168 idque
1358 2131 1426 2159 locis
1446 2130 1611 2167 quibusdam
1625 2130 1714 2157 sancti
1732 2129 1875 2166 Epiphanii
1894 2130 1969 2159 male

1182 2179 1217 2208 ab
1227 2179 1287 2214 ipso
1303 2177 1458 2206 intellectis.
1469 2175 1495 2204 Is
1509 2176 1581 2203 enim
1593 2175 1631 2203 uti
1646 2175 1811 2203 Calviniana:
1824 2180 1907 2204 sect:
1918 2175 1968 2203 ad-

1182 2225 1271 2253 dictus
1285 2224 1402 2259 sparsim
1415 2223 1444 2254 in
1458 2222 1512 2250 illis
1528 2221 1603 2249 notis
1623 2221 1740 2249 latenter
1751 2224 1779 2248 et
1793 2220 1908 2249 subdole
1920 2229 1968 2250 vv

1182 2279 1283 2299 nenum
1297 2269 1424 2301 eil‘undit,
1448 2268 1520 2297 sicut
1540 2271 1568 2295 et
1585 2267 1713 2303 superius
1735 2266 1770 2295 de
1791 2270 1968 2295 sacramento

1181 2317 1359 2345 Eucharistiz
1378 2318 1471 2352 egerat
1492 2318 1520 2342 et
1539 2313 1569 2341 in
1589 2313 1650 2348 ipso
1669 2312 1772 2340 lumine
1784 2313 1924 2346 caecutire,
1938 2316 1967 2341 et

1182 2363 1272 2399 palam
1294 2361 1430 2390 mendacii
1445 2367 1531 2396 posse.
1552 2358 1679 2386 convinci
1704 2366 1761 2387 non
1784 2363 1913 2394 veretur;
1937 2362 1967 2387 at

1181 2410 1246 2437 dum
1259 2415 1364 2437 venena
1375 2410 1496 2442 spargat.
1510 2413 1571 2442 quae
1586 2406 1718 2435 inticiant.
1730 2412 1825 2440 parum
1839 2405 1879 2434 illi
1893 2413 1967 2442 cur.

1181 2460 1234 2488 est,
1249 2455 1272 2483 si
1286 2462 1364 2483 suam
1380 2454 1408 2481 in
1428 2451 1611 2488 scriptoribus
1631 2451 1814 2486 intelligendis
1828 2451 1966 2481 inscitiam

1182 2501 1337 2537 patefaciat.
1353 2498 1419 2527 Vide
1433 2498 1522 2534 ipsum
1540 2505 1570 2533 p.
1586 2496 1638 2524 i56
1655 2500 1683 2524 et
1696 2496 1759 2524 £38.
1778 2495 1860 2530 Quod
1871 2496 1896 2525 si
1910 2503 1966 2525 non

1180 2552 1223 2576 est
1236 2547 1380 2577 invertere.
1395 2548 1620 2577 transversosque
1631 2548 1711 2577 agere
1722 2540 1818 2569 Patres
1830 2545 1859 2569 et
1871 2548 1966 2569 eorum

1181 2593 1342 2623 sententias,
1358 2589 1423 2626 quid
1443 2588 1514 2617 erit?
1530 2587 1593 2615 Haec
1612 2587 1675 2616 ideo
1691 2587 1819 2615 adnotavi
1836 2591 1866 2615 ut
1887 2591 1966 2615 notas

1181 2639 1242 2667 illas
1256 2641 1338 2666 caute
1351 2637 1438 2664 lector
1451 2637 1605 2670 percurrat.

1216 2693 1284 2721 ibid.
1307 2691 1365 2726 τῆς
1381 2689 1544 2726 ἁχράντου.
1563 2688 1630 2723 Qua:
1648 2693 1706 2717 tota
1720 2688 1835 2725 pulchra
1851 2693 1904 2722 eat,
1914 2694 1966 2717 nec

1180 2741 1263 2768 ullam
1276 2738 1395 2766 admittit
1409 2736 1522 2764 omnino
1535 2737 1679 2764 maculam.
1693 2735 1722 2762 In
1733 2743 1793 2763 eam
1808 2735 1926 2762 humiles
1938 2737 1966 2761 et

1180 2786 1281 2818 devoti,
1298 2785 1355 2812 haec
1369 2783 1494 2820 quamvis
1509 2782 1658 2818 incompta.
1672 2782 1769 2810 aﬂcctu
1783 2786 1874 2808 tamen
1886 2780 1966 2815 plena

1179 2833 1341 2861 cecinimus.
1360 2830 1428 2863 Quze
1441 2830 1502 2862 tibi,
1514 2829 1612 2863 lector,
1629 2828 1819 2865 φιλοπαρθίνῳ
1843 2833 1900 2855 non
1919 2824 1965 2854 hl-

1180 2885 1256 2916 grata
1271 2878 1330 2907 fore
1344 2877 1543 2907 existimamus.
