2144 3164
187 179 254 209 1061

698 177 733 207 ιιι
751 177 938 209 ῑυετΑτιιιι
953 177 1190 207 ΠΕΧΔΕΙΕΚΟΝ
1209 177 1326 207 κοτε.

1750 178 1820 206 1063

187 236 284 264 scribit
299 246 306 264 :
321 236 391 269 Τοὺς
406 235 438 263 δι
455 235 609 268 Ἰουδαίους.
637 235 820 271 διαφυγόντας
850 237 898 266 τὸν
922 237 980 265 xlv-
993 242 1014 271 Α
1030 246 1033 265 1

974 253 980 259 ι
993 242 1014 271 Α
1030 244 1156 272 superior
1165 236 1299 269 substitit,
1307 240 1335 264 et
1346 236 1488 269 intumuit.
1497 236 1609 265 assidue
1618 238 1699 272 aquis
1708 236 1820 265 δίποδα·

186 281 275 314 cum.
294 282 442 318 τριάιωντα
456 281 506 317 Im
528 280 558 307 ιν
571 281 604 316 τι
629 280 727 317 mnu»
741 280 892 317 διατρίψω.
916 281 980 318 βρι-

186 335 279 364 χοντος
291 326 439 360 αὐτοῖςὬῦ
450 325 521 353 Osci
536 326 651 362 κρίμνον
667 327 760 362 ὅμοιον
777 326 880 363 ιλύμῳ.
907 327 978 362 χιόνι

185 374 378 410 παραπλήσιον
392 373 443 410 τὴν
459 373 553 408 χρόαν.

220 419 279 446 Col.
291 419 353 451 789,
366 419 405 446 lin
428 418 474 446 ΞΔ.
484 419 517 446 οι
531 419 587 454 τὰρ
594 419 693 454 χάριν.
702 419 853 456 Antiquam
865 428 978 456 peregre

186 464 323 500 proﬂciscn
351 464 494 500 religionis
521 471 587 500 ergo
617 466 741 493 meminit
775 469 803 494 et
830 465 978 501 Gregorius

185 511 326 547 Nyssenus
347 511 387 539 De
404 511 466 539 Vita
479 510 510 540 S.
523 511 653 540 lacrima
674 513 784 548 virginis
795 521 805 540 :
817 513 930 546 Πάντως
948 514 976 540 δὲ

184 557 236 584 οὐκ
255 557 424 593 ἁμνημονιτς
446 557 497 593 τῆς
516 558 674 593 συντυχίας,
699 559 744 585 ὅτε
770 559 831 586 stas“
844 559 927 595 εὐχὴν
947 560 977 586 ἑν

189 602 397 638 Ίιροσολύμοις,
422 604 565 639 ἐπιφοιτᾷν
588 603 704 640 μέλλων,
719 601 796 638 ὲφ“ᾦ
818 604 853 631 τὰ
875 606 976 640 σημεῖα

182 647 234 682 τῆς
247 647 294 674 τοῦ
305 647 409 683 Κυρίου
428 647 472 675 διὰ
489 649 590 684 σαριὼς
605 649 753 684 ἐπιδημίας
766 650 796 677 ιν
807 650 864 682 τοῖς
879 649 975 682 τύποις

184 692 250 721 ίειιν
269 692 436 729 συνέδραμόν
451 701 492 720 σοι
507 694 579 720 κατὰ
591 693 641 729 τὴν
659 694 798 730 Ἀντιόχου
812 694 901 721 πόλιν.

217 737 298 770 lbid.,
312 738 361 766 lin.
378 738 423 767 37.
442 738 479 765 Td
493 746 524 765 te
538 739 660 766 Σιναῖον
674 738 752 772 ὄρος.
771 738 810 766 De
824 742 918 767 monte
934 738 975 767 Si-

181 784 239 816 nai.
261 784 376 820 ejusque
397 785 466 812 locis
484 785 572 812 sacris
599 784 680 819 plura
701 783 801 812 Petrus
821 783 973 816 Bellonius,

183 829 401 858 Observationum
412 830 461 858 lib.
479 837 508 862 n,
516 837 577 865 cap.
593 829 629 857 62
639 833 668 857 et
683 837 754 865 seq.,
767 830 802 858 de
817 837 873 866 quo
887 831 973 858 multa

182 883 268 904 sacrae
277 876 507 911 littereJnsignis
519 875 566 903 illo
577 875 686 911 quidem
698 879 726 904 et
742 875 791 904 Dei
802 883 866 904 cum
880 875 972 912 Moyse

1029 282 1122 316 tibus;
1134 290 1198 310 cum
1210 289 1277 311 vero
1290 282 1456 310 transissent
1466 281 1573 310 Hebraei
1585 290 1641 310 non
1654 283 1758 314 subito,
1770 283 1819 311 sed

1029 329 1132 356 sensim
1155 327 1304 361 detumuit,
1321 330 1350 356 et
1376 327 1499 362 deﬂuxit,
1521 335 1557 356 ne
1578 335 1653 363 ripas
1664 333 1692 356 et
1705 335 1820 365 campos

1027 373 1173 407 obrueret;
1197 374 1291 407 tertio,
1309 373 1340 402 in
1359 374 1429 401 mari
1448 373 1586 402 submersi
1601 378 1667 401 sunt
1682 372 1816 410 Egyptii.

1027 419 1120 447 nul!us
1133 426 1198 447 vero
1210 427 1318 447 mersus
1335 422 1378 447 est
1395 419 1423 446 in
1437 418 1573 452 Iordane;
1585 422 1695 454 quarto,
1708 420 1736 446 in
1748 419 1818 447 mari

1027 463 1100 493 Deus
1114 465 1227 493 immisit
1243 469 1366 499 ventum,
1382 465 1417 493 ad
1436 464 1550 492 fundum
1563 462 1691 492 limosum
1708 465 1818 493 siccan-

1024 510 1102 543 dum,
1113 511 1141 538 id
1154 519 1218 540 vero
1229 518 1285 540 non
1300 511 1365 539 fecit
1380 511 1408 538 in
1423 509 1552 544 Iordane,
1565 510 1631 546 quia
1645 510 1708 546 ejus
1722 511 1817 540 alveus

1026 561 1070 585 est
1085 564 1200 592 parvus,
1212 562 1240 586 et
1257 565 1402 586 arenosus.

1060 601 1141 636 lbid.,
1167 603 1216 631 lin.
1245 604 1279 634 7.,
1302 604 1369 630 Ἐπὶ
1381 603 1439 637 τὴν
1455 603 1576 638 ἰεριχώ.
1591 602 1728 638 Iosephus
1739 602 1817 630 Anti-

1024 648 1091 683 quit.
1107 647 1154 675 lib.
1175 656 1212 682 Iv,
1231 656 1292 685 cap.
1307 649 1324 676 5
1337 649 1442 681 :«Iléhg
1452 648 1480 675 δέ
1493 649 1566 675 ἐστιν
1575 648 1714 684 εὐδαίμων
1735 648 1816 684 αὕτη,

1025 693 1149 728 φοίνικάς
1169 703 1199 721 τε
1215 695 1308 730 φέρειν
1335 694 1436 730 ἀγαθὴ,
1451 693 1498 720 καὶ
1514 692 1653 729 βάλσαμον
1666 693 1815 730 νεμομένη.

1024 738 1152 774 Ejusdem
1179 741 1387 777 topographiam
1414 740 1500 768 babes
1527 739 1600 775 apud
1623 743 1749 768 eumdem
1777 740 1816 768 Ds

1024 785 1091 813 bello
1100 785 1166 814 1νά.
1182 787 1238 820 Ly,
1253 794 1280 815 c.
1299 786 1352 818 26;
1366 785 1521 813 Brocardus
1546 785 1699 813 monachus
1721 781 1748 812 in
1764 785 1815 813 De-

1023 831 1164 865 scription
1187 831 1275 859 Terra!
1287 835 1386 859 sancta
1404 839 1414 858 :
1431 830 1499 858 Item
1516 838 1533 857 α
1545 829 1658 866 Calgala
1676 838 1722 864 per
1735 839 1814 858 unam

1023 877 1124 904 lucem
1136 882 1229 905 castra
1244 878 1372 905 orientem
1386 882 1425 904 est
1439 877 1493 905 sila
1507 876 1625 909 Iericho,
1640 877 1733 905 civitas
1750 877 1814 905 aliut

181 921 337 957 colloquiis,
352 907 460 950 el'locis'
470 922 523 957 piis
546 907 690 956 sacrisque
705 922 741 950 ad
756 922 831 949 hunc
840 922 913 950 diem
923 907 973 950 llo-
988 907 1009 937 Β
1024 922 1140 957 famosa,
1166 931 1235 951 nunc
1261 928 1350 951 autem
1364 922 1442 950 habet
1456 927 1514 951 acto
1533 907 1641 957 domos,
1656 923 1700 950 uia:
1719 931 1814 952 nomen

182 967 319 1000 rentibus,
337 974 390 995 nec
403 974 459 995 non
473 967 573 995 nobilis
588 968 659 995 divas
672 967 827 996 Catherina
845 975 970 1004 corpore,

181 1016 210 1040 et
226 1012 343 1040 aliorum
355 1016 514 1040 sanctorum
530 1013 640 1041 duobus
665 1013 857 1041 cacuminibus
874 1013 972 1042 divisis

181 1058 301 1095 assuer
316 1059 405 1087 solido
417 1067 497 1092 saxo,
508 1063 535 1087 et
548 1060 687 1088 variorum
698 1061 821 1088 colorum
836 1061 970 1096 granulis,

181 1113 243 1143 qua
264 1105 386 1134 diversas
406 1106 509 1141 ﬁguras
524 1105 645 1133 elliciunt
668 1105 809 1138 distincto,
836 1107 971 1134 excelsior

182 1159 246 1187 pars
267 1159 367 1180 nomen
395 1152 482 1185 Sinai,
499 1152 657 1188 depressior
680 1151 771 1179 Horeb
787 1156 913 1188 occupat.
938 1151 969 1180 lu

182 1197 273 1225 Horcb
289 1197 375 1234 Moysi
393 1197 437 1225 lex
451 1198 526 1231 data,
544 1198 572 1225 in
587 1205 644 1233 quo
661 1201 690 1226 et
705 1198 794 1226 adhuc
809 1198 837 1225 in
851 1205 970 1226 marmo-

182 1249 229 1270 reo
244 1242 332 1277 lapide
356 1241 457 1278 loysis
476 1242 577 1278 elligies
600 1243 768 1278 conspicitur
779 1242 813 1270 ad
835 1243 968 1271 amussim

181 1287 326 1322 impressa.
344 1288 372 1315 In
388 1287 454 1315 Sina
469 1295 569 1323 corpus
590 1292 692 1316 sancta:
707 1287 862 1316 Catberinte
873 1288 908 1316 ab
919 1296 968 1316 an-

180 1334 249 1369 gelis
262 1334 433 1368 deportatum
448 1337 500 1366 est,
515 1333 587 1369 quod
603 1342 749 1369 progressu
765 1334 895 1368 temporis
909 1341 967 1361 mo-

180 1379 262 1406 nachi
274 1379 375 1406 montis
390 1379 490 1406 accolae
503 1379 531 1406 in
546 1381 628 1406 imam
643 1384 746 1413 partem
760 1379 861 1406 montis
877 1378 967 1407 Horeb

179 1425 359 1461 deportarunt
383 1429 414 1452 ut
427 1429 516 1452 tutum
544 1425 580 1452 ab
600 1425 727 1452 hostibus
748 1428 964 1452 conservarent:

179 1473 267 1499 multa
281 1476 345 1499 sunt
363 1471 390 1498 in
407 1471 458 1498 hoc
480 1475 573 1498 monte
594 1470 762 1497 admirabilia
784 1470 830 1497 illa
845 1470 965 1505 quidem,

179 1517 352 1552 maximaque
371 1524 425 1544 non
445 1517 556 1552 indigna
578 1516 824 1544 animadversione.
848 1515 909 1543 liae
928 1516 967 1543 le-

178 1567 239 1591 ctor
259 1564 307 1591 tibi
335 1563 507 1590 communico
536 1566 602 1598 typo
623 1563 735 1595 montis,
760 1569 841 1597 quem
869 1562 934 1588 olim
950 1569 965 1588 a

179 1609 322 1636 monachis
340 1609 404 1636 inde
422 1608 535 1636 Romam
553 1608 723 1635 venientibus
737 1609 841 1643 accepi,
856 1611 884 1635 et
898 1608 966 1634 alio-

178 1663 239 1682 rum
260 1655 427 1686 testimonio,
450 1656 496 1689 qui
518 1655 576 1682 loca
592 1654 636 1681 illa
658 1655 819 1686 inviserunt,
844 1655 965 1689 apprime

179 1700 251 1732 ldo;
275 1701 334 1727 loca
352 1700 580 1736 quemadmodum
604 1700 646 1727 bis
666 1701 834 1735 temporibus
857 1708 964 1728 nuncu-

177 1750 278 1780 pantur
294 1745 321 1772 in
340 1745 414 1772 calce
429 1744 553 1780 exposui.

213 1789 296 1820 lbid.,
313 1789 360 1816 lin.
378 1789 423 1817 5'1.
445 1790 516 1823 Παρ¹
530 1785 555 1821 ᾧ
574 1788 628 1823 τὰς
642 1789 832 1824 νομοθεσίας.
845 1788 964 1817 Crassus

177 1841 257 1863 error
283 1835 428 1862 Alexandri
456 1834 646 1870 Polyhistoris,
670 1835 716 1868 qui
742 1835 790 1867 ait,
812 1835 883 1870 apud
910 1835 964 1863 He-

178 1880 267 1909 breos
285 1880 426 1907 munerem
445 1879 590 1914 quamdam
612 1879 695 1914 μωσὼ
715 1879 810 1911 fuisse.
826 1887 888 1915 qua
903 1887 962 1908 eam

179 1925 263 1960 legem
284 1924 404 1959 scripsit.
422 1931 475 1958 qua
499 1920 587 1950 Iudaei
611 1928 736 1955 utuntur,
757 1924 809 1951 hoc
833 1927 876 1952 est
906 1923 963 1951 Mo-

179 1971 278 1998 saicam
291 1970 375 2005 legem
390 1967 546 1998 Iuda:on
566 1975 620 1995 non
635 1975 651 1994 a
662 1967 764 2003 Moyse,
775 1975 855 2001 quem
872 1968 962 1995 nullu

179 2016 219 2043 set
233 2015 267 2043 de
282 2015 360 2049 plebe
378 2015 518 2044 minimus.
543 2014 589 2049 qui
607 2013 716 2048 quidem
735 2012 843 2040 Iudaeos
859 2018 961 2045 nosset,

176 2061 305 2096 ignorare
319 2061 417 2096 potuit,
433 2061 482 2089 sed
497 2062 532 2091 ab
552 2061 603 2088 hac
621 2060 735 2086 muliere
749 2060 849 2086 dictam
865 2059 960 2087 fuisse.

210 2105 292 2140 lbid.,
311 2107 359 2134 lin.
379 2107 426 2135 40.
449 2106 600 2141 Ζητητέον
618 2105 652 2133 δὲ
669 2106 697 2133 οι
710 2105 735 2133 ὲ.
751 2104 833 2133 Plura
858 2106 892 2133 de
911 2106 962 2133 bac

175 2153 373 2184 controversia,
397 2156 425 2181 et
451 2161 584 2180 annorum
611 2152 808 2188 supputatione
831 2151 962 2180 eruditis-

174 2199 244 2227 sime
268 2199 363 2226 scribit
385 2198 513 2228 Pererius
533 2199 561 2226 in
579 2207 638 2234 cap.
668 2207 702 2226 xv
733 2197 824 2225 Cenes.
850 2198 878 2224 in
907 2205 960 2232 qua

1023 969 1094 997 uilla:
1112 970 1220 997 sortita.

1057 1014 1138 1047 lbid.,
1154 1015 1204 1042 lin.
1222 1015 1264 1043 14.
1287 1014 1343 1043 Kal
1356 1014 1441 1043 πᾶσα
1461 1013 1502 1047 τῷ
1525 1015 1633 1049 Κυρίῳ.
1661 1012 1811 1049 Iosephus.

1021 1061 1111 1096 Antiq.
1129 1061 1178 1088 lib.
1191 1068 1220 1094 γ,
1236 1068 1298 1096 cap.
1314 1061 1327 1088 Ι
1344 1062 1495 1097 ξ’Δπειρον
1507 1060 1535 1087 δέ
1555 1069 1582 1087 τι
1597 1059 1699 1095 πλῆθος
1715 1061 1748 1087 ὲκ
1761 1059 1812 1094 τῆς

1020 1105 1147 1138 ἁλώσεως
1159 1105 1364 1142 συναθροίζεται
1383 1105 1504 1142 ἀργύρου
1523 1114 1553 1132 τε
1569 1105 1617 1133 καὶ
1633 1104 1746 1141 χρυσοῦ,
1764 1105 1813 1132 καὶ

1019 1150 1132 1186 προσέτι
1148 1151 1259 1186 χαλκοῦ,
1283 1151 1395 1187 μηδενὸς
1411 1150 1585 1187 παραϐάντος
1602 1151 1638 1178 τὰ
1661 1150 1813 1186 δεδογμένα

1020 1195 1082 1231 μηδ’
1111 1196 1151 1228 είς
1171 1196 1238 1223 ἰδίαν
1261 1195 1394 1230 ὠφέλειαν
1413 1196 1483 1224 αὐτὰ
1505 1196 1740 1232 διαπερσαμένων.
1755 1196 1812 1223 Καὶ

1017 1241 1105 1268 ταῦτα
1123 1241 1172 1276 μὲν
1189 1241 1293 1277 Ἰησοῦς
1309 1243 1365 1274 τοῖς
1381 1242 1498 1278 ἱερεῦσιν
1520 1243 1560 1274 εἰς
1577 1243 1642 1274 τοὺς
1654 1241 1810 1277 Θησαυροὺς

1017 1286 1185 1322 παραδίδωσι
1200 1287 1376 1314 καταθέσθαι.

1050 1331 1132 1364 lbid.,
1150 1332 1199 1359 lin.
1217 1332 1260 1360 15.
1280 1332 1340 1366 Τὴν
1353 1334 1442 1360 πόλιν
1458 1333 1538 1360 ﬂuat.
1558 1331 1629 1361 Fuse
1642 1332 1700 1360 haec
1716 1332 1808 1359 omnia

1015 1377 1192 1413 prosequitur
1204 1376 1351 1412 Iaseplms,
1364 1379 1464 1412 Antiq.,
1481 1378 1540 1405 loco
1556 1377 1584 1404 d.

1050 1422 1131 1454 lbid.,
1142 1421 1245 1450 lin.2l.
1257 1424 1288 1449 οι
1303 1422 1336 1448 δὲ
1352 1421 1652 1450 I‘a6awritac.£adem
1667 1421 1749 1449 habet
1759 1420 1806 1448 Io-

1017 1467 1132 1501 sephus,
1147 1467 1233 1494 latius
1249 1471 1339 1494 tamen
1355 1474 1386 1494 ea
1400 1471 1504 1494 narrat.

1050 1511 1132 1545 lbid.,
1145 1512 1195 1540 lin.
1207 1513 1253 1540 Mt.
1263 1513 1424 1547 Ὀρτισθεις
1437 1512 1482 1540 δέ.
1495 1511 1595 1539 Eadem
1601 1512 1737 1548 Iosephus
1747 1512 1807 1540 loco

1016 1555 1101 1583 dicto.

1051 1601 1133 1634 Ibid.,
1143 1602 1192 1630 lin.
1204 1602 1248 1630 52.
1262 1602 1368 1630 ἰγαδὲ
1376 1602 1489 1631 τέλεον.
1501 1602 1652 1638 Iosephus:
1663 1603 1747 1630 Ἔνθα
1759 1603 1806 1630 καὶ

1014 1647 1064 1683 τὴν
1080 1648 1127 1674 τοῦ
1143 1648 1210 1675 Θεοῦ
1221 1649 1380 1684 συνεργείαν
1395 1649 1506 1684 ἔμαθεν,
1517 1649 1702 1684 ἑπιμήναντος
1716 1648 1803 1676 αὐτοῦ

1015 1694 1137 1729 βρονταῖς
1152 1703 1180 1721 τε
1195 1695 1242 1721 καὶ
1256 1695 1397 1730 κεραυνῶν
1413 1695 1519 1730 ἀφέσει,
1532 1696 1578 1722 καὶ
1589 1695 1710 1731 χαλάζης
1721 1703 1806 1722 κατα·

1014 1740 1084 1776 φορᾷ
1095 1739 1215 1775 μείζονος
1226 1740 1276 1775 τῆς
1289 1741 1496 1776 συνήθους.Ἐτι
1507 1749 1539 1775 γε
1553 1742 1606 1776 μὴν
1621 1742 1668 1768 καὶ
1677 1742 1726 1776 τὴν
1737 1742 1805 1776 ὴμέ-

1015 1794 1064 1821 ραν
1076 1786 1224 1821 αὐξηθῆναι
1239 1786 1330 1818 πλέον,
1341 1787 1414 1813 ὠσὰν
1432 1785 1469 1822 μὴ
1480 1786 1668 1814 καταλαϐοῦσα
1681 1787 1729 1820 νὺξ
1744 1787 1804 1813 ἑπι-

1014 1833 1087 1867 σχεῖν
1103 1831 1152 1866 τὴν
1165 1831 1220 1858 τῶν
1232 1831 1365 1868 Ἑϐραίων
1381 1832 1536 1869 προθυμίαν
1548 1833 1704 1860 συνέπεσεν.
1722 1832 1803 1859 Ὥστε

1013 1877 1060 1903 καὶ
1075 1876 1207 1912 λαμϐάνει
1229 1877 1280 1904 οὐκ
1295 1877 1423 1912 βασιλέας
1445 1878 1547 1913 Ἰησοῦς
1562 1878 1591 1905 ἐν
1613 1887 1667 1905 τινι
1683 1886 1801 1913 κρυπτο-

1013 1922 1110 1957 μένους
1125 1922 1252 1957 σπηλαίῳ
1263 1922 1334 1949 κατὰ
1348 1922 1485 1958 Μακχιδὰ.
1497 1923 1544 1950 καὶ
1562 1922 1670 1955 κολάζει
1688 1922 1800 1954 πάντας.

1013 1967 1075 1993 Ὅτι
1094 1967 1123 1994 δὲ
1137 1967 1168 1993 τὸ
1184 1969 1270 2003 μῆκος
1288 1967 1338 2002 τῆς
1359 1967 1466 2002 ἡμέρας
1486 1967 1606 1994 ἐπέδωκε
1621 1967 1681 1994 τότε
1694 1967 1742 1994 καὶ
1754 1967 1801 1994 τοῦ

1013 2013 1147 2048 συνήθους
1167 2013 1313 2040 ιπλεόνασε
1329 2012 1456 2048 δηλοῦται
1476 2012 1520 2040 διὰ
1543 2012 1597 2040 τῶν
1615 2012 1801 2048 ἀνακειμένων

1012 2058 1041 2085 ὲν
1050 2058 1090 2093 τῷ
1104 2058 1169 2094 ἱερῷ
1187 2058 1369 2094 γραμμάτων.

1047 2104 1127 2136 lbid..
1154 2104 1201 2131 lin.
1217 2104 1260 2131 54.
1279 2103 1400 2137 Στήσας
1419 2104 1472 2131 τὸν
1488 2104 1586 2138 ἣλιον,
1601 2103 1722 2133 Joannes
1743 2103 1798 2132 Ke-

1011 2150 1103 2185 plerus
1119 2150 1147 2177 in
1164 2149 1366 2178 introductione
1380 2150 1414 2177 ad
1431 2157 1510 2178 suam
1530 2150 1727 2177 Auronominm
1749 2158 1797 2177 no-

1010 2205 1079 2228 vam,
1090 2200 1120 2223 ut
1139 2196 1266 2230 probaret
1287 2199 1388 2223 terram
1403 2197 1517 2228 moveri,
1527 2196 1611 2223 solem
1621 2200 1705 2227 stare.
1721 2195 1798 2228 dicit,

175 2245 295 2279 reliquas
315 2244 432 2272 aliorum
454 2244 603 2271 sententias
621 2243 803 2271 examinanda
819 2242 859 2270 uti
877 2242 960 2270 falsas
976 2249 998 2277 υ
1011 2241 1132 2277 quotidie
1148 2249 1197 2268 nos
1211 2242 1295 2268 multa
1314 2241 1386 2276 loqui
1402 2248 1463 2268 cum
1478 2242 1618 2269 oculorum
1632 2249 1725 2273 sensu.
1737 2249 1798 2276 quze

172 2294 200 2317 et
225 2290 260 2317 ad
282 2289 467 2317 dilbeultatem
487 2289 539 2317 loci
561 2289 635 2317 illius
659 2289 848 2325 explicandam
864 2295 961 2324 parum

173 2337 287 2365 ldoneas
305 2337 414 2370 refellit,
435 2341 464 2364 et
486 2337 558 2365 hanc
572 2337 661 2365 nostri
676 2338 799 2365 auctoris
814 2337 852 2365 uti
874 2337 962 2373 legiti-

172 2383 280 2415 urnam,
303 2390 450 2420 veramque
471 2382 604 2415 defendit,
627 2383 724 2421 solidis
750 2383 913 2413 rationibus.
932 2386 960 2410 et

171 2432 331 2456 sanctorum
357 2427 468 2455 Palmm
493 2429 704 2456 auctoritatibus
732 2427 866 2456 adductis.
890 2425 959 2455 Vide

170 2474 254 2502 etiam
269 2473 484 2507 Genebrardum,
499 2477 527 2501 et
543 2473 663 2502 Delrium
683 2474 712 2501 iu
726 2482 783 2508 cap.
802 2481 837 2500 xv
864 2472 955 2500 Genet.

203 2519 264 2547 Col.
281 2519 341 2551 792,
363 2520 412 2547 lin.
435 2519 462 2546 δ.
486 2518 539 2546 Διὰ
551 2520 604 2547 τοῦ
615 2518 777 2554 Ἰορδάνου.
791 2519 956 2547 Divisionem

171 2567 257 2593 maris
272 2564 357 2592 lian
376 2568 496 2599 quatuor
510 2565 668 2593 rationibus
677 2565 837 2593 dissimilem
856 2572 870 2591 a
885 2564 956 2591 divi-

170 2610 251 2638 sione
274 2610 325 2636 hac
344 2616 477 2644 aquarum
505 2608 632 2637 Iordanis
658 2609 743 2637 tradit
770 2607 916 2636 Cornelius
940 2615 956 2634 a

169 2654 274 2691 Lapide
288 2655 314 2682 in
328 2661 374 2682 xtv
388 2662 447 2689 cap.
462 2653 539 2681 Exod
559 2654 670 2682 :Primo
685 2655 713 2681 in
721 2661 754 2681 eo
765 2653 837 2689 quod
856 2653 956 2680 divisio

169 2702 256 2729 maris
279 2700 350 2728 facta
370 2704 412 2728 est
429 2707 477 2735 per
495 2700 613 2735 loysem
635 2699 827 2728 estendentem
844 2699 872 2726 in
888 2698 954 2725 illud

168 2754 248 2775 suam
276 2747 397 2781 virgam;
413 2746 512 2772 divisio
534 2753 598 2772 vero
611 2744 741 2773 Iordanis
762 2744 833 2772 facta
849 2748 892 2772 est
907 2752 954 2779 per

169 2792 342 2828 prasentiam
365 2798 436 2818 arcae
456 2790 580 2824 Domini;
597 2790 729 2822 secundo,
745 2791 773 2818 in
799 2790 868 2817 mari
884 2789 954 2816 divi-

107 2839 113 2842 ’
168 2847 206 2867 st
222 2845 299 2874 aqua
311 2837 439 2872 utrinque
451 2837 528 2872 quasi
543 2836 613 2863 muri
634 2837 832 2868 constiterunt;
856 2835 882 2862 in
895 2834 954 2862 Ior-

167 2886 239 2913 dane
259 2891 324 2913 vero
341 2883 454 2912 inferior
467 2890 530 2919 pars
549 2881 660 2911 deﬂuxit
673 2883 699 2910 in
713 2889 788 2910 mare
803 2881 951 2914 Mortuum,

1012 2291 1088 2315 certo
1100 2287 1203 2315 scimus
1217 2287 1297 2314 aliter
1313 2293 1343 2314 se
1359 2286 1459 2314 habere
1473 2296 1480 2319 ;
1497 2291 1523 2315 et
1537 2287 1610 2314 hunc
1632 2286 1742 2314 modum
1757 2287 1797 2314 lo-

1011 2333 1111 2368 quendi
1129 2333 1211 2360 etiam
1226 2339 1287 2359 esse
1300 2330 1420 2364 Christo.
1434 2335 1461 2359 et
1473 2331 1572 2359 divina
1585 2332 1735 2366 Scriptura
1755 2331 1798 2359 ia-

1010 2378 1159 2411 miliarem;
1174 2378 1324 2412 loquuntur
1340 2378 1413 2405 enim
1425 2385 1487 2404 cum
1501 2377 1659 2404 hominibus
1677 2377 1797 2404 humano

1010 2424 1102 2458 modo,
1117 2429 1146 2452 ut
1158 2424 1192 2451 ab
1205 2423 1363 2450 hominibus
1377 2422 1574 2458 percipiantur,
1592 2427 1619 2450 et
1632 2427 1745 2450 utuntur
1762 2424 1796 2450 iis

1010 2476 1070 2506 Qua:
1083 2474 1147 2498 sunt
1162 2469 1234 2504 apud
1247 2469 1371 2496 homines
1385 2469 1414 2495 in
1428 2468 1565 2500 confesso,
1580 2468 1614 2495 ad
1631 2468 1794 2496 insinuanda

1010 2517 1063 2543 alia
1090 2515 1249 2543 sublimiora
1270 2519 1297 2542 et
1313 2514 1416 2547 divina,
1431 2518 1459 2541 et
1475 2514 1607 2549 exemplis
1617 2521 1701 2542 sacrae
1721 2513 1796 2541 5ςὴ*

1008 2565 1094 2596 ptum
1111 2560 1301 2588 demonstrare
1323 2563 1458 2592 conatur;
1472 2559 1542 2587 inter
1566 2567 1599 2587 ea
1626 2559 1664 2586 ita
1679 2559 1795 2594 explicat

1008 2607 1081 2634 hunc
1103 2606 1204 2637 locum,
1219 2611 1248 2632 ut
1261 2606 1351 2641 potius
1366 2605 1534 2633 contrarium
1547 2612 1608 2632 esse
1621 2604 1739 2639 quisque
1750 2604 1792 2631 in-

1007 2653 1126 2687 telligat;
1145 2652 1284 2679 concludit
1303 2652 1377 2679 enim
1393 2656 1459 2678 tunc
1476 2655 1577 2679 terram
1595 2652 1715 2681 stetisse.
1732 2659 1793 2687 qua.

1005 2698 1117 2733 perenni
1132 2703 1206 2724 motu
1227 2697 1397 2729 movebatur,
1413 2705 1469 2724 non
1490 2697 1553 2724 item
1583 2698 1679 2725 solem.
1704 2696 1792 2724 Veil-a

1005 2744 1064 2778 ejus
1079 2748 1162 2771 sunt:
1180 2742 1272 2770 Facile
1289 2748 1375 2770 autem
1389 2743 1457 2770 Deus
1476 2751 1508 2770 ea:
1523 2742 1606 2770 Iosue
1628 2742 1792 2776 verbis,qui1

1005 2790 1028 2816 t's
1045 2789 1130 2819 relict,
1148 2789 1280 2815 intellexit
1298 2790 1493 2822 :prmstititque
1512 2788 1620 2815 inhibito
1642 2793 1714 2814 motu
1737 2793 1790 2814 ler-

1005 2844 1052 2867 rc,
1069 2841 1096 2861 ut
1115 2835 1155 2861 illi
1168 2839 1240 2862 stare
1253 2835 1384 2862 uideretur
1395 2835 1445 2862 sol.
1463 2834 1602 2862 Petilianis
1615 2835 1682 2860 enim
1699 2832 1791 2860 Jostm

1004 2889 1108 2908 tummn
1127 2881 1182 2908 .Ituc
1195 2880 1309 2914 redibat,
1325 2885 1354 2907 ut
1380 2881 1428 2908 hoc
1455 2881 1492 2908 sic
1518 2880 1570 2907 sibi
1591 2879 1673 2906 videri
1690 2884 1789 2913 posset,
