2144 3164
345 159 411 187 1067

946 159 1015 187 τιτι
1035 158 1250 187 Βοετιιειιδιε
1268 158 1423 187 EPISCOPI

343 224 371 248 ct
384 227 506 252 error/sm
522 219 682 248 idololatriae
692 219 825 247 recoleret
839 227 871 248 ac
881 224 1036 250 renovaret.
1048 230 1059 246 ι
1070 224 1126 248 etc.
1141 223 1165 251 Α
1178 228 1241 248 nam
1264 224 1292 249 et
1311 227 1374 248 eum
1394 219 1471 248 Novo
1493 218 1670 249 Testamento
1700 227 1852 257 congruere
1874 221 1964 255 docet,

381 265 422 294 Ill.
457 265 542 293 Porro
572 265 600 292 in
631 270 748 301 quatuor
772 266 859 294 libros
886 265 1036 300 dispescuit
1061 273 1131 300 opus

343 317 425 338 suum
438 310 593 339 Bostrensis
606 310 732 344 antistes,
746 318 817 346 quos
838 310 919 345 fortes
934 311 1053 346 appellat
1068 310 1132 338 [lie—

343 363 475 392 xonymus
488 354 540 392 (α),
552 360 579 384 et
592 356 691 392 legisse
713 353 821 384 ﬁdetur
836 356 1006 392 Epiphanius
1021 356 1061 392 (ι)
1084 356 1131 391 qui

344 402 482 430 scribebat
496 409 570 429 anno
584 402 654 435 576,
678 405 708 429 ut
728 402 846 430 advertit
874 401 1068 429 Tillemontius
1083 401 1130 436 (ε).

342 447 398 476 Eos
421 448 486 475 item
511 451 644 475 memorat
671 447 743 483 apud
769 446 895 475 Pbotium
916 446 955 482 (ἀ)
978 445 1132 482 Stephanus

343 493 468 521 Gobarus
482 492 603 520 tritheita
616 512 624 524 ,
647 493 694 527 qui
721 495 749 520 et
776 492 908 519 nonnulla
930 492 994 520 inde
1011 492 1131 527 profert;

343 545 451 565 nccnon
467 536 645 564 Heracliaan
666 535 899 565 Chalcedonensis
917 537 1077 573 episcopus',
1103 541 1133 564 ut

342 589 440 611 auctor
452 589 496 612 est
515 583 586 610 idem
603 582 716 611 Photius
733 583 779 618 (e).
803 582 906 611 Verum
935 591 990 611 non
1015 587 1058 611 est
1088 583 1132 611 hic

341 629 411 658 illud
438 629 638 661 omittendum,
664 628 736 663 quod
762 628 876 657 adnotat
902 629 1054 665 Basnagius
1076 629 1131 665 (f):

342 675 416 704 hunc
431 675 561 702 nimirum
571 676 714 710 praesulem
722 674 988 708 Chalcedonensem,
997 675 1045 711 qui
1058 675 1133 703 circa

341 725 465 757 tempora
478 720 620 748 Anastasii
640 720 816 758 imperatoris
830 721 964 749 claruisse
982 720 1070 749 fertur
1082 721 1131 756 (ς),

341 771 370 794 et
384 767 464 802 cujus
480 767 612 794 doctrina:
625 767 725 802 placita
739 772 834 795 sancto
847 766 967 794 Maximo
979 766 1053 794 haud
1070 773 1132 801 pro-

342 813 405 840 bata
422 812 508 840 fuisse
524 812 708 848 comperimus
723 812 772 848 (It),
787 811 879 840 Titum
896 811 1070 839 Bostrensem
1090 819 1133 839 re-

342 859 486 894 darguere,
501 858 574 893 quod
591 858 716 885 scribens
729 858 861 886 adversus
887 856 993 884 Addam
1017 864 1066 884 seu
1083 863 1132 892 po-

341 904 397 932 tius
415 903 547 935 Buddam,
563 911 592 930 se
617 902 780 930 Manichaeos
805 901 929 930 refellere
952 900 1127 932 existimarit.
1144 897 1166 924 Β

341 949 438 984 iniqua
464 947 545 983 plane
569 955 695 975 censura.
721 947 777 975 Fac
798 948 869 975 enim
883 967 890 979 .
913 937 1036 974 Budd'am
1064 950 1126 975 ante

341 994 431 1029 ipsum
442 992 576 1020 Manetem
594 992 728 1020 hareseos
740 991 916 1019 Manicbaica
928 991 1067 1020 exstitisse
1077 998 1127 1018 au-

341 1044 457 1072 cterem.
469 1043 517 1066 aut
531 1039 555 1067 si
578 1038 676 1072 mavis,
692 1046 777 1066 unum
794 1046 827 1066 ex
842 1037 988 1066 duodecim
1002 1036 1126 1073 ejusdem

342 1083 457 1111 Manetis
473 1083 616 1118 discipulis
630 1082 725 1114 fuisse,
742 1087 772 1109 ut
786 1090 819 1110 ex
839 1082 921 1110 Petro
933 1082 1028 1110 Siculo
1049 1083 1083 1117 (ί)
1099 1085 1126 1109 et

341 1129 439 1158 Photio
463 1129 496 1164 υ)
520 1129 662 1157 erudimur
676 1139 683 1156 :
700 1136 764 1156 cum
781 1135 872 1157 tamen
889 1129 1016 1164 discipuli
1032 1136 1127 1156 erran-

341 1180 396 1203 tem
410 1175 536 1202 assectati
555 1174 732 1210 magistrum,
765 1174 793 1201 in
820 1175 965 1210 praecipuis
991 1173 1127 1208 capitibus

339 1220 514 1253 conveniant,
526 1219 650 1255 adeoque
671 1219 764 1247 Manes
788 1227 844 1247 non
870 1227 949 1247 secus
968 1226 1000 1246 ac
1016 1219 1126 1247 Buddas

338 1266 480 1297 docuerit;
498 1273 553 1292 non
577 1269 636 1293 erat
659 1266 799 1293 enimvero
812 1272 862 1292 cur
877 1265 956 1292 Titus
969 1272 1002 1293 eo
1016 1265 1125 1293 nomine

338 1311 583 1347 reprehenderetur
597 1331 605 1344 ,
636 1312 683 1347 qui
713 1311 777 1339 dum
801 1310 924 1338 Buddam
947 1311 1124 1347 perstrinxit,

339 1357 471 1385 Manetem
489 1365 597 1392 quoque
623 1358 711 1392 ipsum
727 1357 843 1392 ejusque
858 1361 1007 1386 sectatores
1028 1357 1126 1386 confu~

337 1407 411 1431 tusse
424 1404 486 1438 jure
501 1403 604 1438 optimo
616 1404 798 1431 existimatur.

373 1447 418 1475 ιν.
438 1447 479 1475 Ad
501 1448 649 1476 editionem
674 1447 747 1483 quod
771 1448 869 1476 attinet
892 1447 946 1475 Titi
970 1447 1125 1476 Bostrensis

338 1494 430 1528 operis
449 1494 573 1521 adversus
589 1493 761 1526 Munia/uena,
778 1494 862 1522 libros
875 1497 931 1522 tres
945 1495 1049 1530 priores
1063 1501 1125 1522 cum

337 1539 452 1574 integris
466 1539 596 1566 librorum
614 1543 732 1574 quatuor
748 1540 928 1573 argumentis,
944 1539 1050 1574 primus
1065 1539 1123 1567 edi-

337 1584 378 1611 dit
394 1591 427 1611 ex
443 1583 569 1614 versione
588 1582 729 1611 Francisci
744 1583 872 1611 Turriani
889 1583 1025 1612 Henricus
1038 1583 1122 1611 Cani-

337 1630 397 1657 sius
416 1629 453 1664 (k)
473 1639 480 1656 ;
496 1628 589 1656 Graeca
609 1636 675 1656 vero
690 1628 811 1657 Iacobus
828 1628 980 1664 Basnagius
997 1629 1049 1665 (Ι),
1073 1630 1120 1665 qui

336 1681 368 1703 ea
382 1681 416 1702 ex
425 1674 595 1702 bibliothecae
607 1674 790 1702 Holsteniana:
803 1674 1016 1711 Hamburgensis
1027 1675 1121 1704 codice

336 1722 486 1757 descripta,
508 1721 607 1749 Joanni
627 1720 769 1748 Friderico
795 1721 954 1749 Wincklero
974 1720 1058 1750 refert
1072 1729 1120 1750 ac-

336 1771 435 1802 cepta:
457 1774 513 1803 quo
534 1767 644 1803 quidem
666 1767 694 1795 in
713 1768 809 1795 codice
826 1767 897 1795 haud
915 1767 993 1802 plura
1010 1771 1120 1795 exstare

335 1812 472 1844 novimus,
489 1819 571 1848 quam
586 1820 646 1848 qua:
660 1813 742 1841 vertit
759 1812 885 1841 laudatus
898 1812 1073 1846 Turrianus;
1090 1817 1120 1840 ut

335 1862 478 1893 propterea
496 1859 630 1894 interpres
644 1859 687 1887 vel
700 1866 734 1887 eo
747 1859 807 1894 ipso
827 1859 990 1895 exemplari,
1011 1859 1055 1886 vel
1080 1859 1120 1886 ei-

335 1904 396 1931 dem
413 1904 496 1932 simili
513 1913 581 1933 nsus
594 1906 679 1934 fuisse
694 1905 829 1934 videatur.
843 1905 963 1939 Quartus
983 1912 1065 1940 porro
1087 1905 1120 1932 li~

335 1945 383 1978 bei-
395 1953 470 1979 totus
488 1951 639 1979 intercidit.
665 1951 742 1980 Hanc
757 1956 848 1979 autem
868 1950 996 1987 Basnagii
1020 1951 1120 1979 editio-

335 2003 396 2024 nem
410 1997 500 2026 minus
515 2001 643 2025 accurate
657 1997 742 2026 fuisse
759 1997 929 2029 adornatam,
945 1991 1043 2024 merito
1055 2004 1119 2024 cen-

333 2043 391 2071 suit
414 2042 512 2071 Petrus
529 2042 728 2079 Wesselingius
748 2043 781 2071 ν.
806 2043 837 2071 C.
858 2044 901 2071 bis
925 2043 1015 2071 verbis
1033 2042 1083 2078 (nr)
1109 2052 1115 2069 :

336 2098 346 2114 ι
370 2087 467 2116 lnserti
482 2093 556 2121 sunt,
573 2090 676 2124 inquit,
696 2088 851 2117 Canisianis
873 2088 1040 2116 Lectionibus
1063 2087 1117 2116 Titi

333 2134 500 2168 Bostrensis,
525 2136 577 2163 viri
596 2136 631 2170 pii
648 2140 675 2163 et
685 2136 792 2171 egregie
806 2136 897 2168 docti,
912 2136 941 2162 in
955 2134 1116 2162 ΙΙωιὶιΙιωοι

333 2181 429 2216 scripti
446 2181 524 2213 libri;
541 2180 605 2214 sed,
624 2181 697 2217 quod
715 2181 850 2214 dolemus,
874 2181 957 2209 laceri
978 2185 1005 2209 et
1019 2180 1116 2216 spissis

1180 273 1243 294 esse
1267 266 1395 294 alierum.
1424 264 1576 301 referrique
1605 272 1730 302 oportere
1759 264 1794 294 ad
1813 273 1874 294 eam
1905 264 1967 295 libri

1180 310 1261 346 primi
1280 315 1397 345 partem,
1417 317 1471 345 qua
1491 310 1547 337 duo
1568 311 1688 346 ingenita
1707 310 1856 347 principia.
1883 311 1967 340 duas-

1181 363 1235 392 que
1250 355 1368 387 radices,
1384 355 1484 382 bonam
1499 354 1624 388 alteram,
1641 355 1755 384 alteram
1769 355 1880 388 malam,
1895 356 1969 384 nde

1181 401 1273 429 omnia
1292 400 1365 428 bona
1378 400 1503 435 malaque
1519 401 1680 435 prodierint,
1697 405 1845 437 oppugnat,
1863 401 1969 430 obiter-

1180 454 1234 482 que
1250 446 1387 474 hominem
1403 445 1451 474 Dei
1466 446 1562 481 optimi
1578 448 1690 475 maximi
1710 455 1773 476 esse
1787 455 1858 484 opus
1873 452 1968 476 osten-

1181 492 1230 520 dit.
1259 492 1329 520 Addi
1345 492 1428 520 etiam
1445 495 1474 520 et
1494 492 1642 520 editionem
1661 494 1846 522 condecorare
1859 494 1967 530 potuis-

1181 542 1243 568 sent
1266 539 1417 575 frsgmenta
1430 547 1464 567 ex
1485 538 1537 566 hoc
1559 537 1614 566 Titi
1631 547 1715 575 opere
1732 547 1748 567 a
1763 539 1865 568 Graecis
1886 539 1967 568 nobis

1181 589 1288 614 servata
1306 594 1313 613 :
1328 584 1482 620 cujusmodi
1499 588 1563 612 sunt
1583 584 1611 612 in
1626 585 1723 620 primis
1740 593 1774 614 ea
1789 593 1849 622 qua:
1861 585 1966 614 exscri-

1181 632 1236 668 psit
1266 633 1362 659 auctor
1389 631 1585 658 Psrallelorunt
1614 639 1769 665 sacrorum,
1795 641 1856 669 quae
1886 633 1966 669 vulgo

1181 675 1280 704 Joanni
1291 676 1457 705 Damasceno
1467 676 1635 709 tribuuntur,
1662 682 1690 705 et
1714 686 1731 706 e
1747 677 1966 714 Rupefucaldino

1181 723 1277 751 codice
1293 723 1403 759 vulgata
1420 727 1485 751 sunt
1506 730 1521 750 a
1538 721 1568 749 ι).
1585 721 1717 751 Iicltaele
1733 724 1864 759 lsequien.
1881 746 1889 753 .
1908 746 1917 754 .
1928 743 1939 753 .
1953 742 1962 753 .

1181 768 1249 797 Esse
1273 773 1363 797 autem
1378 769 1405 796 in
1421 768 1561 797 Parallelis
1580 769 1704 804 quadam
1717 770 1887 799 emendatius
1900 778 1964 807 per-

1182 814 1294 850 scripta,
1319 822 1374 842 non
1387 817 1429 842 est
1443 818 1472 842 ut
1489 822 1613 843 moneam
1625 824 1633 843 :
1646 815 1705 850 ipsa
1719 815 1841 844 locorum
1854 816 1965 846 collatio

1182 867 1238 888 rem
1251 859 1444 893 manifestabit,
1466 869 1477 886 ι
1493 863 1548 889 etc.

1214 923 1248 952 V.
1268 924 1333 952 Viro
1348 924 1429 952 docto
1443 925 1566 952 monenti
1578 932 1681 953 morem
1698 926 1843 962 gessimus.
1858 927 1892 954 Et
1907 928 1964 963 pri-

1175 977 1250 997 mum
1270 970 1378 1005 quidem
1392 970 1485 998 omnia
1497 972 1694 1007 exscripsimus
1711 980 1773 1007 qua:
1794 973 1822 1000 in
1840 973 1963 1001 Pal-sup

1177 1016 1211 1043 lis
1228 1014 1454 1051 Rupefucaldinis
1474 1021 1633 1052 occurrunt,
1661 1017 1696 1045 ad
1712 1022 1815 1046 textum
1832 1017 1886 1046 Titi
1911 1018 1964 1046 Bo-

1177 1061 1293 1089 strensis
1314 1060 1439 1089 adversus
1456 1060 1618 1090 Manichaee
1635 1062 1789 1098 evulgatum
1808 1063 1866 1091 sive
1880 1063 1963 1092 casti-

1177 1107 1294 1142 gandum
1310 1107 1368 1135 sive
1386 1107 1583 1143 supplendum;
1596 1115 1683 1144 eaque
1695 1108 1729 1136 ad
1744 1109 1846 1137 calcem
1864 1109 1963 1145 reject-

1177 1161 1239 1182 mus
1256 1163 1262 1181 :
1282 1161 1336 1189 quo
1350 1154 1457 1182 scilicet
1470 1155 1587 1190 quisque
1603 1155 1726 1182 locorum
1749 1155 1894 1183 collatione
1917 1155 1961 1184 in-

1177 1199 1283 1232 stituta,
1293 1199 1326 1228 de
1334 1199 1480 1230 lectionum
1493 1200 1607 1227 veritate
1619 1199 1754 1234 judicium
1767 1199 1846 1229 ferat.
1858 1199 1962 1228 Deinde

1176 1245 1285 1273 notulas
1304 1245 1391 1273 textui
1413 1245 1590 1280 subjeeimus,
1612 1245 1712 1280 quibus
1731 1249 1790 1273 tum
1811 1244 1963 1273 Panaeto-

1177 1297 1235 1315 rsm
1259 1289 1318 1316 loca
1345 1288 1511 1323 indicantur,
1535 1293 1592 1317 tum
1609 1289 1692 1318 etiam
1712 1289 1780 1317 locis
1795 1290 1898 1318 vexatis
1914 1294 1962 1317 aut

1175 1335 1313 1370 corruptis
1334 1335 1384 1362 lux.
1398 1334 1558 1366 aﬂ‘nnditur,
1579 1340 1625 1363 aut
1636 1335 1780 1370 integritas
1793 1336 1959 1364 restituitur.

1176 1378 1205 1406 ln
1228 1380 1300 1408 idem
1329 1384 1458 1415 praeterea
1480 1380 1626 1408 consilium
1646 1380 1780 1408 nonnulla
1808 1388 1905 1409 sumus
1925 1388 1962 1409 ex

1175 1423 1273 1453 Photio
1286 1425 1411 1453 mutuati.
1436 1425 1479 1452 Ad
1499 1425 1557 1454 hac
1572 1429 1691 1461 quatuor
1705 1425 1838 1454 librorum
1857 1427 1960 1462 integri

1175 1471 1267 1506 operis
1288 1470 1342 1498 Titi
1359 1476 1521 1506 argumenta
1542 1470 1724 1499 subdidimus.
1739 1471 1861 1507 Denique
1875 1471 1960 1499 trium

1176 1515 1353 1550 superstitum
1376 1515 1507 1543 librorum
1528 1515 1655 1543 lemmata
1677 1516 1884 1550 contexuimus,
1897 1515 1959 1552 qui-

1137 1561 1161 1591 C
1177 1561 1228 1588 bus
1243 1564 1407 1596 conspectus
1419 1560 1503 1589 totius
1517 1561 1609 1597 operis
1626 1561 1781 1590 exhibetur.

1206 1627 1252 1657 Vl.
1272 1628 1321 1657 llis
1343 1635 1425 1664 porro
1451 1628 1542 1655 addita
1559 1631 1601 1656 est
1623 1627 1718 1656 Oratio
1730 1629 1758 1656 is
1777 1628 1875 1656 Batnas
1892 1630 1955 1664 pel-

1171 1681 1286 1707 mtmm,
1311 1681 1373 1709 quae
1395 1673 1448 1702 sub
1463 1672 1518 1701 Titi
1534 1673 1691 1702 Bostrenais
1705 1675 1816 1702 nomine
1836 1675 1956 1703 circum-

1170 1718 1265 1747 fertur.
1293 1719 1346 1753 Qui
1368 1727 1403 1748 ex
1424 1718 1520 1747 codice
1542 1719 1618 1755 regio
1633 1726 1693 1748 eam
1718 1719 1804 1748 edidit
1821 1720 1956 1750 Combe-ﬁ-

1170 1764 1227 1793 sius
1243 1764 1282 1800 (η)
1296 1785 1304 1798 ,
1323 1764 1431 1793 dubitat
1447 1764 1509 1800 ejus
1523 1771 1558 1793 ne
1574 1764 1611 1793 sit
1624 1765 1658 1794 de
1670 1772 1726 1801 quo
1739 1765 1785 1794 hic
1801 1773 1903 1799 sermo.
1918 1774 1954 1795 an

1170 1818 1235 1838 vero
1251 1811 1364 1839 alterius
1381 1811 1512 1846 iunioris.
1536 1811 1616 1846 cujus
1638 1809 1829 1840 Communi
1851 1814 1880 1840 in
1897 1812 1953 1840 La-

1169 1864 1228 1883 cam
1252 1864 1315 1884 esse
1335 1856 1473 1885 feruntur.
1496 1856 1632 1885 Nimirum
1649 1857 1721 1885 duos
1739 1857 1785 1886 ille
1801 1857 1879 1887 Titos
1899 1858 1953 1886 Bo-

1170 1907 1324 1930 strenorum
1345 1902 1489 1938 episcopos
1505 1906 1677 1931 commentus
1694 1908 1758 1936 est;
1781 1910 1843 1930 cum
1859 1907 1952 1932 tamen

1169 1951 1274 1975 veteres
1289 1955 1373 1975 unum
1392 1952 1497 1976 tantum
1511 1952 1671 1984 agnoscant.
1683 1948 1755 1976 Alibi
1775 1953 1867 1977 autem
1878 1949 1950 1978 idcla

1168 1992 1257 2021 editor
1271 1993 1339 2021 nihil
1358 1997 1450 2022 vetare
1461 1994 1500 2021 ait
1517 1993 1587 2030 (ο),
1602 1994 1641 2022 uti
1657 2001 1708 2022 nec
1721 1994 1826 2030 aliquid
1839 2002 1950 2032 cogere,

1169 2039 1234 2074 quin
1253 2040 1310 2067 hzec
1325 2039 1384 2075 ipsa
1403 2040 1492 2067 oratio
1504 2041 1605 2068 seniori
1620 2040 1711 2069 detur.
1726 2039 1868 2077 Simulque
1883 2042 1951 2070 sub-

1167 2085 1207 2113 dit
1228 2095 1233 2112 :
1260 2095 1270 2111 t
1293 2085 1487 2122 Cujuscunque
1509 2093 1573 2114 vero
1591 2086 1638 2118 sit,
1653 2093 1724 2122 opus
1741 2091 1785 2114 est
1800 2086 1948 2121 eruditum,

1166 2132 1282 2167 egregiis
1303 2131 1433 2160 refertum
1454 2133 1554 2165 sensis,
1574 2139 1606 2160 ac
1627 2131 1762 2168 dogmatis
1778 2138 1947 2167 accuratum,

1167 2180 1197 2204 ut
1221 2178 1338 2213 quisque
1354 2177 1497 2214 theologus
1512 2178 1571 2213 ipsa
1588 2178 1681 2206 statim
1698 2178 1815 2207 lectione
1834 2180 1947 2208 videbit.

332 2225 450 2254 maculis
465 2227 612 2262 deturpati.
626 2227 717 2256 Facile
730 2228 828 2256 fuisset
847 2227 882 2255 ad
899 2227 1118 2255 animadverten-
1132 2222 1154 2250 Ι)
1167 2220 1255 2251 Locos
1274 2223 1425 2260 Scriptura
1438 2224 1508 2252 scite
1521 2223 1667 2252 admuduln
1680 2225 1793 2260 exponit
1810 2232 1842 2253 ac
1859 2225 1950 2261 appli-

332 2271 409 2304 dum,
429 2272 511 2300 modo
522 2273 581 2300 viro
596 2274 679 2301 docto
693 2274 739 2301 cui
754 2273 848 2302 Greca
865 2273 1006 2306 debemus,
1022 2273 1118 2301 libuis-

332 2321 386 2350 set,
404 2318 535 2346 intextam
561 2322 685 2346 extremo
709 2319 779 2347 libro
800 2319 881 2347 tertio
906 2319 1117 2354 disputationem

331 2361 366 2390 de
382 2362 501 2390 hominis
516 2363 664 2395 creatione,
679 2370 762 2398 quam
776 2362 830 2391 Titi
842 2365 991 2392 adversarii
1007 2363 1116 2391 diabolo

331 2413 470 2445 acceptam
490 2410 622 2443 ferebant,
648 2409 683 2437 ab
695 2417 730 2438 eo
746 2410 806 2438 loco
824 2418 879 2445 quo
893 2411 979 2446 legem
992 2418 1054 2439 esse
1067 2410 1116 2438 bo-

366 2497 405 2534 (ᾳ)
414 2496 535 2534 Bieron.
545 2497 584 2525 De
597 2499 647 2526 uir.
663 2499 775 2532 illata,
787 2503 927 2534 «p.102.

365 2532 402 2575 ςό)
414 2531 512 2575 Ιξρξριιτ
529 2533 594 2575 by.
611 2541 760 2575 vat,_c_ap.
776 2534 821 2575 ἧς

363 2566 400 2604 (ei
421 2566 534 2604 fidem;
541 2567 622 2604 μέρη.
636 2569 700 2604 eccl.
713 2566 780 2597 tom.
797 2568 853 2601 VII,
869 2576 931 2604 pag,
946 2568 1009 2597 383.

327 2600 500 2664 “(Eiarinon
515 2601 583 2630 Bibl.
598 2603 659 2630 cod.
683 2608 802 2638 ccxxxn,
817 2600 878 2640 pag:
893 2600 946 2632 8'94
963 2612 1024 2641 seq.
1045 2605 1110 2633 edit.

363 2672 398 2708 (ε)
418 2671 457 2708 [ὁ.
476 2671 543 2700 ibid.
558 2671 736 2708 codpuxxv,
749 2681 812 2708 pag.
823 2673 888 2702 203.

362 2705 396 2742 (Ῑ.)
417 2705 532 2742 Basnag.
560 2707 593 2734 ad
618 2707 694 2735 Thes.
721 2705 816 2736 Cinis.
839 2713 906 2737 tom.
923 2708 953 2744 l,
976 2718 1039 2748 pag.
1057 2711 1108 2745 57,

329 2740 344 2777 ⁵
417 2776 536 2815 ζιμῃιίθη
550 2775 610 2815 Δον.
623 2775 801 2815 omnium.
818 2778 840 2810 ι.
849 2786 910 2815 με.
923 2780 985 2810 eos.

364 2786 400 2812 lg)
418 2786 536 2818 ιιαιψωι
561 2786 610 2805 vr.
623 2786 721 2806 una.
734 2786 801 2806 tom.
819 2786 896 2842 μελε

364 2812 401 2846 (In)
421 2811 529 2841 laxum.
546 2810 617 2848 Opp.
635 2817 700 2841 tom.
717 2813 750 2848 ll,
771 2821 833 2850 pag.
868 2814 896 2842 5.

1167 2272 1222 2301 cat,
1244 2273 1274 2296 ut
1289 2269 1357 2297 nihil
1371 2269 1523 2298 desiderari
1542 2269 1677 2299 videatur.
1694 2279 1705 2297 ι
1724 2269 1778 2299 Sed
1799 2271 1857 2299 haec
1879 2272 1948 2300 satis

1166 2313 1201 2342 de
1221 2314 1284 2342 Tito
1307 2315 1458 2344 Bostrensi.
1481 2313 1616 2343 Caterum
1641 2315 1676 2344 de
1695 2314 1899 2344 Commentariis
1918 2317 1947 2343 ia

1165 2358 1265 2388 Lucam
1282 2360 1344 2396 ejus
1368 2361 1480 2389 nomine
1504 2360 1661 2397 inscriptis,
1691 2368 1744 2391 nos
1763 2361 1832 2390 alias
1845 2368 1947 2398 oppor-

1165 2406 1259 2435 tunius

1199 2493 1232 2533 ςί.)
1251 2493 1324 2533 ἕξετε
1338 2493 1391 2533 Sit»
1412 2493 1486 2533 "iu.-
1509 2495 1629 2533 καταρᾷ.
1642 2517 1651 2530 ο
1664 2504 1728 2533 nas-
1742 2488 1787 2533 30-

1199 2529 1237 2568 (ᾗ
1252 2529 1331 2568 Pltot.
1346 2530 1407 2568 ‘Iib_.
1436 2537 1445 2557 ι
1464 2529 1557 2568 Contr.
1585 2529 1723 2568 laniati,
1744 2531 1759 2568 ς
1791 2538 1848 2564 xlv.
1871 2533 1943 2568 apud

1163 2561 1246 2605 well.
1255 2563 1427 2605 lineatam.
1446 2568 1516 2605 tom.
1529 2565 1550 2600 I,
1571 2574 1633 2603 pag.
1643 2566 1699 2605 ξι.

1198 2598 1234 2637 ψ)
1249 2598 1347 2637 genis.
1363 2598 1434 2637 Left.
1460 2598 1547 2637 antiq.‘
1558 2598 1624 2629 toni.
1643 2600 1685 2635 V,
1699 2608 1778 2637 pagg.
1791 2601 1829 2637 δᾳ
1846 2608 1924 2637 seqq.

1196 2632 1942 2708 cresse

1160 2709 1228 2739 καί]

1254 2737 1377 2780 Combef.
1392 2739 1469 2767 Auct.
1484 2748 1545 2768 nov.
1562 2744 1630 2769 tom.
1647 2740 1668 2772 I,
1685 2748 1718 2776 pa
1739 2762 1746 2769 .
1765 2741 1818 2769 635
1831 2739 1919 2768 -65L

1195 2739 1235 2808 (ei
1251 2772 1291 2801 td.
1317 2782 1344 2802 In
1355 2782 1461 2804 recens.
1486 2780 1560 2804 auct.
1578 2773 1613 2803 ad
1633 2779 1701 2804 tota.
1719 2748 1738 2804 τ
1755 2775 1826 2804 Bibl.
1846 2782 1919 2804 ceae.

1159 2772 1291 2845 pthisi.
1317 2774 1344 2802 in
1355 2782 1461 2804 recens.
1486 2780 1560 2804 auct.
1578 2773 1613 2803 ad
1633 2772 1701 2804 tori.
1720 2772 1735 2804 Ι
1755 2775 1826 2804 Bibl.
1846 2782 1939 2808 τηε..
