2144 3164
201 184 272 214 1069

739 189 922 219 Αονειιευε
940 190 1152 219 ΜΑΝΙΕΙΙΑΕΟΞ
1170 190 1235 219 LIB.
1255 190 1276 219 I.

1754 189 1824 218 I070

207 250 1814 270 ’——————~——_____—.—_______—__

369 333 565 410 TITI
604 331 1189 411 BOSTRENSIS
1219 334 1650 413 EPISCOPI

321 469 510 527 LIBRI
579 469 1171 530 TRESADVERSUS
1236 471 1696 529 MANICHIEOS.

625 589 825 612 INTBIPIETE
847 581 1072 613 FRANCISCO
1090 581 1296 614 TURRIANO
1314 584 1344 614 S.
1367 584 1396 614 J.

781 721 961 766 LIBER
997 720 1240 767 PBIMUD.

802 849 864 878 Cn.
884 850 904 878 Ι.
923 851 1003 888 Origo
1022 852 1225 882 Ham‘chcismi.

234 905 306 936 ῐιᾶσι
322 908 371 944 μὲν
386 905 426 940 οἷς
441 908 535 943 γέγονε
558 904 603 935 διὰ
623 906 741 943 σπουδῆς
757 909 811 936 τῶν
829 911 859 937 ἐν
878 911 983 948 ἀνθρώ·
999 921 1022 947 Α
1070 912 1080 945 ς

977 927 983 932 -
999 921 1022 947 Α
1070 912 1176 946 Quibus
1191 911 1312 939 studium
1327 914 1369 938 est
1384 916 1484 938 causas
1499 916 1594 937 eorum
1617 917 1677 945 qua
1699 908 1823 938 homines

201 963 262 987 ποις
275 954 506 990 ἁμαρτανομένων
522 954 572 986 τὰς
590 954 677 987 αἰτίας
693 954 796 987 ἐξελεῖν
817 955 896 991 Θεοῦ,
916 957 988 990 ὅσιός

201 1009 231 1028 τε
247 1001 294 1028 καὶ
312 1001 414 1036 ἀληθὴς
437 1001 532 1035 γέγονε
557 1000 630 1028 κατά
652 1000 732 1028 τοῦτο
754 1001 809 1028 τῶν
830 1002 958 1031 τοιούτων
974 1005 989 1031 ό

202 1047 319 1079 σκοπός·
333 1047 390 1081 εἴγε
413 1047 451 1082 μὴ
464 1046 640 1082 διαφυγόντες
662 1047 693 1074 τὸ
709 1049 833 1084 προνοεῖν
857 1049 911 1076 τῶν
927 1050 988 1077 καθ’

200 1093 274 1129 ἡμᾶς
290 1093 335 1120 τὸν
355 1093 432 1126 Θεὸν,
453 1093 572 1127 εὐλόγως
593 1095 640 1121 καὶ
664 1094 816 1130 φιλαλήθως
835 1095 988 1131 ἀνθρώποις

200 1139 337 1175 ἀνέθηκαν
360 1139 395 1167 τὰ
416 1140 491 1175 σφῶν
513 1139 603 1167 αὐτῶν
627 1141 829 1176 ἁμαρτήματα·
853 1142 988 1177 ἑπείτοιγε

201 1186 299 1222 μικρὸν
319 1186 410 1214 ἰᾶσθαί
425 1195 452 1213 τι
477 1186 663 1222 βουληθέντες,
680 1178 785 1223 μείζονι
807 1189 854 1214 καὶ
878 1188 988 1224 χαλεπῷ

201 1233 334 1269 νοσήματι
351 1233 401 1268 τῆς
415 1233 543 1265 ἀσεϐείας
558 1233 731 1268 περιέπεσον,
746 1235 786 1265 είς
807 1234 922 1270 ἄρνησιν
938 1234 987 1269 τῆς

199 1279 231 1306 ἂν
247 1279 330 1306 παντὶ
344 1279 508 1314 φαινομένης
521 1278 567 1306 τοῦ
585 1278 652 1306 Θεοῦ
669 1279 797 1315 προνοίας
810 1279 986 1315 ἐμπεσόντες.

206 1324 236 1351 '0
263 1325 292 1351 δὲ
311 1325 405 1360 μανεὶς
426 1325 458 1351 ἐκ
479 1324 623 1360 βαρϐάρων
644 1325 691 1352 καὶ
711 1325 760 1360 τῆς
783 1326 881 1361 μανίας
903 1326 988 1361 αὐτῆς

201 1369 353 1406 ἐπώνυμος,
368 1370 407 1396 ἔτι
421 1370 488 1405 πρὸς
500 1360 836 1407 ἀσέϐειανᾟλαὸερωτέρῳ
849 1360 988 1407 φαρμάκω

202 1417 407 1452 κατεχρήσατο·
435 1416 533 1448 κακίας
557 1416 612 1452 γὰρ
636 1416 756 1444 ἀναίτιον
782 1417 920 1449 ἀποδεῖξαι
943 1415 988 1443 τὸν

200 1460 268 1488 om
293 1460 444 1496 βουληθεὶς,
462 1461 560 1487 κακίαν
583 1460 687 1497 προϊὼν
712 1461 876 1496 ἀντέστησεν
899 1461 987 1498 αὐτῷ·

202 1507 360 1543 ἀγέννητον,
369 1507 506 1542 ὥςφησιν,
521 1507 670 1542 ἀγεννήτῳ,
682 1507 771 1540 ζῶσαν
783 1507 875 1541 ζῶντι,
885 1508 928 1534 ἀεὶ
940 1508 990 1543 μιν

201 1553 421 1589 ἀπανισταμένην
438 1553 484 1580 καὶ
501 1554 668 1589 μαχομένην,
684 1554 731 1580 καὶ
754 1553 852 1581 οὔποτε
875 1554 912 1590 μὴ
929 1554 990 1590 οὐχὶ

1039 961 1170 993 peccant,
1187 964 1202 983 a
1218 956 1273 984 Deo
1287 963 1442 988 rem0vere,
1459 955 1536 983 aiunt
1550 959 1674 983 sanctum
1689 960 1716 983 et
1729 962 1823 983 verum

1039 1013 1100 1032 esse
1114 1003 1198 1031 Deum
1213 1013 1220 1031 :
1237 1004 1291 1030 huc
1307 1006 1432 1037 spectant
1446 1003 1516 1030 tales
1526 1021 1534 1034 ,
1549 1007 1575 1029 et
1590 1002 1642 1029 hoc
1664 1001 1704 1029 eis
1725 1009 1825 1036 propo-

1039 1051 1122 1078 situm
1135 1054 1178 1078 est
1194 1049 1276 1077 tueri.
1292 1048 1360 1076 Cum
1379 1049 1452 1076 enim
1475 1055 1529 1075 non
1552 1052 1653 1083 negant
1676 1054 1826 1082 procurare

1039 1095 1123 1123 Deum
1137 1103 1182 1123 res
1195 1099 1305 1122 nostras
1315 1115 1322 1127 ,
1335 1098 1408 1121 recte
1422 1101 1453 1120 ac
1467 1101 1530 1121 vere
1543 1094 1699 1121 hominibus
1713 1099 1826 1129 peccata

1039 1148 1133 1169 eorum
1149 1141 1292 1177 assignant
1305 1149 1312 1173 ;
1325 1139 1435 1175 [alioqui
1455 1147 1551 1175 parum
1573 1140 1638 1175 quid
1660 1147 1758 1167 sanare
1779 1140 1826 1174 qui

1039 1188 1202 1220 voluerunt,
1219 1187 1246 1214 in
1261 1187 1414 1222 graviorem
1429 1190 1457 1213 et
1478 1185 1656 1213 difﬁciliorem
1678 1186 1825 1220 impietatis

1039 1233 1225 1268 aegritudinem
1242 1232 1414 1264 inciderunt,
1431 1231 1477 1259 Dei
1493 1231 1707 1266 providentiam,
1723 1240 1784 1267 quae
1797 1233 1826 1259 in

1039 1279 1216 1307 universitate
1230 1286 1321 1306 rerum
1335 1278 1469 1309 cernitur,
1495 1283 1636 1314 negantes.
1659 1278 1825 1306 Manichatue

1038 1332 1119 1358 vero.
1132 1325 1179 1360 qui
1195 1332 1211 1351 ιι
1224 1324 1350 1351 barbarie
1364 1329 1391 1351 et
1407 1324 1498 1351 furore
1509 1332 1607 1352 nomen
1622 1324 1715 1357 ducit,
1729 1332 1827 1352 nocen-

1039 1371 1108 1398 tiore
1120 1370 1210 1398 adhuc
1223 1373 1319 1396 contra
1335 1369 1501 1404 impietatem
1514 1369 1635 1396 remedio
1647 1369 1750 1397 abusus
1765 1374 1808 1396 est
1818 1379 1828 1397 -.

1040 1424 1102 1444 cum
1123 1416 1194 1443 enim
1214 1416 1404 1443 demonstrare
1424 1415 1557 1443 voluisset
1579 1423 1632 1443 non
1657 1423 1718 1443 esse
1742 1416 1827 1444 Deum

1041 1465 1178 1488 auctorem
1195 1460 1274 1493 mali,
1291 1460 1393 1488 malum
1407 1461 1431 1488 ei
1447 1462 1593 1496 opposuit,
1611 1462 1762 1497 ingenitum
1773 1482 1780 1494 ,
1799 1467 1829 1490 ut

1040 1507 1092 1541 ait,
1109 1507 1247 1542 ingenito,
1263 1507 1355 1554 vivu’m
1369 1507 1430 1534 vivo
1440 1527 1449 1536 .
1463 1515 1571 1543 semper
1587 1508 1725 1536 obsistens
1740 1517 1772 1536 ac
1785 1517 1829 1536 re-

1040 1561 1181 1588 pugnans,
1197 1557 1223 1581 et
1243 1560 1382 1588 nunquam
1406 1561 1460 1580 non
1478 1554 1618 1588 negotium
1641 1558 1668 1581 et
1689 1555 1829 1583 molestias

202 1600 353 1636 πράγματα
376 1590 548 1635 παρέχουσαν
569 1599 659 1635 αὐτῷ·
681 1598 855 1634 ἀναιρεθῆναι
871 1598 900 1626 δὲ
920 1599 988 1635 πρὸς
1004 1600 1048 1630 Bi

983 1608 988 1632 :
1004 1602 1026 1630 Β
1040 1600 1182 1633 inferens;
1198 1599 1326 1635 quodque
1341 1599 1376 1626 ab
1389 1607 1422 1626 eo
1443 1599 1567 1627 funditus
1586 1600 1723 1636 exstingui
1738 1605 1765 1628 et
1786 1601 1829 1628 in-

201 1645 284 1672 αὑτοῦ
297 1644 437 1676 παντελῶς
449 1644 487 1680 μὴ
498 1644 661 1680 δυναμένην.
671 1645 709 1677 ὡς
720 1645 806 1672 ἀΐδιόν
817 1653 847 1672 τι
859 1645 906 1672 καὶ
921 1654 989 1681 συμ-

201 1690 421 1726 πεπληρωμένην
436 1690 486 1726 τὴν
507 1691 601 1718 οὐσίαν
625 1691 673 1717 καὶ
697 1691 845 1726 ἀγένητονο
868 1692 916 1719 καὶ
938 1701 990 1719 κω-

201 1736 291 1770 ινὸν,
305 1736 343 1769 ὥς
359 1745 435 1772 φασι,
455 1737 583 1772 φεύγων,
600 1736 791 1772 ἐμπέπτωκεν
808 1739 852 1771 εις
871 1738 902 1765 τὸ
916 1739 987 1774 πῦρ.

202 1783 262 1810 Ἰνα
275 1782 330 1819 γὰρ
351 1784 389 1819 μὴ
404 1783 459 1810 τῶν
473 1784 537 1819 παρ’
554 1784 630 1819 ἡμῖν,
643 1783 682 1815 ὡς
700 1784 796 1817 οῐεται,
819 1784 911 1811 κακῶν
936 1785 988 1811 ὺπ-

200 1828 274 1864 ἐχειν
291 1829 356 1866 δοκῇ
372 1829 422 1862 τὰς
434 1830 522 1862 αίτίας
533 1830 548 1857 6
556 1830 632 1862 Θεὸς,
642 1830 724 1862 αὑτός
737 1839 770 1865 γε
784 1830 848 1866 ὅλης
860 1831 931 1863 τινος
942 1831 989 1858 καὶ

201 1874 349 1911 ὁλοκλήρου
365 1876 431 1911 παρ’
450 1875 523 1911 αὐτῷ
535 1875 634 1908 κακίας
652 1876 866 1912 παραπολαύειν.
883 1877 915 1904 Τί
934 1877 989 1912 γὰρ

200 1920 227 1947 εἰ
242 1920 427 1957 μακροθύμως
440 1921 487 1948 καῖ
499 1921 599 1955 σοφῶς,
612 1920 650 1953 ὥς
662 1929 739 1956 φησι,
755 1921 987 1957 μιταχειρίζεταις

200 1966 259 1993 ἀλλ’
271 1966 347 2002 ὅμως
356 1967 406 1993 οὑκ
419 1966 590 2002 ἀπολέμητος
605 1966 639 1994 ἂν
653 1967 695 2002 εἴη
711 1967 782 1994 κατά
789 1975 820 2002 γε
834 1967 883 2003 τὴν
896 1967 989 1995 τοιαύ-

201 2019 253 2048 την
270 2012 412 2039 ὑπόθεσιν·
427 2009 457 2039 οὗ
472 2012 498 2039 τί
510 2012 543 2040 ἂν
557 2012 662 2047 γένοιτο
680 2012 734 2039 τῶν
750 2015 911 2048 πρεπόντων
924 2014 990 2050 περὶ

201 2056 270 2084 Θιοῦ
281 2057 418 2093 λογισμῶν
429 2057 639 2094 ἀλλοτριώτερον
648 2067 655 2090 ;

1043 1646 1126 1674 terire
1141 1649 1275 1680 nequeat,
1289 1649 1382 1678 utpote
1396 1649 1497 1673 aeterna
1511 1650 1538 1673 et
1549 1646 1684 1681 completa
1699 1647 1830 1675 substan-

1042 1692 1079 1718 tia
1089 1711 1097 1724 ,
1112 1696 1241 1727 tanquam
1255 1691 1377 1726 ingenita
1393 1700 1399 1718 :
1415 1691 1456 1718 sic
1467 1691 1568 1726 fugiens
1593 1691 1694 1723 fumum
1705 1711 1712 1723 ,
1737 1695 1767 1719 ut
1786 1696 1830 1720 est

1041 1737 1070 1764 in
1084 1737 1247 1769 Proverbio,
1264 1738 1291 1764 in
1307 1745 1392 1772 ignem
1414 1737 1517 1765 incidit.
1532 1737 1638 1764 Etenim
1661 1745 1695 1765 ne
1707 1737 1830 1766 videatur

1040 1783 1129 1816 Deus.
1151 1787 1182 1810 ut
1202 1783 1368 1810 Manichacus
1391 1784 1546 1815 existimat.
1570 1788 1728 1811 nostrorum
1744 1784 1830 1812 malo-

1040 1837 1100 1857 rum
1111 1837 1173 1857 esse
1185 1829 1214 1856 in
1227 1836 1311 1856 causa
1325 1849 1332 1860 .
1346 1836 1378 1856 ex
1392 1831 1451 1856 toto
1463 1828 1581 1863 quodam
1597 1832 1624 1856 et
1639 1830 1744 1864 integro
1756 1830 1829 1857 malo

1042 1876 1113 1911 apud
1129 1883 1159 1904 se
1173 1875 1291 1902 fructum
1305 1875 1381 1910 lingit
1393 1874 1545 1910 percipere.
1560 1875 1631 1907 Quid
1645 1875 1735 1908 enim,
1748 1875 1771 1903 si
1785 1883 1830 1903 res

1043 1926 1142 1949 tractat
1155 1921 1245 1952 Deus.
1262 1926 1291 1948 ut
1305 1921 1471 1948 Manichzeus
1493 1921 1547 1953 ait,
1570 1921 1720 1949 toleranter
1741 1926 1769 1949 et
1785 1929 1830 1949 sa-

1043 1967 1168 2003 pienter?
1184 1972 1212 1994 at
1227 1975 1382 2002 nunquam.
1396 1966 1525 2001 opiniOne
1542 1967 1639 2001 hujus,
1655 1968 1726 1995 bello
1737 1973 1765 1995 et
1779 1976 1830 2002 pu-

1042 2021 1095 2049 gna
1116 2012 1240 2041 carebit:
1258 2020 1314 2048 quo
1333 2012 1400 2047 quid
1421 2016 1509 2047 potest
1523 2013 1557 2040 de
1569 2013 1624 2040 Deo
1642 2013 1714 2048 quod
1737 2013 1829 2041 minus

1043 2066 1105 2086 eum
1121 2058 1234 2090 deceat,
1251 2058 1367 2094 cogitari
1379 2058 1391 2084 ?

767 2117 831 2144 CAP.
853 2116 885 2143 Il.
900 2116 1099 2145 Cathoh'corum
1112 2116 1251 2143 sententia.

238 2162 300 2190 Ὅτι
323 2162 372 2198 μὶν
394 2163 449 2199 γὰρ
468 2162 581 2195 citat“:
595 2162 649 2190 τῶν
669 2162 745 2198 παρὰ
766 2162 919 2199 ἀνθρώποις
931 2162 989 2191 ἀδι·
1001 2165 1024 2194 c
1074 2162 1084 2194 ί

982 2177 989 2183 -
1001 2165 1024 2194 c
1074 2161 1154 2196 Quod
1170 2162 1245 2197 pium
1261 2161 1372 2196 quidem
1386 2162 1422 2189 sit
1437 2162 1508 2197 apud
1524 2162 1650 2190 homines
1661 2182 1668 2194 .
1683 2162 1750 2190 totis
1763 2162 1828 2190 viol-

202 2207 334 2244 κημάτων
349 2208 469 2236 ἀναίτιον
491 2209 572 2236 παντὶ
585 2208 674 2235 σθένει
692 2208 738 2235 τὸν
757 2208 823 2235 Θεὸν
839 2208 988 2244 ὁμολογεῖν.

203 2252 312 2288 πρῶτος
324 2252 484 2290 πρεσϐεύειν
495 2253 645 2281 ἐσπούδακε
657 2254 707 2289 τῆς
717 2253 864 2289 καθολικῆς
880 2254 991 2290 Ἐκκλη-

203 2299 264 2332 αίας
277 2300 292 2326 ὁ
305 2299 384 2334 λόγος
393 2308 400 2316 ·
410 2299 574 2337 ζητουμένου
583 2300 622 2333 δὲ,
635 2301 696 2328 τινα
707 2300 806 2336 τρόπον
816 2300 992 2337 πλημμελοῦ-

204 2354 256 2381 μιν
272 2346 365 2382 ἡμεῖς,
377 2345 425 2373 τοῦ
440 2346 508 2373 Θεοῦ
525 2346 563 2383 μὴ
580 2346 753 2382 βουλομένου,
765 2346 797 2373 οὺ
818 2347 883 2382 περὶ
899 2346 991 2382 μειζό-

202 2399 257 2418 νων
278 2390 486 2428 κατηγοροῦμεν
506 2391 585 2425 Θεοῦ,
610 2393 674 2428 περὶ
698 2392 876 2428 μικροτέρων,
897 2392 992 2430 ὥσπερ

203 2437 316 2468 ἐκεῖνος,
325 2436 518 2472 ἀπολογεῖσθαι
532 2436 689 2473 βουλόμενοι
698 2437 746 2472 (1).

245 2480 314 2507 Ἀλλ’
329 2480 414 2518 αὐτὴν
424 2482 474 2517 τῆς
485 2475 612 2517 ἁληθείᾰς
623 2480 673 2517 τὴν
683 2481 752 2514 ὁδὸν,
768 2481 800 2509 ἐκ
807 2490 835 2508 τε
843 2481 896 2508 τῶν
906 2481 992 2516 ἁγίων

202 2526 321 2563 Γραφῶν
340 2528 388 2554 καὶ
406 2527 461 2555 τῶν
483 2527 581 2554 κοινῶν
603 2527 712 2554 ἐννοιῶν
728 2526 844 2562 ἔχοντες,
863 2527 991 2562 ἀσφαλῶς
1008 2527 1014 2530 ”

202 2571 330 2608 ὁδιῦομεν
341 2572 390 2608 (1⁸)
400 2573 469 2608 πρὸς
477 2573 526 2608 τὴν
532 2573 660 2608 τοιαύτην
671 2573 794 2609 ζήτησιν,
805 2572 843 2608 τῷ
854 2581 887 2607 γε
900 2573 992 2604 αὑτοῖς

204 2615 358 2652 φιλαλήθως
376 2618 584 2653 προσεγκαλεῖν,
602 2617 700 2653 εὐσεϐῆ
725 2618 775 2653 τὴν
795 2617 932 2657 ἀπόδειξιν
942 2616 991 2653 τὴν

204 2662 276 2698 ὑπὲρ
293 2661 362 2688 Θεοῦ
383 2662 559 2698 ποιούμενοι·
584 2664 615 2690 οὐ
635 2663 690 2699 γὰρ
713 2663 758 2690 ῖνα
780 2663 819 2699 τῷ
842 2663 915 2699 λόγῳ
935 2663 992 2690 δια-

203 2706 360 2742 φεύγωμιν,
371 2703 410 2733 ὦν
422 2707 462 2739 είς
474 2707 604 2743 ἀλλήλους
618 2707 831 2743 πλημμελοῦμεν
846 2707 880 2734 τὰ
895 2707 993 2743 ἐγκλή-

205 2761 290 2788 ματα,
321 2752 458 2789 προσῆκεν
484 2753 525 2785 είς
551 2753 617 2781 Θιδν
643 2754 761 2786 ἀσεσιτν,
789 2755 992 2790 πραττομένους

204 2799 270 2834 παρ’
284 2797 367 2825 αὐτοῦ
382 2798 417 2825 ta
435 2799 545 2826 πάντων
559 2799 776 2838 ὕϐριπικὼτερα
794 2802 843 2828 καὶ
860 2800 992 2837 μηδαμῶς

203 2843 270 2871 εντα

242 2899 280 2936 (1)
293 2899 383 2937 ναις..
397 2901 573 2938 Βουλόμενος.
593 2904 671 2933 Enn.

1041 2208 1093 2236 bus
1107 2208 1230 2236 conﬁteri
1240 2228 1247 2240 ,
1264 2207 1347 2235 Deum
1362 2215 1415 2235 non
1431 2215 1492 2236 esse
1507 2208 1670 2242 iniuriarum
1684 2212 1712 2235 et
1724 2208 1830 2236 maleﬁ-

1040 2254 1146 2282 ciorum
1161 2258 1302 2281 auctorem
1314 2275 1321 2286 ,
1337 2254 1426 2289 prima
1442 2254 1569 2282 doctrina
1584 2254 1715 2283 Ecclesiae
1735 2255 1830 2283 catho-

1040 2299 1101 2327 licae
1123 2299 1230 2328 studuit
1245 2299 1379 2335 proﬁteri.
1396 2300 1465 2328 Cum
1481 2305 1572 2328 autem
1589 2302 1738 2336 quaerimus
1759 2310 1828 2337 quo-

1041 2346 1123 2374 modo
1145 2353 1196 2374 nos
1215 2353 1361 2381 peccemus
1382 2347 1491 2374 nolente
1512 2346 1586 2380 Deo,
1612 2352 1642 2375 ut
1666 2355 1829 2382 peccemus,

1041 2390 1075 2418 de
1090 2390 1265 2426 gravioribus
1280 2398 1332 2418 non
1348 2390 1433 2419 Deum
1448 2399 1621 2425 accusamus.
1638 2401 1701 2421 cum
1716 2402 1732 2421 a
1746 2394 1831 2422 levio-

1040 2436 1117 2464 ribus
1129 2444 1191 2464 eutn
1200 2456 1208 2468 .
1225 2436 1298 2464 sicut
1311 2437 1374 2469 ille,
1389 2437 1536 2466 defendere
1548 2440 1686 2469 volumus.

1077 2482 1106 2513 Si
1120 2483 1167 2518 qui
1180 2482 1253 2509 viam
1270 2483 1394 2511 veritatis
1408 2491 1440 2512 ex
1455 2486 1561 2512 sanctis
1583 2485 1734 2521 Scripturis
1754 2491 1781 2514 et
1796 2495 1830 2515 ex

1041 2527 1233 2556 communibus
1248 2528 1408 2557 notionibus
1423 2531 1559 2566 cognitam
1573 2531 1717 2563 habemus,
1730 2539 1828 2567 perga-

1041 2581 1103 2601 mus
1119 2573 1195 2601 ﬁrme
1208 2573 1243 2600 ad
1258 2574 1339 2602 talem
1354 2576 1546 2610 questionem,
1563 2577 1634 2611 piam
1657 2581 1831 2612 argumenta-

1043 2620 1143 2647 tionem
1167 2626 1218 2654 pro
1241 2619 1297 2647 Deo
1322 2620 1537 2654 concludenles,
1563 2629 1614 2650 nos
1638 2623 1714 2657 ipsos
1738 2621 1830 2650 studio

1041 2664 1170 2692 veritatis
1184 2665 1342 2693 accusando
1357 2675 1364 2693 :
1381 2674 1436 2694 non
1449 2668 1522 2695 enim
1538 2672 1568 2695 ut
1580 2668 1663 2696 verbo
1675 2670 1831 2696 accusatio-

1042 2718 1104 2738 nem
1119 2717 1214 2738 eorum
1225 2731 1233 2743 ,
1249 2718 1310 2748 qua:
1325 2713 1352 2739 in
1368 2719 1419 2740 nus
1434 2713 1505 2741 inter
1526 2721 1578 2742 nos
1599 2721 1762 2750 peccamus,
1781 2715 1830 2742 de-

1042 2757 1192 2792 clinemus,
1205 2757 1320 2786 decebat
1333 2758 1360 2786 in
1376 2759 1459 2787 Deum
1477 2761 1576 2796 impios
1588 2769 1667 2792 esse,
1683 2765 1830 2796 poscentes

1042 2802 1078 2830 ab
1096 2810 1129 2830 eo
1149 2809 1211 2837 qua
1231 2808 1295 2830 sunt
1309 2805 1552 2833 contumeliosiora
1565 2807 1709 2840 omnibus,
1726 2810 1753 2834 et
1768 2814 1829 2842 quin

1041 2855 1212 2883 nequaquam
1226 2853 1298 2877 sunt.

1078 2906 1127 2942 (l1)
1144 2905 1235 2941 Forte,
1254 2907 1398 2942 ὀόεέωμεν.
1416 2908 1492 2937 Enn.
