2144 3164
204 182 274 215 1185

737 184 926 215 Δονειιευε
943 185 1157 216 IANICHEOS
1171 186 1236 216 ιιι.
1256 187 1278 216 1.

202 240 347 276 δυνάμικ’
363 241 511 276 αὶεηθεῐσα
532 241 622 269 τοίνυν
633 241 762 276 ἀνήγετο.
773 242 824 269 οὐκ
844 242 930 270 εἰδυῖα
944 242 993 269 τοῦ
1009 250 1031 278 Α
1045 253 1048 270 :

981 242 1078 278 SAac
1106 244 1206 273 multas
1230 248 1380 280 potestates
1410 245 1602 281 produc-ibat;
1632 249 1714 273 aucta
1746 247 1827 282 igitur

202 286 306 322 ἀγαθοῦ
320 287 372 323 τὴν
386 287 514 324 ὕπαρξιν.
528 287 572 319 Ὦς
586 287 616 316 ἃ
626 287 673 314 ιπὶ
684 287 766 314 πλέον
779 288 926 323 ἀναχθεῖσα
936 285 992 315 εἶδε

202 333 253 369 τὴν
269 333 321 369 γῆν
332 342 363 361 τε
379 334 427 361 καὶ
442 333 474 361 τὸ
484 332 543 368 φῶς
554 332 603 360 τοῦ
615 332 731 367 ἀγαθοῦ,
745 332 873 369 ιπιδῆναι
883 334 940 365 τοῖς
953 333 992 369 μὴ

204 380 280 412 ῖδίοις
291 381 434 417 ιπιχιιριῖν
442 381 458 408 ό
470 379 500 406 δι
510 378 733 415 ἁγαθδςδόναμιν
745 379 905 407 ἀποστέλλει
915 379 991 413 τινὰ,

203 422 221 464 ᾖ
237 426 284 453 καὶ
307 425 393 462 δνομα
412 425 444 453 τὸ
465 425 544 460 δόξαν
561 425 636 461 αὐτῷ
657 424 805 461 ιπιτίθησι,
823 425 993 460 φυλάξουσαν

204 471 254 508 μιν
275 471 356 507 δῆθεν
367 471 432 504 τοὺς
449 471 540 508 ὅρους,
552 471 586 499 τὸ
599 471 622 498 δ’
638 471 737 507 ἀληθις
750 471 845 508 δέλεαρ
861 472 994 508 ισομένην

204 517 245 549 εἰς
259 516 388 545 ἀκούσιον
397 518 431 553 τῇ
443 516 496 554 ὕλη
503 518 694 553 σωφρονισμόν
706 526 713 535 '
728 517 743 544 δ
763 518 796 553 δὴ
819 518 865 544 καὶ
885 518 992 554 γέγονε.

202 562 363 598 Θεασαμινη
392 562 448 599 γὰρ
470 564 488 600 ἡ
511 563 560 598 ὕλη
587 563 636 600 τὴν
654 564 853 591 ἀποσταλεῖσαν
877 564 994 599 δύναμιν

205 607 402 644 προσεκίσσησε
411 608 471 643 μὲν.
477 608 514 641 ὡς
520 609 549 636 δὶ
555 609 605 646 (7')
611 609 766 646 ἐρασθεῖσαο
775 611 848 645 ὁρμὴ
854 610 883 637 δὲ
891 610 994 637 πλείονι

204 652 323 680 λαϐοῦσα
345 653 446 690 ταύτην
472 654 602 682 κατέπιε·
621 655 669 683 καὶ
697 656 775 691 ιδίθη
799 657 898 692 τρόπον
922 656 993 688 τινὰ,

204 699 298 734 ὥσπερ
311 698 414 736 θηρίον.
430 700 587 736 Κὲχρηνται
604 701 658 737 γὰρ
673 703 720 729 καὶ
737 702 804 737 τῷδε
813 702 852 738 τῷ
866 702 994 737 ὑποδείγ-

206 753 281 780 ματι,
304 744 342 776 ὡς
371 745 405 772 δι’
429 746 536 782 ἐπῳδῆς
555 746 605 782 τῆς
632 747 832 783 ἀποσταλείσης
853 747 995 783 δυνάμεως

205 791 359 827 limpidior].
378 791 475 827 Γέγονε
499 791 589 818 τοίνυν
611 791 684 827 μίξις
707 793 753 819 καὶ
777 794 875 828 κρᾶσις
888 792 993 823 τοῦτον.

205 836 283 872 φησὶ,
299 836 345 863 τὸν
358 838 458 872 τρόπον
472 838 522 872 τῆς
537 845 567 864 τε
584 838 788 873 καταποῦείσης
797 838 940 873 δυνάμεως
948 839 995 865 τοῦ

205 881 309 916 ἁγαθοῦ
339 883 387 909 καὶ
410 882 459 918 τῆς
485 883 674 919 καταπιούσης
697 883 779 919 ὕλης-
801 884 848 911 καὶ
865 883 953 916 οὓτως
966 884 996 917 ἐξ

205 927 306 962 ἀμφοῖν
319 927 524 964 ιδημιουργήθη
541 928 601 955 τόδε
618 930 683 958 πᾶν,
699 929 753 956 ὑπὸ
767 929 814 956 τοῦ
830 929 933 964 ἀγαθοῦ
949 930 996 966 δη-
1012 922 1033 948 Β

206 971 284 1008 λαδή·
308 973 340 1000 οὐ
352 972 408 1009 γὰρ
425 973 458 1000 ἂν
474 974 641 1009 προύνόησεν
661 975 678 1009 ἠ
700 975 784 1002 κακία
798 975 902 1011 κόσμου
921 976 996 1010 γενέ-

207 1026 286 1050 σεως.
301 1019 441 1046 Ἐντεῦθεν
455 1019 484 1046 δέ
500 1029 565 1055 φασι
581 1020 616 1047 τὰ
630 1020 680 1056 μὲν
695 1021 798 1055 ἀγαθὰ,
817 1021 851 1048 τὰ
863 1022 892 1048 δὲ
911 1023 995 1055 κακὰ,

206 1064 256 1100 τῆς
268 1065 393 1109 κράσεως
409 1066 516 1102 ικείνης
537 1067 585 1094 καὶ
601 1066 653 1102 τῆς
667 1067 776 1094 συνόδου
793 1068 849 1095 τοῖν
867 1067 940 1094 δυοῖν
952 1067 997 1095 διὰ

206 1111 255 1146 τῆς
271 1111 457 1148 ἱναντιότητος
475 1112 530 1139 τῶν
550 1113 614 1149 τῇδε
635 1114 806 1150 πραγμάτων
830 1114 998 1150 ὶμφαινομέ-

207 1165 266 1192 νης-

1043 289 1210 318 evehebatur
1234 290 1362 320 nesciens
1380 291 1560 320 substantiam
1582 291 1659 319 boni.
1679 291 1828 328 Postquam

1042 343 1110 363 vero
1129 336 1218 371 magis
1237 339 1330 364 evecta
1343 337 1419 364 norit
1430 342 1529 366 terram
1545 342 1574 366 et
1588 339 1679 367 lumen
1695 338 1771 370 boni.
1785 339 1829 366 ni-

1043 381 1152 409 tebatur
1174 382 1324 410 ascendere
1341 382 1377 410 ad
1392 390 1424 411 ea
1440 391 1502 419 qua
1521 391 1576 411 non
1592 387 1671 412 erant
1692 385 1803 420 propria
1819 394 1828 412 :

1044 426 1137 456 Bonus
1154 434 1220 456 vero
1243 431 1405 464 potestatem
1427 428 1574 464 quamdam
1591 430 1685 462 mittit,
1710 431 1755 458 cui
1775 437 1829 458 no-

1043 480 1107 501 men
1124 473 1197 508 quod
1213 473 1239 501 ei
1251 473 1340 502 visum
1351 479 1404 506 est,
1419 474 1546 510 imponit,
1560 475 1760 504 custoditnram
1773 476 1830 505 sci-

1045 519 1110 548 licet
1119 519 1289 555 praescripta,
1302 527 1333 547 re
1349 526 1441 547 autem
1454 527 1518 549 vera
1536 520 1656 548 futuram
1671 521 1724 556 ipsi
1744 518 1830 550 male;

1047 566 1097 595 ria
1112 565 1268 594 illecebram
1285 570 1313 594 et
1336 566 1545 599 invitamentum
1565 566 1599 594 ad
1613 566 1829 595 moderationem

1044 609 1109 645 ejus
1133 616 1149 637 ι
1172 610 1313 637 voluntate
1337 609 1464 637 alienam.
1491 609 1568 643 Quod
1592 609 1702 644 quidem
1727 609 1830 638 factum

1044 661 1087 684 est
1106 663 1193 684 tcum
1214 656 1287 683 enim
1309 655 1426 684 vidisset
1448 655 1561 683 materia
1583 659 1747 691 potestatem
1763 655 1831 683 mia-

1045 709 1105 730 sam
1125 703 1204 738 quasi
1227 702 1367 734 adamans.
1388 702 1545 737 concupivit
1567 701 1676 737 quldem
1695 708 1766 735 eam,
1781 700 1831 729 sed

1046 748 1202 776 ardentiore
1216 747 1335 784 appetitu
1352 747 1515 782 prebensam
1538 747 1691 778 absorbuit,
1712 752 1740 774 et
1759 754 1830 782 quo-

1046 790 1108 818 dam
1126 790 1208 819 modo
1236 794 1366 826 tanquam
1392 790 1482 818 bellua
1501 791 1584 827 ligata
1599 794 1652 819 est.
1678 790 1726 818 Usi
1740 793 1832 819 autem

1046 841 1111 865 sunt
1134 836 1187 864 hoc
1215 837 1358 872 exemplo.
1381 841 1510 872 tanquam
1540 837 1666 865 cautione
1688 836 1838 872 potestatis

1048 883 1138 910 missa:
1151 881 1268 917 sopitam
1285 889 1356 910 esse.
1372 881 1455 909 Facta
1474 882 1559 918 igitur
1570 886 1623 915 est.
1636 882 1726 915 aiunt,
1738 881 1833 909 mistio

1048 931 1076 955 et
1090 927 1250 963 temperatio
1269 927 1303 954 ad
1323 927 1397 955 hunc
1414 927 1546 960 modum;
1561 928 1744 963 absorptaque
1753 932 1832 962 pote-

1047 977 1118 1001 state
1133 973 1208 1006 boni,
1230 977 1258 1001 et
1283 973 1397 1000 materia
1421 973 1585 1001 absorbente
1603 972 1643 1000 sic
1663 980 1697 1001 ex
1718 976 1833 1008 utraque

1049 1018 1213 1046 fabricatum
1232 1025 1294 1046 esse
1320 1018 1490 1052 universum,
1505 1025 1521 1045 a
1537 1018 1610 1046 bono
1631 1017 1760 1048 scilicet:
1777 1025 1832 1045 non

1048 1063 1123 1092 enim
1148 1063 1250 1091 malum
1274 1064 1393 1098 providit
1418 1067 1509 1091 ortum
1532 1063 1638 1091 mundi.
1662 1062 1732 1090 Hinc
1756 1063 1834 1090 aiunt

1049 1111 1104 1138 alia
1118 1110 1229 1146 quidem
1250 1109 1322 1138 bona
1344 1117 1423 1143 esse,
1446 1110 1500 1137 alia
1513 1117 1578 1138 vero
1596 1110 1678 1142 mala.
1700 1108 1772 1137 facta
1786 1109 1835 1137 mi-

1049 1157 1142 1185 stione
1158 1156 1206 1184 illa
1217 1160 1245 1184 et
1257 1155 1374 1183 duorum
1385 1156 1458 1183 coitu
1476 1163 1524 1190 per
1533 1155 1587 1182 vim
1605 1155 1771 1183 contrariam
1790 1162 1835 1183 re-

1046 1211 1120 1235 rum,
1132 1209 1194 1238 qua
1202 1202 1249 1229 hic
1263 1205 1337 1230 sunt.

399 1249 465 1278 Car.
482 1249 550 1277 XIII.
569 1250 665 1278 Anima
681 1259 698 1277 ιι
711 1250 778 1278 bono
796 1251 938 1286 principio,
954 1259 972 1278 α
989 1249 1061 1277 mulo
1074 1253 1162 1276 autem
1174 1255 1281 1282 corpus,
1295 1246 1438 1275 muluium
1458 1245 1628 1274 Humidum;

257 1295 385 1332 Ορίζεται
399 1296 428 1322 δὲ
440 1296 527 1332 ψυχὴν
542 1297 592 1332 μὲν
611 1297 720 1324 ἃπασαν
737 1295 806 1324 εἶναι
821 1297 872 1333 τῆς
886 1297 996 1333 μερίδος

209 1341 256 1368 τοῦ
271 1341 382 1376 ἀγαθοῦ,
399 1342 479 1378 σῶμα
496 1343 525 1370 δλ
542 1343 589 1370 καὶ
605 1342 654 1378 τὴν
676 1343 776 1379 σάρκα,
792 1344 842 1379 τῆς
863 1343 942 1379 ὕλης,
955 1342 996 1379 πὴ

210 1387 260 1423 μὲν
277 1387 443 1423 κατέχουσαν
454 1389 492 1420 ὡς
509 1390 538 1415 ὲν
551 1389 648 1425 εἱρκτῇ
657 1389 707 1425 τὴν
722 1389 823 1424 ψυχὴν,
838 1389 877 1424 πὴ
888 1389 917 1416 δὲ
928 1397 995 1415 κατ·

209 1432 341 1467 εχομινην
360 1432 398 1464 ὡς
419 1432 512 1468 θηρίον
530 1433 598 1469 πρὸς
609 1434 660 1469 τῆς
674 1434 793 1469 ἐπῳδῆς.
807 1433 885 1460 οὓτω
900 1434 949 1469 μὲν
964 1432 997 1468 δὴ

210 1478 390 1513 ωφισὰμενος
409 1478 459 1514 τὴν
479 1478 545 1514 ὓλην
565 1480 581 1506 ὁ
595 1479 698 1514 ἀγαθὸς
727 1480 840 1516 κόσμου,
859 1480 936 1515 φησι.
951 1479 997 1514 γέ-

208 1532 271 1560 γονι
286 1524 464 1560 δημιουργός·
483 1525 534 1551 οὐκ
555 1525 740 1560 ἀντιποιηθεις
761 1534 792 1560 γε
809 1525 856 1552 τοῦ
867 1525 998 1561 δημιουρ·
1011 1536 1034 1566 c

208 1570 293 1605 γῆσαι
316 1569 398 1596 αὐτὸν
418 1569 586 1605 (ἀνθίσταται
602 1570 657 1606 γὰρ
677 1570 774 1606 αὐτῷ),
792 1571 860 1598 ἀλλὰ
882 1570 925 1598 διὰ
948 1570 999 1605 τὴν

209 1616 395 1643 δταινάστασιν
409 1615 458 1651 τῆς
472 1615 582 1647 κακίας,
601 1616 638 1651 ἦν
662 1617 835 1652 σωφρονῆσαι
856 1616 980 1652 διενοήθη
990 1625 996 1631 ·

209 1661 240 1688 οὐ
264 1662 355 1697 μέντοι
378 1661 474 1697 γέγονε
492 1661 604 1688 δυνατὸν
622 1661 723 1694 ἐξελεῖν
747 1663 796 1697 τῆς
824 1662 924 1694 κακίας
943 1662 999 1688 τῶν

209 1707 380 1743 φαινομένων
400 1707 572 1744 πραγμάτων
592 1707 638 1734 τὸν
660 1707 709 1740 ιδν,
721 1707 841 1734 ῑπεσθαικ
857 1707 886 1734 δὲ
906 1707 999 1734 τοῦτον

209 1753 384 1788 δεικνύμενον
405 1755 437 1781 ἑκ
452 1754 502 1789 τῆς
520 1753 633 1786 ἀταξίαις
654 1754 700 1780 καὶ
714 1753 775 1788 τῆς.
787 1753 825 1784 ὡς
838 1753 998 1788 ὑπείληφεν,

211 1799 370 1835 ἀνισότητος
380 1799 435 1826 τῶν
450 1800 511 1827 καθ’
520 1801 605 1836 ἡμᾶς,
620 1799 714 1826 τοῦτον
729 1800 778 1834 μὲν
791 1799 926 1830 πλουτεῖν.
937 1798 999 1826 τοῦ-

210 1853 257 1872 τον
282 1845 312 1872 δὲ
330 1845 468 1872 πένεσθαιι
488 1846 594 1873 καὶτὸν
613 1846 662 1881 μὲν
683 1845 810 1878 εὐδοξεῖν,
827 1844 874 1872 τδν
888 1845 917 1872 δὲ
938 1845 1000 1872 ἀδο-

213 1890 268 1924 ξεῖν
277 1898 284 1905 ·
299 1890 348 1918 καὶ
363 1891 415 1918 ὅσα
427 1891 549 1919 τοιαῦτα.
563 1892 600 1918 Τό
617 1900 646 1918 τε
660 1891 692 1926 δὴ
705 1890 922 1926 σωυδαζόμενόν
941 1892 1000 1918 ἔστι

211 1937 253 1973 τῷ
266 1937 362 1973 ἀταθῷ
377 1938 426 1974 τὴν
447 1937 536 1973 ψυχὴν
556 1936 737 1973 ἐλευθερῶσαι
756 1937 805 1972 τῆς
821 1936 936 1969 mittar
954 1937 1001 1963 καὶ

212 1984 314 2019 ταύτην
338 1983 470 2019 ἀντλῆσαι
487 1983 587 2020 τρόπον
601 1983 662 2011 τινὰ
675 1984 707 2010 ἐκ
717 1983 765 2018 τῆς
779 1982 844 2018 ὕλης
853 1991 860 1997 '
878 1981 958 2009 τοῦτο
972 1982 1001 2009 δὲ

213 2029 354 2064 γίγνεσθαι
367 2028 412 2055 διὰ
427 2029 477 2064 τῆς
491 2029 604 2064 σελήνης
618 2027 802 2064 αὐξανομένης
809 2036 838 2054 τε
849 2028 896 2054 καὶ
908 2036 1000 2062 μειου-

215 2075 309 2111 μένης.
322 2075 360 2106 ὡς
375 2075 442 2110 όρᾷν
457 2074 588 2110 δοκοῦμεν
605 2076 701 2110 ἡμεῖς·
716 2074 747 2101 τὸ
759 2074 814 2109 γὰρ
825 2073 933 2109 ἀληθὲς,
950 2083 1002 2109 φη-

215 2121 268 2151 σὶν,
284 2119 379 2154 ὑδρίας
394 2120 496 2155 τρόπον
511 2119 581 2153 αὑτὴ
604 2120 778 2155 πληρουμένη
788 2139 795 2151 ,
820 2119 852 2146 ὲκ
871 2118 920 2154 τῆς
938 2127 1002 2146 κατ-

214 2165 349 2201 εχομένης
362 2165 456 2197 οὐσίας
470 2167 510 2197 είς
524 2165 555 2192 τδ
570 2165 699 2200 ὁμογενὲς
710 2163 811 2198 ἀγαθὸν
822 2163 962 2191 κενοῦται·
977 2165 1001 2190 εί

215 2211 270 2246 γὰρ
285 2210 381 2246 καὶμὴ
402 2210 507 2242 τούτοις
524 2218 556 2245 γε
569 2211 624 2242 τοῖς
638 2211 767 2247 ῥήμασιν,
783 2209 851 2236 ἀλλά
867 2217 900 2244 γε
914 2209 1000 2236 ταῦτα
1016 2221 1038 2249 D

216 2256 339 2292 βούλεται
352 2255 452 2289 λέγειν.
460 2255 532 2291 ἅπερ
543 2256 792 2291 εὐσχημονέστερον
803 2255 873 2281 πάνυ
886 2263 917 2289 τε
931 2255 1000 2290 πρὸς

215 2300 294 2336 ἡμῶν
319 2301 439 2336 εἴρηταιε
466 2300 592 2328 πλεῖστον
618 2300 673 2336 γὰρ
702 2300 763 2327 ὅσον
788 2300 852 2335 παρ’
878 2299 952 2335 αὐτῷ
971 2301 1001 2326 τὸ

216 2346 358 2374 ἀλλόκοτον
372 2346 401 2372 tv
415 2347 448 2381 τῇ
465 2346 588 2383 διηγήσει
601 2346 689 2373 καὶτὸ
704 2345 844 2373 ἀπίθανον.

1083 1294 1209 1322 Deeernit
1223 1297 1314 1321 autem
1336 1300 1444 1321 omnem
1460 1292 1570 1328 quidem
1588 1292 1707 1320 animam
1722 1299 1784 1321 esse
1799 1299 1833 1320 ex

1049 1346 1125 1377 parte
1137 1340 1202 1368 boni
1222 1348 1230 1373 ;
1244 1346 1345 1375 corpus
1358 1346 1424 1366 vero
1440 1342 1468 1366 et
1481 1345 1592 1368 carnem
1607 1345 1640 1365 ex
1655 1341 1733 1373 parte
1743 1341 1834 1365 mate-

1049 1385 1097 1413 ria
1118 1394 1125 1412 :
1142 1387 1171 1412 et
1188 1384 1245 1418 jam
1261 1383 1371 1418 quidem
1388 1390 1491 1418 corpus
1509 1382 1628 1409 animam
1649 1385 1782 1417 tanquam
1805 1382 1837 1409 in

1049 1437 1162 1458 carcere
1183 1429 1327 1462 detinere;
1346 1429 1403 1463 jam
1417 1435 1483 1456 vero
1507 1428 1625 1455 animam
1641 1427 1757 1456 detineri
1774 1432 1836 1456 tan-

1051 1483 1132 1511 quam
1144 1475 1262 1502 belluam
1277 1482 1293 1501 a
1306 1473 1443 1501 cantione.
1459 1472 1504 1500 Sic
1516 1473 1604 1500 bonus
1616 1479 1679 1500 cum
1693 1473 1834 1500 materiam

1051 1519 1215 1554 decepisset,
1235 1517 1341 1550 mundi,
1365 1517 1464 1553 inquit.
1489 1516 1580 1544 factus
1598 1520 1640 1544 est
1663 1516 1834 1545 fabricator:

1049 1572 1105 1592 non
1131 1564 1242 1600 quidem
1269 1562 1342 1598 quod
1371 1563 1460 1598 ipsum
1484 1561 1613 1590 fabricari
1639 1562 1834 1594 desiderasset.

1049 1611 1154 1638 resistit
1173 1609 1246 1637 enim
1270 1609 1306 1640 ei,
1328 1609 1377 1637 sed
1404 1613 1515 1644 propter
1540 1608 1702 1636 seditionem
1723 1616 1738 1636 a
1763 1609 1836 1636 malo

1049 1656 1207 1688 excitatam,
1216 1662 1298 1690 quam
1310 1654 1448 1690 corrigere
1457 1659 1484 1682 et
1497 1654 1631 1681 moderari
1646 1654 1813 1690 cogitaverat
1827 1663 1835 1687 ;

1049 1710 1106 1730 non
1128 1706 1220 1729 tamen
1244 1700 1303 1728 ﬁeri
1321 1700 1456 1736 potuisse,
1471 1703 1501 1727 ut
1516 1708 1650 1728 venenum
1675 1701 1740 1727 mall
1761 1701 1835 1736 quod

1049 1753 1092 1776 est
1117 1748 1146 1776 in
1171 1747 1253 1775 rebus
1275 1753 1345 1781 quas
1363 1746 1498 1779 videmus,
1525 1747 1738 1779 extraheretur;
1758 1746 1835 1781 sequi

1050 1801 1116 1822 vero
1126 1794 1191 1825 hoc.
1207 1796 1237 1820 ut
1252 1792 1356 1828 opinati
1370 1795 1446 1823 sunt.
1463 1798 1496 1819 ex
1509 1791 1714 1826 perturbatione
1730 1791 1837 1818 ordinis

1050 1844 1077 1868 et
1098 1846 1132 1867 ex
1158 1838 1342 1874 inaequalitate
1366 1844 1456 1865 rerum
1475 1840 1632 1864 nostrarum
1659 1839 1740 1871 atque
1763 1837 1836 1863 hunc

1051 1885 1161 1921 quidem
1181 1884 1293 1912 divitem
1312 1891 1384 1914 esse,
1401 1883 1479 1910 illum
1496 1889 1560 1909 vero
1574 1889 1744 1917 pauperem;
1761 1881 1834 1909 bum:

1051 1931 1212 1968 gloriosum,
1242 1930 1319 1957 illum
1347 1929 1541 1956 inhonoratum
1570 1932 1597 1955 et
1621 1927 1778 1962 inglorium,
1809 1932 1837 1955 et

1050 1984 1222 2014 quaecunque
1247 1976 1312 2003 talia
1339 1977 1412 2002 sunt.
1444 1973 1570 2001 Studium
1598 1980 1664 2000 vero
1684 1973 1747 2001 Itoni
1775 1981 1837 2000 esse

1051 2024 1167 2052 liberare
1182 2023 1301 2050 animam
1318 2029 1333 2048 a
1351 2021 1433 2053 malo,
1448 2024 1475 2048 et
1485 2019 1556 2046 banc
1570 2019 1688 2054 quodam
1706 2018 1788 2046 modo
1802 2026 1836 2046 ex

1051 2070 1164 2098 materia
1179 2067 1324 2096 exhaurire
1354 2075 1361 2093 :
1391 2066 1443 2093 hoc
1477 2069 1569 2093 autem
1593 2064 1651 2092 ﬁeri
1671 2071 1719 2099 per
1743 2064 1835 2091 lunam

1052 2118 1220 2142 crescentem
1241 2117 1268 2141 et
1292 2113 1509 2142 decrescentem,
1534 2113 1564 2137 ut
1581 2117 1632 2136 nos
1648 2108 1742 2136 videre
1761 2109 1837 2136 vide-

1052 2168 1114 2188 mur
1130 2167 1137 2185 :
1155 2167 1185 2187 re
1201 2166 1264 2186 vera
1279 2158 1363 2189 enim.
1381 2157 1480 2192 inquit,
1496 2156 1554 2191 ipsa
1570 2156 1597 2182 in
1612 2155 1720 2183 modum
1735 2154 1837 2190 hydria:

1053 2206 1161 2242 impleta
1172 2227 1179 2236 ,
1197 2212 1230 2232 ex
1250 2203 1402 2232 substantia
1419 2201 1508 2229 infusa
1526 2202 1554 2228 in
1571 2202 1674 2229 bonum
1690 2205 1837 2236 cognatum

1053 2252 1211 2280 exinanitur
1231 2258 1238 2277 :
1257 2250 1308 2278 etsi
1323 2248 1397 2276 enim
1420 2255 1474 2276 non
1497 2248 1540 2275 his
1557 2248 1658 2279 verbis,
1675 2247 1732 2274 haec
1746 2250 1838 2277 tamen

1054 2299 1111 2326 vult
1137 2298 1240 2328 dicere.
1266 2304 1326 2331 qua:
1353 2295 1438 2322 multo
1465 2295 1608 2322 honestius
1631 2302 1647 2321 a
1663 2293 1742 2321 nobis
1761 2293 1838 2320 dicta

1055 2349 1119 2372 sunt
1133 2353 1140 2376 ;
1155 2344 1302 2379 plurimum
1319 2341 1392 2370 enim
1414 2341 1526 2369 absurdi
1542 2344 1568 2368 et
1584 2339 1744 2367 incredibile
1756 2343 1798 2366 est
1811 2338 1838 2365 in

1055 2391 1115 2425 ejus
1126 2389 1291 2417 narratione.
1662 2381 1664 2384 ’

661 2438 727 2466 Car.
746 2437 816 2465 XIV.
838 2438 876 2465 De
888 2443 960 2465 terra
975 2443 1000 2465 et
1014 2437 1143 2466 imbribus
1157 2437 1271 2464 Heneti:
1291 2436 1388 2470 opinio.

255 2486 325 2512 Ὅσα
349 2484 399 2520 μὲν
420 2482 468 2511 οὖν
490 2484 572 2520 ἔτερα
594 2485 679 2522 γραὸς
703 2485 781 2520 δίκην
803 2485 947 2520 μυθολογεῖ
960 2485 1007 2511 καὶ

219 2532 330 2568 γράφει,
345 2532 378 2566 τῇ
389 2531 482 2566 Σύρων
506 2532 582 2566 φωνῇ
599 2531 750 2567 χρώμενος,
771 2531 844 2563 ὅπως
868 2531 917 2565 μὲν
938 2531 955 2565 ὴ
970 2530 1007 2565 γῆ

220 2577 391 2613 βαστάζεται.
409 2577 454 2603 τὸν
466 2578 606 2612 ποιητικὸν
621 2578 658 2613 μὴ
673 2577 814 2612 διαφυγὼν
832 2576 1007 2612 μῦθονιὸπως

219 2623 248 2650 δὲ
273 2622 444 2649 συνίστανται
466 2622 490 2648 oi
516 2622 625 2658 ὄμϐροι,
639 2624 677 2655 ὡς
693 2623 805 2659 ίδρῶτίς
817 2624 869 2649 εισι
886 2622 940 2648 τῶν
957 2623 1007 2656 ἀρ-

219 2669 321 2704 χόντων
334 2668 384 2703 τῆς
399 2667 481 2703 ὓληςο
497 2668 583 2696 ταῦτα
603 2669 650 2696 καὶ
666 2669 701 2696 τὰ
717 2668 838 2700 τοιαῦτα,
854 2668 908 2695 τῶν
923 2667 1007 2694 αὑτοῦ

219 2714 415 2749 παλαισμάτων
428 2715 827 2751 παρεμπορεύματα,περιττὺν
841 2715 874 2742 ἂν
887 2715 929 2750 εῐη
943 2723 1009 2750 προ-

221 2761 314 2797 φέρειν
330 2761 370 2792 εις
395 2760 515 2795 ἔλεγχον.
540 2760 600 2796 Χρὴ
619 2761 647 2787 δὲ
662 2760 681 2788 ἃ
702 2761 766 2796 περὶ
788 2761 902 2788 ἑκάστου
918 2769 1008 2796 παρα-

220 2806 309 2834 παίων
321 2806 431 2841 γράφει,
449 2805 592 2841 γνώρισμα
605 2808 661 2838 τοῖς
682 2808 776 2838 πᾶσιν,
797 2806 899 2842 ἣκιστά
914 2814 944 2839 γε
960 2806 1009 2832 ἀνι

221 2851 330 2887 ιχεσοαι
342 2852 408 2887 πρὸς
419 2851 570 2887 ἀπέραντον
580 2852 711 2888 φλυαρίαν
724 2853 768 2880 τὴν
778 2853 855 2887 λόγον
870 2853 1007 2879 ἐκτείνειν

258 2897 306 2933 (7‘)
323 2897 391 2933 Lege
401 2897 443 2932 δή.
458 2897 536 2924 Et)”.

1094 2483 1270 2518 Quzecunqne
1294 2483 1378 2518 igitur
1397 2482 1449 2509 alia
1468 2481 1577 2509 aniliter
1603 2483 1629 2508 et
1653 2477 1842 2506 commentitic

1056 2530 1180 2565 loquitur
1194 2533 1222 2557 et
1242 2529 1350 2559 scribit.
1375 2534 1501 2556 sermone
1523 2526 1636 2563 Syriaco
1659 2529 1750 2555 utens.
1773 2531 1840 2558 qtto-

1057 2575 1139 2604 modo
1164 2579 1237 2603 terra
1271 2575 1442 2606 sustinetur,
1470 2581 1525 2600 non
1553 2571 1678 2600 devitans
1707 2569 1840 2605 poeticam

1057 2621 1178 2649 fabulam
1195 2629 1204 2654 ;
1225 2619 1363 2656 quomodo
1387 2620 1491 2647 imbres
1507 2619 1585 2650 ﬁunt,
1603 2621 1631 2645 et
1647 2616 1762 2644 sudores
1779 2622 1841 2642 esse

1058 2667 1224 2704 principium
1252 2667 1371 2694 materiae
1397 2676 1403 2692 :
1429 2666 1486 2693 haec
1504 2668 1531 2691 et
1552 2664 1603 2691 alia
1628 2661 1763 2697 ejusmodi
1782 2667 1841 2695 quae

1058 2717 1157 2749 praeter
1179 2713 1317 2747 negotium
1343 2713 1386 2739 sui
1411 2711 1569 2738 certaminis
1585 2713 1695 2736 tractat.
1713 2713 1842 2741 superla-

1057 2768 1141 2788 cuum
1152 2764 1227 2788 esset
1241 2759 1276 2786 ad
1290 2758 1489 2786 confutandum
1501 2757 1634 2793 proferre.
1653 2754 1765 2790 Oportet
1782 2759 1845 2787 quae

1058 2806 1092 2833 de
1112 2805 1228 2840 singulis
1248 2804 1334 2832 delirc
1354 2804 1461 2835 scribit,
1479 2811 1539 2838 qua:
1551 2801 1678 2830 omnibus
1693 2804 1754 2826 nota
1767 2801 1841 2826 sunt.

1060 2844 1113 2881 non
1132 2852 1186 2887 pati
1203 2856 1232 2878 ut
1248 2850 1347 2879 librum
1363 2850 1477 2878 inﬁnitis
1495 2849 1574 2885 nugis
1591 2849 1703 2875 dilatcnt
1719 2855 1726 2878 -,
1743 2843 1844 2880 quippo

1758 190 1874 220 ιοειι
