2144 3164
751 199 935 229 Δονεκευδ
956 198 1169 229 ΙΑΝΙΕΠΕΟΞ
1183 198 1250 229 LIB.
1270 197 1291 229 I.

1784 203 1853 234 1090

260 257 323 289 Πῶς
333 257 361 284 δὲ
375 258 421 285 καὶ
432 257 546 294 αὔξησις
556 258 606 293 τῆς
622 257 721 289 κακίας
733 258 832 293 γένοιτ’
848 259 882 286 ἂν
894 259 912 295 ἢ
925 267 1009 295 προσ-
1024 265 1047 295 Α
1096 259 1106 291 1

1004 275 1009 279 -
1024 265 1047 295 Α
1096 258 1240 292 Quomodo
1255 263 1346 288 autem
1363 261 1456 297 augeri
1472 264 1580 296 poterat
1603 261 1726 297 nequitia
1742 261 1781 297 (id
1796 267 1850 296 est.

224 303 295 340 οηκῃ
315 304 368 331 τῶν
386 305 544 341 προσολῶνε,
566 305 597 331 Et
618 304 672 340 γὰρ
690 302 730 336 οἷς
755 305 838 340 γεννᾷ
858 305 1009 332 τελειοῦται

222 347 264 380 si;
282 350 392 382 κακίαν,
402 350 498 385 ἀτελὴς
511 348 547 385 ἦν
563 351 580 385 ἡ
596 350 690 383 κακία,
703 351 751 378 καὶ
768 352 818 378 οὐκ
830 349 865 387 ἦν
881 354 910 379 ὲν
924 352 1010 388 ἀκρό-

221 400 284 428 τητι
299 395 415 427 κακίας*
431 396 455 422 εἰ
476 395 505 421 δὲ
519 395 611 422 τελεία
627 397 675 422 καλ⁸
692 397 776 432 ἀκρα,
793 397 865 424 κατά
877 397 922 424 τὸν
944 397 1009 425 ἴδιον

222 438 311 474 λόγον,
325 441 443 477 ἑκάτερα
459 441 599 474 τάναντία,
619 442 746 478 οὐδαμῶς
755 443 918 476 αὐξάνεσθαι
938 443 1009 477 δόξει

221 486 238 520 ή
255 486 339 513 κακία
360 486 404 513 διὰ
417 486 472 513 τῶν
493 487 718 522 «mmmam
740 488 949 526 θαρσαλεωτέρα
961 499 1008 525 γει

221 533 342 568 νήσιται,
356 533 452 569 λογικὴ
466 533 504 568 μὴ
516 531 594 566 οὖσα,
608 534 668 561 οὐδὶ
684 535 752 571 πρὸς
767 535 929 572 ἐπικουρίαν
942 536 1007 563 ἑαυ-

220 578 270 614 τῆς
292 579 499 615 παραλήψεται-
525 580 594 613 δέξει
615 581 669 618 γὰρ
697 581 750 618 πρὸ
773 582 823 617 τῆς
847 578 1004 614 τεκνώσεως

220 624 319 661 ἀτελής
337 626 477 660 γεγονέναι
498 626 528 653 οὐ
551 628 631 663 μόνον
657 628 726 664 πρὸς
744 628 845 655 κακίαν
866 629 882 664 ὴ
901 628 1002 660 κακία,

219 670 287 697 ἀλλὰ
310 671 356 698 καὶ
380 672 448 708 πρὸς
475 673 551 708 ίσχὺν
573 674 620 700 καὶ
642 673 738 709 ῥώμην
777 674 846 710 ὅπερ
865 673 1006 709 ἀλλότριον

219 717 378 754 ἀγιννήτου.

1063 305 1192 342 Satanas)
1211 306 1370 334 accessione
1394 307 1516 336 sobolis?
1538 309 1563 336 ai
1578 308 1651 336 enim
1673 308 1707 336 iis
1723 316 1794 345 quos
1810 309 1853 344 gi-

1062 351 1172 386 gnebat,
1188 352 1222 379 ad
1236 353 1386 388 nequitiam
1397 353 1549 388 perﬁcitur.
1560 354 1720 389 imperfecta
1731 359 1791 382 erat
1802 362 1852 382 ne-

1062 397 1159 432 quitia,
1175 401 1202 426 et
1217 405 1270 425 non
1287 402 1347 425 erat
1367 398 1395 425 in
1410 406 1518 426 summo
1529 402 1556 426 et
1569 398 1680 434 fastigio
1699 400 1829 435 nequitia!
1841 409 1850 427 :

1062 443 1106 471 sin
1122 451 1185 472 vero
1204 448 1264 472 erat
1279 444 1402 480 perfecta
1424 449 1452 472 et
1476 452 1583 472 summa
1596 445 1746 472 secundum
1766 446 1851 472 ratio-

1060 496 1123 516 nem
1139 491 1288 525 propriam.
1304 498 1402 518 rursus
1418 490 1529 518 minime
1544 490 1682 520 videbitur
1696 491 1788 526 augeri
1806 498 1852 518 ne-

1059 535 1144 570 quitia
1164 543 1212 571 per
1234 536 1456 572 propagationem
1477 540 1678 572 generatorum,
1699 545 1787 572 neque
1805 537 1851 564 ﬁet

1056 580 1188 608 audacior
1194 586 1220 609 et
1229 582 1421 617 praeﬂdentior,
1435 590 1497 610 cum
1503 589 1557 609 non
1568 583 1605 610 sit
1617 584 1754 619 particeps
1764 584 1851 612 ratio-

1056 627 1118 661 nis;
1143 635 1193 656 nec
1210 627 1245 655 ad
1260 629 1391 656 auxilium
1407 636 1488 656 suum
1503 629 1641 657 adhibebit
1651 637 1722 665 quos
1737 630 1847 665 genuit;

1058 673 1160 709 alioqui
1181 674 1315 702 videbitur
1338 678 1482 710 antequam
1497 681 1670 710 procrearet,
1689 676 1848 712 imperfecta

1060 719 1147 747 fuisse
1170 728 1225 748 non
1252 721 1340 748 solum
1362 721 1482 756 nequitia
1503 720 1538 748 ad
1559 722 1719 756 nequitiam.
1744 721 1792 750 sed
1812 721 1847 750 ad

1058 766 1130 794 vires
1150 769 1177 794 et
1190 766 1292 800 robur;
1307 766 1380 802 quod
1393 767 1511 794 atienum
1527 771 1571 796 est
1585 767 1620 795 ab
1640 768 1773 804 ingenito.

549 819 614 848 Car.
634 819 705 848 XVI.
721 818 823 848 Seditio
841 821 911 847 inter
922 825 1000 848 natos
1015 821 1082 848 ntali
1101 821 1235 856 principii.
1252 821 1391 855 Quomodo
1404 821 1510 850 sedata.

253 865 305 892 Τὸν
323 865 351 892 δὲ
374 865 473 901 τρόπον
498 865 548 901 τῆς
573 866 785 898 ἐπαναστάσεως
807 866 1002 902 εἰσηγούμενος

1091 866 1249 902 Explanans
1262 871 1354 895 autem
1369 867 1479 896 modum
1495 867 1639 896 seditionis
1654 867 1737 903 hujus
1755 868 1845 902 facta.

218 911 329 946 ταύτης,
352 912 435 947 φησίν
444 921 451 928 ·
469 912 605 938 Ἥλαυνον
618 913 664 939 καὶ
678 912 824 948 κατήσθιον
836 914 861 940 oi
874 912 904 945 ἐξ
918 913 1004 948 αὐτῆς
1018 907 1040 934 Β
1053 912 1064 943 (

1000 907 1116 946 :BQui,
1139 913 1239 948 inquit,
1263 921 1297 941 ex
1317 920 1350 941 ea
1370 913 1427 940 nati
1445 917 1525 945 sunt,
1550 921 1580 941 se
1603 918 1698 942 mutuo
1721 915 1846 943 insectati

217 957 355 993 ἀλλήλοις,
370 957 444 985 δεινά
458 959 505 985 καὶ
519 958 625 994 χαλεπὰ
635 959 799 991 διατιθέντες
808 968 815 974 ·
831 960 879 987 καὶ
894 961 925 986 οὐ
938 960 1004 996 πρό-

219 1012 298 1039 τερον
308 1004 462 1031 ἐπαύσαντο
478 1004 602 1040 ἀλλήλοις
614 1005 833 1040 ἐπανιστάμενοι,
851 1006 920 1041 αὐτῇ
932 1006 1004 1038 λέξει

218 1051 295 1086 φησὶ,
312 1051 409 1086 μέχρις
430 1048 460 1078 οὗ
475 1050 506 1077 τὺ
527 1050 584 1085 φῶς
602 1051 651 1086 ὀψέ
673 1060 738 1078 ποτε
755 1051 917 1087 ἐφώρασαν·
940 1052 1004 1079 διω-

218 1096 328 1132 κόμενοι
339 1096 394 1132 γὰρ
417 1097 464 1123 ἀπ’
483 1097 616 1132 ἀλλήλων,
634 1097 795 1131 ἀγνοοῦντες
811 1098 870 1133 μὲν,
884 1098 960 1133 ὅμως
974 1098 1004 1125 δὲ

218 1136 399 1177 τετολμήκασι
414 1143 461 1169 καὶ
477 1142 557 1178 μχρι
567 1142 614 1169 τοῦ
631 1143 722 1178 φωτὸς
736 1143 898 1178 ἀναχθῆναι.
908 1143 964 1170 Καὶ
977 1143 1003 1169 τί

218 1188 248 1224 δὴ
263 1188 364 1215 τούτων
382 1187 584 1224 ἀπιθανώτερον
599 1188 615 1223 ἢ
628 1187 845 1224 μυθωδέστερονς
863 1189 926 1220 τοὺς
938 1188 1003 1224 μίαν

219 1235 268 1269 μὲν
290 1234 524 1270 ἐπιγραφομένους
540 1234 663 1269 μητέρα,
679 1234 825 1270 συγγενείᾳ
845 1234 874 1261 δὲ
895 1234 1002 1269 φύσεως

218 1281 382 1316 ἡνωμένους,
395 1280 519 1316 ἀλλήλοις
533 1280 695 1315 ὲπιφύεσθαι
709 1281 809 1316 μάτην,
820 1281 866 1306 καὶ
880 1279 1001 1315 ἀλλήλων

217 1325 251 1352 τὰ
262 1326 329 1361 μέλη
345 1326 562 1358 κατεσθίειν,καὶ
574 1327 706 1361 μηδέποτε
719 1326 813 1362 λήγειν
823 1325 902 1353 τοῦτο
916 1326 999 1362 δρῶν-

217 1379 282 1403 τας;
302 1372 389 1408 Ὅπερ
403 1373 426 1398 εί
439 1373 486 1398 καὶ
498 1371 597 1407 ἀληθὲς
614 1370 659 1407 ἦν,
677 1371 780 1406 βέλτιον
789 1370 824 1406 ἦν
839 1372 938 1403 αὐτοὺς
955 1372 1000 1406 ὑφ’

217 1418 320 1445 ὲαυτῶν
332 1418 540 1445 ἀναλίσκεσθαι·
554 1419 601 1445 καὶ
621 1419 710 1454 μάτην
721 1419 735 1444 ό
757 1419 870 1454 ἀνόητος
886 1418 1000 1451 ἀταξίαν

216 1465 294 1492 καλτί
305 1465 336 1491 τὸ
346 1465 484 1500 συμψέρον
494 1473 500 1480 ο
515 1464 617 1499 ταύτης
630 1464 685 1499 γὰρ
701 1464 817 1499 μάλιστα
835 1464 885 1499 τῆς
901 1464 999 1494 κακίας

216 1509 336 1546 ὁρίζεται
348 1509 397 1544 τὴν
411 1509 463 1545 πρὸ
478 1510 579 1544 κόσμου
596 1509 725 1542 ἀταξίαν·
740 1509 773 1544 ἢν
788 1508 884 1544 ὥσπερ
900 1508 1001 1534 λυπού-

218 1564 297 1591 μενος
310 1556 358 1590 τῆς
372 1555 436 1590 ὒλης
451 1556 535 1587 οὕτως
549 1556 686 1590 ὀνομάζει,
699 1555 740 1581 ὅτι
756 1554 793 1590 μὴ
807 1556 999 1590 προσηκόντως

215 1602 261 1636 ὑφ’
272 1602 370 1636 ἑαυτῆς
385 1602 558 1637 ἀνηλὶσκετο·
577 1602 623 1628 καὶ
634 1601 728 1638 ὥσπερ
741 1610 783 1632 τις
799 1600 874 1635 φίλος
886 1600 999 1635 ταύτης,

215 1648 356 1683 ἀδημονῶν
373 1648 415 1681 ἐφ’
433 1645 473 1679 οἷς
492 1648 590 1683 ἑαυτὴν
605 1647 802 1678 κατέδλαπτεν,
822 1646 935 1678 ἀταξίαν
953 1654 1001 1672 κα-

215 1694 271 1720 λεῖ·
284 1694 302 1720 ἃ
315 1694 505 1729 συμφερόντως
520 1694 579 1720 καθ’
590 1693 688 1727 ἑαυτῆς
700 1693 781 1727 ἑδρα-
797 1692 857 1718 δέον
873 1691 1000 1724 εὐταξίαν

214 1739 263 1775 τὴν
278 1740 407 1766 ἀνωτάτω
415 1740 576 1770 καλέσαι,τὸ
589 1739 746 1775 φθείρεσθαι
757 1747 788 1773 γε
805 1737 955 1773 ὑφ’ὲαυτοῦ
970 1738 1000 1764 τὸ

215 1786 307 1813 κακόν.
317 1786 346 1812 Ὀ
362 1786 399 1812 δὲ.
416 1786 571 1818 Ἠτακτουν,
581 1786 656 1821 φησι,
669 1785 716 1816 καὶ
727 1784 837 1820 ἠδίκουν
852 1784 983 1820 ἀλλήλους
993 1793 1000 1800 ·

215 1831 246 1856 τὸ
262 1831 319 1865 φῶς
329 1831 357 1857 δὲ
378 1831 475 1862 ἰδόντες
490 1831 654 1858 ἐπαύσαντο.

1014 1585 1035 1613 C

1056 964 1119 987 sunt
1137 963 1165 986 et
1185 959 1397 991 devoraverunt,
1417 959 1486 986 dura
1502 963 1530 987 et
1558 959 1652 995 gravia
1679 959 1775 995 passi;
1797 967 1846 988 nc-

1054 1012 1108 1040 que
1133 1004 1210 1040 prius
1241 1004 1407 1032 destiterunt
1433 1005 1461 1032 in
1484 1013 1514 1032 se
1538 1005 1613 1040 ipsos
1635 1005 1740 1033 moveri
1761 1013 1846 1041 quam

1054 1050 1146 1078 lumen
1166 1057 1228 1078 sero
1242 1050 1353 1078 tandem
1373 1050 1517 1084 viderent;
1539 1051 1582 1079 bis
1600 1051 1673 1079 enim
1686 1049 1777 1079 verbis
1791 1051 1846 1079 uti-

1054 1099 1117 1129 tur;
1142 1103 1157 1123 a
1175 1104 1206 1124 se
1226 1096 1300 1124 enim
1323 1095 1376 1132 ipsi
1398 1097 1526 1132 exagitati
1551 1105 1614 1124 cum
1632 1097 1733 1133 alioqui
1758 1098 1847 1126 nesci-

1053 1147 1125 1174 rent,
1138 1143 1173 1169 ita
1192 1146 1283 1170 tamen
1297 1143 1357 1171 ausi
1370 1147 1435 1171 sunt
1450 1151 1536 1179 usque
1550 1144 1584 1171 ad
1595 1144 1687 1172 lumen
1703 1144 1844 1172 accedere.

1053 1186 1156 1222 Ecquid
1180 1187 1223 1215 bis
1245 1187 1436 1216 incredibilius
1458 1193 1485 1216 et
1511 1189 1600 1224 magis
1622 1189 1844 1217 commanlitium

1051 1241 1099 1260 eos
1114 1233 1161 1268 qui
1177 1240 1259 1260 unam
1279 1237 1393 1261 matrem
1412 1234 1464 1262 sibi
1486 1235 1628 1262 ascribunt
1642 1239 1670 1262 et
1691 1234 1842 1267 vindicant,

1051 1283 1079 1306 et
1095 1280 1260 1313 cognatione
1282 1283 1387 1307 naturae
1398 1279 1487 1315 juncti
1506 1286 1580 1312 sunt.
1597 1281 1624 1308 in
1644 1289 1674 1309 se
1690 1282 1764 1316 ipsos
1784 1281 1844 1308 fru-

1052 1329 1108 1351 stra
1124 1323 1265 1356 inﬁndere,
1294 1330 1320 1352 et
1338 1326 1461 1354 vicissim
1483 1327 1606 1354 membra
1621 1335 1671 1355 sua
1696 1327 1842 1360 devorare,

1050 1376 1077 1398 et
1097 1378 1238 1406 nunquam
1261 1370 1288 1398 in
1309 1371 1360 1398 hac
1379 1379 1409 1399 re
1435 1372 1563 1400 cessare?
1579 1372 1657 1405 Quod
1681 1373 1792 1408 quidem
1818 1374 1843 1401 si

1051 1424 1145 1443 verum
1169 1420 1239 1448 erat,
1268 1417 1416 1451 prestabat
1437 1417 1511 1452 ipsos
1527 1426 1541 1444 a
1561 1426 1590 1445 se
1610 1418 1678 1452 ipsis
1695 1419 1841 1446 consumi:

1050 1466 1077 1488 et
1102 1462 1219 1489 inaniter
1234 1462 1348 1490 demens
1372 1462 1570 1498 (Hanichaeus)
1598 1463 1723 1496 ἀταξίαν,
1748 1464 1774 1491 id
1789 1469 1843 1496 est,

1050 1507 1285 1542 perturbationem
1301 1508 1407 1536 ordinis
1422 1513 1503 1536 vocat
1518 1509 1545 1535 in
1557 1517 1599 1540 eo,
1612 1510 1684 1544 quod
1697 1510 1763 1538 utile
1778 1515 1841 1538 est:

1053 1553 1118 1580 huic
1129 1553 1201 1580 enim
1219 1553 1349 1588 nequitiae
1362 1554 1475 1581 ascribit
1486 1557 1512 1581 et
1523 1555 1645 1590 assignat
1659 1555 1844 1590 perturbatio-

1052 1606 1115 1626 nem
1139 1598 1245 1625 ordinis
1269 1603 1332 1626 ante
1352 1600 1500 1633 mundum;
1522 1607 1603 1635 quain
1621 1600 1661 1627 sic
1675 1605 1764 1633 vocat.
1781 1605 1844 1628 tan-

1053 1652 1135 1680 quam
1151 1645 1252 1677 doleat.
1276 1649 1303 1672 et
1318 1653 1348 1673 se
1375 1646 1505 1674 misereat
1527 1646 1663 1678 τηθίσι-ἰαὶ,
1688 1647 1761 1682 quod
1786 1655 1842 1675 non

1054 1692 1130 1726 prius
1143 1699 1157 1718 a
1173 1699 1202 1719 se
1229 1692 1287 1726 ipsa
1304 1691 1409 1718 utiliter
1425 1696 1451 1719 et
1468 1689 1663 1719 convenienter
1677 1698 1842 1728 consumpta

1052 1741 1124 1764 esset
1136 1744 1142 1768 ;
1158 1740 1185 1764 et
1197 1742 1325 1772 tanquam
1339 1737 1448 1771 quidam
1460 1737 1565 1764 amicus
1579 1737 1660 1771 hujus
1674 1744 1792 1765 mcerens
1808 1744 1842 1765 ac

1053 1783 1171 1818 graviter
1185 1783 1291 1815 dolens,
1305 1783 1378 1818 quod
1391 1782 1443 1810 sibi
1460 1783 1610 1815 nocuisset.
1624 1790 1684 1817 qua:
1698 1786 1794 1810 contra
1811 1790 1842 1811 se

1054 1830 1158 1856 utiliter
1175 1829 1249 1861 fecit,
1266 1829 1293 1857 in
1315 1829 1350 1856 iis
1370 1829 1601 1864 perturbationem
1624 1830 1728 1857 ordinis
1749 1834 1840 1862 vocat,

215 1884 277 1903 cum
289 1876 398 1903 deberet
411 1878 500 1911 potius
512 1877 735 1912 compositionem
748 1876 853 1904 ordinis
882 1867 1140 1905 excellentissimam
1165 1883 1272 1907 vocare,
1307 1876 1419 1903 interire
1447 1875 1552 1902 scilicet
1570 1876 1671 1903 malum
1703 1883 1719 1903 ιι
1737 1876 1840 1911 seipto.

217 1922 263 1949 Ille
277 1926 366 1950 autem
381 1923 428 1954 ait,
453 1922 480 1949 In
504 1922 660 1957 perturbato
685 1922 782 1950 ordine
815 1927 905 1954 erant,
922 1928 949 1950 et
963 1922 1016 1949 sibi
1035 1921 1107 1949 inter
1131 1929 1161 1948 se
1177 1922 1332 1954 nocebant;
1355 1921 1412 1948 viso
1430 1925 1520 1948 autem
1538 1922 1640 1949 lumine
1669 1921 1838 1950 desiverunt.

249 1970 354 1997 οὐκοῦν
371 1970 548 1997 ἐπεϐούλευσε
567 1971 606 2006 τῷ
626 1971 792 2006 συμφέροντι
804 1971 834 1997 τὸ
852 1970 920 2005 φῶς,
940 1970 997 2004 εῐγε

215 2017 277 2048 τοὺς
293 2017 393 2048 κακοὺς
410 2016 532 2051 ἀλλήλων
545 2016 689 2052 ἐρρύσατο,
705 2017 753 2042 καὶ
767 2016 866 2051 ῶσπερ
887 2015 997 2051 φάρμα-

216 2070 263 2088 κον
284 2061 375 2098 ἰατροῦ
400 2061 567 2097 εὐηργέτησε
590 2062 653 2094 τοὺς
675 2062 829 2093 νοσοῦντας.
845 2062 902 2088 Οὐκ
921 2059 955 2096 ἦν
970 2061 998 2088 δὲ

215 2108 283 2143 πρὸς
306 2107 407 2141 αγαθοῦ
424 2107 565 2142 φείσασθαι
580 2107 626 2133 τοῦ
640 2108 736 2138 κακοῦ,
760 2109 798 2138 εἰς
816 2108 846 2133 τὸ
862 2108 998 2142 διαμένειν

215 2154 262 2180 καὶ
276 2153 408 2185 σώζεσθαι
419 2174 427 2184 ,
451 2154 498 2180 καὶ
516 2153 552 2188 μὴ
566 2155 610 2188 ὑφ’
629 2151 726 2180 ἑαυτοῦ
744 2153 949 2180 ἀναλίσκεσθαι.
968 2154 999 2180 Εἰ

214 2200 268 2235 γὰρ
287 2199 332 2234 ὑφ’
343 2200 440 2226 ἑαυτοῦ
457 2200 627 2226 δαπανᾶσθαι
638 2200 717 2226 τοῦτο
735 2199 907 2231 διεκώλυσεν,
922 2200 998 2226 ἄντι-

1087 1968 1171 2004 lgitur
1202 1969 1359 1996 insidiatum
1380 1972 1422 1996 est
1443 1969 1533 1995 lumen
1549 1968 1669 2001 utilitati,
1694 1969 1717 1996 si
1730 1968 1840 2004 quidem

1052 2016 1139 2042 malos
1158 2022 1173 2042 a
1193 2019 1286 2042 mutua
1306 2014 1379 2042 caede
1401 2014 1534 2045 liberavit,
1558 2019 1584 2041 et
1605 2019 1734 2049 tanquam
1751 2014 1839 2042 medi-

1052 2062 1114 2088 cina
1137 2061 1235 2088 medici
1261 2060 1361 2096 profuit
1382 2061 1500 2095 aegrotis.
1525 2060 1559 2086 At
1583 2067 1636 2087 non
1661 2059 1841 2087 conveniebat

1053 2108 1136 2140 bono,
1158 2112 1186 2135 ut
1202 2112 1325 2143 parceret
1345 2108 1427 2138 malo.
1451 2111 1478 2135 et
1495 2108 1596 2138 sineret
1617 2114 1774 2141 permanere
1795 2106 1839 2133 in-

1053 2155 1171 2187 colume,
1185 2160 1211 2181 et
1226 2162 1280 2181 non
1297 2154 1398 2181 sineret
1410 2161 1425 2180 a
1442 2161 1471 2181 se
1485 2154 1544 2189 ipso
1558 2152 1693 2180 cnnsumi.
1710 2151 1738 2179 Si
1754 2151 1837 2183 enim,

1053 2207 1087 2226 ne
1112 2207 1127 2226 a
1148 2207 1178 2227 se
1203 2203 1422 2231 consumeretur.
1440 2199 1491 2226 hoc
1512 2198 1662 2234 prohibuit,
1681 2198 1740 2233 ipse
1758 2197 1840 2233 plane

215 2254 282 2282 κρυς
292 2245 372 2276 αὐτὸς
386 2245 545 2281 διετήρησεν
558 2245 623 2273 αὐτό
634 2254 641 2260 ·
659 2246 706 2272 καὶ
720 2246 762 2280 εἴη
776 2245 808 2272 ἂν
819 2245 999 2280 ἀληθέστερον
1016 2242 1038 2270 D
1052 2253 1061 2272 ε

993 2254 999 2271 ι
1016 2242 1038 2270 D
1052 2245 1170 2273 servavit
1186 2245 1285 2281 ipsum,
1301 2249 1429 2280 essetque
1439 2245 1528 2272 verior
1542 2244 1648 2277 ἀταξία,
1661 2244 1687 2271 id
1699 2248 1752 2275 est,
1764 2244 1839 2272 aber-

214 2294 293 2321 τοῦτο
310 2293 417 2327 ἀταξία,
434 2294 448 2320 ὅ
465 2301 531 2328 φησι
547 2293 595 2328 τὴν
612 2292 725 2325 ἀταξίαν
744 2291 999 2318 πεπα·.ικέναι.⁸’οτε

214 2340 304 2367 τοίνυν
319 2341 386 2375 αὐτῇ
401 2330 471 2372 λέξει
487 2339 595 2374 φησὶνή
613 2339 677 2373 παρ’
695 2338 784 2369 αὐτοῖς
802 2336 892 2372 βίὸλος
902 2344 909 2351 '
927 2337 999 2372 Πρὸς

215 2387 346 2421 ἀλλήλους
360 2385 560 2418 στασιάζοντες.
584 2385 756 2412 ἐπεπόλασαν
771 2384 817 2411 καὶ
840 2384 920 2420 μέχρι
943 2384 998 2410 τῶν

184 2433 358 2469 νμεοορίων,
375 2433 423 2460 καὶ
434 2433 464 2459 τδ
476 2431 533 2467 φῶς
547 2430 627 2463 εἶδον,
643 2431 734 2466 θέαμά
751 2440 777 2457 τι
795 2431 937 2458 κάλλιστον
951 2430 998 2457 καὶ

215 2480 453 2515 εὐπρεπέστατον
471 2480 540 2506 τότε.
567 2478 619 2506 ὑπὸ
639 2479 689 2513 τῆς
712 2480 740 2505 ὲν
752 2478 843 2509 αὐτοῖς
866 2477 998 2512 κινήσεως

215 2526 416 2558 ἐνθουσιῶντες,
429 2526 500 2553 κατὰ
523 2525 570 2552 τοῦ
584 2526 671 2560 φωτὸς
695 2524 898 2553 ἐϐουλεύσαντο.
919 2523 945 2549 τί
966 2522 998 2558 δὴ

215 2573 376 2608 ποιήσαντες
392 2572 514 2599 δύναιντο
527 2572 560 2599 ἂν
575 2573 673 2604 αὐτοὺς
684 2571 722 2606 τῷ
741 2571 876 2606 κρείττονι
898 2577 998 2603 συγκε-

217 2620 312 2656 ράσαι;
326 2618 411 2645 Τοῦτο
421 2619 450 2646 δὲ
470 2618 630 2652 λογίσασθαι
652 2619 701 2653 οὐχ
723 2615 773 2644 οἶοί
793 2626 823 2643 τε
836 2614 916 2652 ἦσαν,
940 2615 998 2641 ἀλλ’

215 2666 347 2701 ἐπιθυμίᾳ
360 2666 407 2693 τοῦ
435 2665 587 2701 κρείττονος
613 2666 679 2692 ῐδιον
702 2665 814 2700 θήραμα
840 2663 1000 2698 νομίσαντες

214 2713 305 2745 αὐτοῖς
318 2712 439 2744 ἔσεσθαι,
459 2711 552 2738 πολλοὶ
567 2711 643 2743 ὄντες
665 2710 925 2746 ἐπεστρατεύσαντο.

1053 2293 1122 2318 ratio
1138 2299 1153 2318 a
1172 2291 1244 2319 bono
1266 2291 1362 2319 ordine
1384 2291 1436 2318 hoc
1452 2290 1524 2326 quod
1545 2290 1594 2319 ait.
1619 2290 1753 2318 sublatam
1777 2297 1839 2317 esse

1052 2337 1283 2372 perturbationem
1298 2336 1412 2364 ordinis.
1434 2334 1479 2364 Sic
1495 2336 1578 2372 igitur
1597 2339 1640 2363 est
1661 2335 1688 2362 in
1706 2335 1777 2362 libro
1789 2336 1838 2370 qui

1052 2383 1124 2418 apud
1145 2383 1219 2418 ipsos
1234 2383 1322 2410 fertur
1335 2392 1342 2410 :
1357 2381 1491 2410 seditione
1507 2381 1579 2410 inter
1602 2381 1677 2416 ipsos
1691 2385 1762 2413 orta,
1778 2389 1840 2416 pro-

1051 2428 1161 2455 dierunt
1185 2435 1273 2463 usque
1296 2427 1330 2455 ad
1351 2427 1516 2460 conﬁnium,
1541 2431 1569 2455 et
1583 2427 1709 2454 viderunt
1735 2426 1837 2459 lumen,

1052 2475 1238 2509 sp.-ctaculum
1264 2473 1401 2509 quoddam
1428 2473 1642 2508 pulcherrimum
1665 2477 1693 2500 et
1717 2473 1839 2500 maxime

1052 2521 1182 2548 decorum
1201 2530 1207 2546 :
1229 2524 1293 2546 tunc
1309 2520 1490 2547 commotione
1510 2527 1559 2546 sua
1582 2519 1608 2545 in
1631 2518 1764 2545 insaniam
1784 2519 1837 2546 acti

1052 2567 1277 2594 consultavernnt
1291 2567 1324 2594 de
1338 2565 1439 2593 lumine
1453 2565 1518 2600 quid
1539 2565 1694 2592 faciendum
1709 2569 1792 2596 esset.
1809 2569 1838 2593 ut

1054 2621 1084 2640 se
1096 2620 1158 2639 cum
1177 2620 1210 2640 eo
1229 2612 1303 2648 quod
1323 2612 1498 2647 praestantius
1518 2617 1577 2638 erat
1600 2611 1756 2638 miscerent.
1782 2610 1839 2638 Hoc

1054 2664 1144 2686 autem
1162 2659 1283 2694 cogitare
1307 2666 1360 2686 non
1377 2662 1516 2694 poterant,
1545 2657 1592 2685 sed
1614 2665 1669 2692 prie
1690 2657 1839 2693 cupiditate

1053 2705 1174 2733 melioris
1190 2705 1313 2732 arbitrati
1331 2704 1450 2731 futuram
1473 2711 1535 2731 esse
1550 2703 1688 2738 propriam
1707 2703 1838 2739 pradatn,

1052 2758 1114 2778 cum
1133 2750 1210 2777 multi
1224 2754 1327 2782 essent,
1344 2750 1494 2777 exercitum
1515 2749 1664 2776 instruunt.

722 2813 787 2840 Car.
806 2811 886 2838 XVII.
903 2810 1068 2838 Desideriam
1080 2809 1194 2836 hominis
1212 2811 1316 2835 bonum.

251 2862 382 2890 Λανθάνει
398 2862 426 2888 δὲ
440 2862 496 2893 τοῖς
514 2861 565 2896 τῆς
575 2861 674 2893 κακίας
686 2861 754 2892 uici;
766 2860 800 2887 τὰ
814 2860 922 2886 πάντων
933 2858 999 2885 κάλ-

215 2907 294 2936 luna
317 2908 527 2944 προμαρτυρῶν.
554 2908 584 2935 E!
600 2907 654 2943 γὰρ
677 2907 707 2934 τὸ
727 2907 868 2934 κάλλιστον
890 2905 937 2932 καὶ
955 2904 998 2931 εὖ·

1088 2856 1265 2888 Ilanichzeus,
1287 2862 1347 2891 qua
1369 2858 1434 2882 sunt
1457 2854 1580 2882 omnium
1602 2853 1786 2890 pulcherrima
1812 2856 1840 2879 et

1052 2903 1212 2938 bellissima,
1238 2902 1301 2930 ﬁliis
1323 2901 1452 2937 nequitia
1471 2900 1626 2930 testimonio
1647 2907 1697 2929 suo
1713 2898 1839 2928 nesciens
