2144 3164
351 166 421 196 £095

931 168 999 196 τηι
1020 167 1236 196 BOSTRENSIS
1255 166 1411 195 EPISCOPI

1913 164 1981 194 1096

346 225 420 252 ratio
431 228 571 252 constaret
585 231 636 251 cur
660 226 760 252 mutari
777 225 909 253 voluissd
932 236 938 253 :
958 233 1031 253 nunc
1049 231 1140 253 autem
1156 229 1179 256 Α

1133 234 1140 252 I
1156 229 1179 256 Α
1192 225 1286 257 οὖσαν,
1298 225 1439 260 ἀνατροπὴ
1454 225 1589 261 παντελὴς
1600 225 1650 259 τῆς
1662 223 1818 255 ὑποθέσεως
1833 223 1865 250 τὸ
1882 223 1920 259 μὴ
1933 222 1979 250 καὶ

345 276 412 310 cum
428 275 524 297 natura
541 271 577 296 sit
588 269 710 304 nequitia
726 275 753 298 et
762 271 902 306 ignorans,
916 271 1020 306 integra
1035 271 1142 299 eversio

347 315 431 343 totius
440 315 480 343 rei
493 319 521 342 et
537 322 628 343 causa
638 320 681 343 est
690 324 744 343 non
760 316 877 352 lugerea
893 317 1042 344 contrario.

381 360 460 394 Quod
482 364 574 388 autem
596 361 684 396 magis
705 369 720 388 a
743 362 850 389 ratione
871 369 998 388 aversum
1026 365 1079 389 est.
1101 363 1140 388 ait

347 406 462 435 missam
480 406 593 435 fuissea
606 408 680 435 bono
698 412 871 443 potestatem,
894 416 949 434 non
968 407 1025 442 jam
1047 408 1139 434 lumen

347 452 487 484 sensibile.
506 453 554 481 sed
569 454 642 481 velut
650 453 764 481 diceret.
782 453 904 482 sobolem
918 452 975 480 Dei.
987 451 1063 480 Hanc
1075 460 1139 479 cum

346 498 462 527 vidisset
476 499 601 530 materia.
614 499 773 534 concupivit
783 499 892 534 quidem
901 503 1031 533 tanquam
1043 505 1139 526 amans

346 554 426 579 eam;
445 547 576 582 impetum
593 554 658 575 vero
678 547 705 574 in
717 554 777 574 eam
800 547 865 575 fecit
884 551 912 575 et
931 547 1085 578 absorbuit,
1111 550 1139 574 et

347 593 407 620 suis
421 592 606 627 potestatibus
618 592 778 625 distribuit;
796 601 850 628 qua
861 594 904 620 via
923 593 980 620 ﬁeri
997 600 1050 620 non
1067 596 1141 628 pote

346 641 400 668 rat,
415 641 446 664 ut
456 637 560 665 videret
576 638 690 665 missum
700 645 734 665 es
749 641 848 665 natura
858 638 939 671 boni;
957 638 1018 669 hoc,
1039 638 1138 672 inquit,

346 681 474 709 eiectum
504 686 557 715 est,
582 686 612 709 ut
636 682 785 710 absorbere
810 687 903 718 posset
925 683 1051 710 missum.
1073 681 1140 710 Utar

345 728 421 756 enim
444 727 534 755 adhuc
549 729 667 764 amplius
682 728 776 756 eodem
790 729 886 760 verbo,
910 729 1040 763 quoniam
1056 728 1079 755 si
1098 728 1140 755 vel

347 774 437 801 solum
461 774 540 806 vidit,
567 774 641 810 quod
652 782 686 802 es
707 775 861 802 substantia
883 774 930 802 Dei
956 779 1136 811 propagatum

346 823 418 851 erat,
434 827 490 847 non
504 824 546 847 est
560 828 629 855 opus
640 820 694 847 alio
705 821 833 855 quopiam
854 821 937 848 verbo
958 821 990 848 ad
1013 826 1135 849 everten-

347 863 412 891 dum
423 869 617 892 commentum.
629 863 700 892 Vidit
717 865 790 892 enim
809 866 924 892 omnino
948 869 1078 900 tanquam
1100 866 1138 893 si-

1193 272 1290 305 φυγεῖν
1300 270 1331 297 τὸ
1342 270 1472 297 ἐναντίον.

1226 361 1263 388 Τδ
1274 361 1302 388 δὲ
1317 361 1349 397 δὴ
1361 360 1453 396 μεῖζον
1462 361 1502 393 εἰς
1516 361 1638 395 ἀλογίαν,
1654 359 1854 388 ἀποσταλεῖσαν
1868 359 1982 395 δύναμιν

1190 408 1238 435 τοῦ
1252 408 1365 443 ἀγαθοῦ,
1381 408 1473 434 οὐκέτι
1495 408 1552 442 φῶς
1566 408 1694 444 αἰσθητόν
1704 416 1711 422 ·
1729 406 1786 434 ἀλλ’
1805 407 1843 439 ὡς
1856 407 1889 433 ἂν
1901 407 1980 440 φαίη,

1190 453 1326 489 προὸολὴν
1348 452 1396 479 τοῦ
1413 452 1481 479 Θεοῦ
1506 452 1672 488 θεασαμένη,
1700 452 1854 488 προσκισσᾷ
1878 451 1929 486 μὲν
1943 450 1982 482 ὡς

1190 499 1291 535 ἐρῶσα,
1304 499 1379 535 ὁρμᾷ
1393 497 1421 524 δὲ
1440 491 1487 524 καλ
1509 498 1662 529 καταπίνει,
1677 498 1724 524 καὶ
1736 498 1796 529 ταῖς
1811 496 1887 528 ἰδίαις
1901 495 1981 523 δυνά-

1191 553 1255 579 μεσι
1266 544 1388 578 διανέμει
1400 551 1407 558 '
1454 543 1482 570 δὲ
1497 543 1544 569 καὶ
1557 542 1706 570 θεάσασθαι
1721 543 1752 570 τὸ
1767 544 1800 569 ὲκ
1811 543 1860 578 τῆς
1872 541 1980 576 φύσεως

1189 590 1237 618 τοῦ
1260 589 1364 624 ἀγαθοῦ
1386 589 1510 625 πεμφθὲν
1536 589 1666 616 ἀδύνατον
1688 587 1735 625 ἦν.
1756 588 1843 625 ταύτῃ
1869 587 1981 615 δυνατόν

1190 645 1257 672 φησι
1279 635 1432 670 γεγονέναι,
1459 635 1507 662 καὶ
1532 636 1676 661 καταπιεῖν
1704 635 1793 661 τοῦτο.
1814 634 1875 661 Ἐπὶ
1900 634 1981 660 πλέον

1189 683 1244 719 γὰρ
1259 683 1298 718 τῷ
1317 682 1392 718 αὐτῷ
1408 684 1545 718 χρήσομαι
1558 682 1640 717 λόγῳ,
1655 682 1704 714 ὡς,
1720 682 1744 708 εἰ
1761 682 1809 708 καὶ
1825 682 1904 716 μόνον
1926 678 1980 706 εἶδε

1189 729 1221 756 τδ
1232 731 1264 756 ἐκ
1274 729 1324 764 τῆς
1335 729 1429 759 οὐσίας
1443 727 1490 754 τοῦ
1504 727 1572 755 θεοῦ
1585 727 1814 765 προϐεϐλημένον,
1831 726 1924 762 ἑτέρου
1937 733 1980 752 τι-

1191 774 1235 807 νὸς
1243 775 1293 801 οὐκ
1300 775 1333 801 ἂν
1340 771 1455 809 δεόμεθα
1464 774 1520 809 (;ο)
1529 774 1608 808 λόγου
1616 773 1684 809 πρὸς
1694 773 1847 808 ἀνατροπὴν
1856 772 1902 799 τοῦ
1912 771 1981 798 πλά-

1191 828 1310 856 σματος·
1330 817 1384 846 εῐδε
1402 819 1456 856 γὰρ
1478 820 1597 852 πάντως,
1624 818 1663 851 ὡς
1680 818 1762 854 ὁμοία
1776 819 1806 845 τὸ
1819 819 1920 853 ὅμοιον.
1943 816 1981 845 Τδ

1191 867 1245 902 γὰρ
1261 866 1349 901 πάντη
1364 866 1434 892 κατά
1454 865 1536 899 φύσιν
1549 866 1670 892 ἐναντίον
1690 865 1737 891 καὶ
1754 864 1822 900 πρὸς
1837 864 1924 900 ἄκραν
1934 864 1982 890 ιν-

346 909 421 937 milis
432 910 530 937 simile.
549 909 627 943 Quod
638 910 712 938 enim
726 915 769 938 est
790 911 899 945 penitus
920 911 1070 938 secundum
1089 919 1138 938 na-
1154 904 1176 931 Β

1133 927 1138 931 -
1154 904 1176 931 Β
1192 912 1335 947 αντιότητα
1352 911 1518 946 κεχωρηκδς.
1534 910 1590 937 οὔτ’
1606 910 1639 937 ἂν
1660 910 1710 937 ἴδοι
1732 910 1763 937 τὸ
1778 910 1910 940 ἐναντίον,
1922 908 1979 935 οὔτ’

345 958 435 982 turam
444 955 623 988 contrarium,
640 960 667 983 et
689 963 795 983 summe
805 956 986 987 contrarium.
998 964 1137 991 nunquam

345 998 440 1027 videre
449 1000 549 1035 poterit
560 1000 739 1033 contrarium,
751 1007 801 1027 nec
819 1001 1010 1036 propinquabit
1020 1002 1055 1033 ei,
1074 1002 1139 1036 quia

345 1045 371 1073 si
386 1045 428 1073 vel
446 1046 535 1073 solum
556 1046 655 1078 videat,
668 1047 738 1074 ratio
749 1048 879 1074 contrarii
894 1055 1008 1082 prorsus
1024 1049 1137 1075 tollitur.

1193 958 1226 984 ἀν
1252 956 1458 992 προσεγγίσειεν
1480 955 1572 991 αὐτῷ·
1598 955 1693 991 ἐπειδὴ
1721 955 1907 991 διαφθείρεται
1929 954 1981 989 τῆς

1191 1003 1378 1038 ἐναντιότητος
1391 1003 1405 1028 ό
1421 1002 1499 1035 λόγος
1516 1001 1665 1033 παντελῶς.
1682 1002 1705 1027 εἰ
1720 1001 1766 1027 καὶ
1782 1001 1862 1036 μόνον
1881 999 1941 1026 ἰδοι.

956 1103 1022 1132 CAP.
1041 1103 1114 1131 XXI.
1132 1104 1202 1132 Deus
1217 1102 1368 1130 invisibilis.

382 1147 439 1175 Hoc
453 1152 543 1175 autem
561 1147 637 1175 addit
662 1148 768 1176 ceteris
789 1157 850 1184 qua:
873 1149 952 1182 dixit,
980 1150 1136 1182 absurdius,

344 1198 372 1222 et
392 1201 484 1222 secum
501 1194 676 1222 vehementer
684 1202 808 1230 pugnans
821 1204 829 1228 ;
841 1203 874 1222 ue
890 1203 959 1230 opus
967 1196 1013 1226 sit,
1027 1200 1055 1222 ut
1066 1196 1137 1223 alius

341 1231 441 1267 contra
454 1247 515 1267 eum
530 1239 612 1266 dicat.
627 1240 735 1267 Amavit
749 1241 833 1271 enim.
851 1241 950 1275 inquit,
975 1245 1136 1275 potestatem

344 1286 419 1313 illam
431 1285 517 1313 visam
533 1289 663 1321 tanquam
672 1286 756 1313 oblita
770 1287 879 1321 penitus
891 1292 994 1314 natura:
1005 1287 1135 1322 propriae:

345 1337 401 1357 non
412 1330 458 1357 illa
473 1328 582 1365 quidem
596 1330 682 1357 oblita
704 1334 756 1362 est,
772 1339 833 1365 qua
854 1339 909 1358 non
932 1336 992 1358 erat
1015 1341 1021 1358 :
1039 1331 1085 1358 sed
1109 1332 1135 1358 hi

345 1380 410 1405 sunt
442 1384 556 1404 suorum
587 1382 806 1404 commentorum
836 1378 1029 1409 immemores;
1061 1377 1136 1403 aiunt

345 1422 432 1454 enim,
446 1424 607 1457 priusquam
625 1422 683 1449 haec
701 1423 864 1450 seditionem
873 1427 1005 1454 moveret,
1020 1430 1074 1450 non
1090 1424 1137 1449 ha-

1226 1148 1310 1176 Τοῦτο
1329 1148 1358 1174 δὲ
1379 1146 1539 1182 προστίθησι
1555 1146 1610 1173 τῶν
1627 1146 1783 1182 εἰρημένων
1806 1144 1983 1180 ἀτοπώτερον

1192 1194 1309 1230 ἰσχυρῶς
1322 1193 1411 1228 ἑαυτῷ
1431 1193 1584 1228 μαχόμενος
1596 1200 1604 1209 ⁸
1619 1193 1662 1218 ἵνα
1679 1192 1774 1227 μηδεὶς
1789 1191 1882 1227 ἔτερος
1896 1191 1982 1227 δεηθῇ

1191 1241 1259 1277 πρὸς
1266 1240 1351 1267 αὑτὸν
1367 1240 1463 1266 εἰπεῖν.
1477 1239 1546 1274 Φησὶ
1558 1239 1626 1274 γάρ·
1645 1238 1766 1274 Ἠράσθη
1784 1238 1835 1273 τῆς
1848 1238 1983 1272 φανείσης

1189 1288 1340 1322 δυνάμεως,
1359 1286 1452 1321 ὥσπερ
1474 1285 1649 1320 ἑπιλησθεῖσα
1673 1284 1811 1315 παντελῶς
1837 1283 1887 1318 τῆς
1912 1283 1984 1315 ιδίας

1190 1332 1296 1367 φύσεως
1308 1340 1315 1346 ·
1329 1331 1361 1357 οὐ
1378 1330 1428 1366 μὲν
1447 1330 1479 1365 δὴ
1499 1330 1591 1365 ἐκείνη
1605 1338 1636 1364 γε
1651 1330 1669 1364 ἡ
1684 1329 1722 1365 μὴ
1735 1328 1813 1362 οὖσα,
1834 1329 1891 1356 ἀλλ’
1907 1327 1984 1356 οὗτοί

1189 1387 1220 1413 γε
1241 1378 1296 1404 τῶν
1317 1377 1389 1403 ἰδίων
1405 1376 1571 1411 πλασμάτων
1582 1384 1588 1391 ·
1605 1377 1629 1402 εἰ
1645 1375 1699 1412 γὰρ
1714 1377 1778 1411 πρὶν
1793 1376 1983 1411 ἐπαναστῆναι

1189 1424 1291 1459 ταύτην
1304 1423 1371 1458 φασὶ
1391 1422 1491 1457 γνῶσιν
1511 1422 1559 1448 τοῦ
1575 1421 1678 1455 ἀγα.θοῦ
1697 1422 1734 1457 μὴ
1757 1422 1914 1457 ἐσχηκέναι.
1934 1422 1983 1449 ἴνα

347 1468 441 1496 buisse
454 1468 641 1503 cognitionem
657 1467 740 1500 boni;
762 1476 796 1495 ne
809 1468 966 1503 cognitione
995 1468 1059 1495 boni
1087 1475 1135 1494 na-
1148 1470 1170 1500 C
1188 1480 1193 1505 ι

1148 1470 1170 1500 C
1188 1470 1225 1505 μὴ
1241 1469 1416 1505 σεμνὼσωσιν
1430 1467 1534 1502 ἀγαθοῦ
1551 1468 1649 1501 γνώσει
1674 1468 1724 1503 τὴν
1746 1469 1810 1503 παρ’
1827 1467 1910 1494 αὑτοῦ
1927 1468 1983 1502 φύ-

347 1518 438 1541 turam
452 1514 487 1540 ab
505 1514 566 1548 ipso
591 1517 748 1541 accusatam
773 1519 880 1541 ornent.
903 1513 998 1542 Nonne
1018 1514 1137 1541 amentia

346 1563 401 1591 est,
415 1563 511 1594 putare
522 1565 581 1586 eam
597 1566 658 1594 quae
671 1559 700 1586 in
713 1567 743 1586 se
764 1567 819 1586 non
848 1558 929 1586 habet
945 1559 1016 1586 unde
1037 1566 1139 1594 cogno-

346 1609 406 1632 scat
417 1611 479 1632 esse
497 1605 609 1637 bonum,
627 1604 749 1639 potuisse
760 1604 864 1636 videre,
892 1608 920 1632 ct
936 1608 1080 1639 postquam
1096 1604 1138 1631 vi-

345 1648 396 1680 dit.
408 1648 600 1676 desiderasse?
611 1649 690 1684 longe
704 1648 776 1676 enim
792 1649 881 1683 majus
895 1649 938 1676 est
953 1649 1137 1676 substantiam

344 1695 575 1730 aspectuwidere,
591 1702 673 1730 quam
689 1702 857 1730 cognoscere
868 1703 939 1723 esse.
952 1694 1072 1722 Primum
1083 1704 1137 1723 non

344 1740 435 1768 solum
451 1748 512 1773 nos.
529 1741 577 1768 sed
595 1744 744 1776 potestates
767 1741 896 1776 angelica:
916 1741 1136 1774 excellentiores,

347 1794 412 1815 esse
433 1786 544 1822 quidem
570 1787 671 1814 bonum
694 1787 898 1822 cognoscimus,
926 1794 958 1814 ac
981 1788 1138 1823 cognitione

310 1853 315 1860 .
344 1833 403 1861 sola
419 1832 453 1860 ad
465 1833 593 1868 pietatem
608 1833 634 1860 in
648 1832 732 1860 Deum
745 1833 844 1859 alimur
859 1837 954 1866 ;tanto
970 1841 1036 1860 vero
1046 1835 1138 1861 excel-

346 1879 447 1906 'entius
459 1879 559 1914 angeli,
576 1884 679 1914 quanto
696 1883 794 1906 natura
817 1884 882 1906 sunt
903 1880 1114 1907 excellentiores
1128 1890 1134 1907 :

344 1923 438 1951 videre
449 1927 540 1951 autem
555 1924 738 1951 substantiam
748 1923 795 1951 Dei
811 1931 899 1959 neque
914 1924 1004 1956 nobis,
1016 1933 1066 1952 nec
1084 1925 1137 1953 illis

344 1967 427 1995 licet:
442 1967 577 2003 siquidem
589 1976 640 1996 nos
655 1968 776 2004 quandiu
795 1976 896 2003 corpus
915 1969 1064 1996 secundum
1088 1977 1137 1996 na-

344 2019 434 2040 turam
447 2013 535 2040 induti
552 2021 659 2046 sumus,
673 2022 724 2041 nec
740 2015 851 2049 angelos
867 2015 941 2048 ipsos
964 2014 1055 2042 videre
1073 2023 1136 2050 pos-

343 2064 453 2084 sulnus.

381 2102 554 2130 Manifestum
567 2103 640 2131 enim
660 2108 702 2130 est
717 2108 743 2130 et
757 2111 773 2138 p
786 2112 834 2130 anc
850 2111 1022 2137 concessum,
1038 2106 1084 2140 qui
1098 2105 1136 2131 vi-

345 2148 390 2176 det
408 2149 498 2176 simile
509 2149 563 2176 sibi
579 2149 681 2176 videre.
705 2149 734 2176 Si
747 2150 809 2184 quis
829 2158 892 2177 vero
908 2151 1044 2178 existimet
1058 2152 1134 2178 futile
1150 2147 1172 2174 Ι)

345 2201 408 2222 esse
422 2194 495 2230 quod
517 2194 656 2228 dicimus;
682 2195 807 2222 videmus
827 2196 899 2222 enim
921 2197 1017 2229 solem,
1041 2197 1132 2224 lunam

346 2243 374 2267 et
387 2239 492 2271 stellas,
512 2244 643 2274 prata-ea
659 2240 730 2275 apud
749 2247 800 2267 nos
823 2240 937 2276 lapides,
962 2249 1070 2273 aurum,
1089 2249 1134 2268 ar-

345 2290 468 2321 gentum,
493 2284 611 2320 denique
634 2293 709 2312 mare
734 2286 822 2320 ipsum
841 2291 868 2314 et
882 2287 973 2314 omnia
995 2288 1131 2319 animalia,

343 2337 377 2358 ac
400 2331 477 2358 nullo
495 2335 575 2366 pacto
593 2331 637 2359 his
659 2332 764 2360 similes
784 2340 897 2366 sumus;
927 2333 1050 2361 advertat
1071 2335 1133 2366 iste,

342 2377 416 2412 quod
431 2377 485 2404 etsi
496 2384 591 2404 eorum
601 2384 663 2412 qua
676 2379 909 2410 enumeravimus,
930 2379 1046 2406 diversze
1069 2387 1133 2414 spe-

341 2422 485 2456 ciessint;
519 2427 547 2449 at
579 2423 677 2451 horum
710 2424 833 2451 omnium
863 2432 949 2460 genus
974 2433 1133 2460 supremum

342 2476 445 2505 corpus
461 2472 512 2496 est.
539 2468 699 2496 Substantia
718 2478 835 2506 namque
854 2472 952 2506 partim
979 2472 1134 2506 inaspecta-

342 2515 407 2543 bilis
423 2521 475 2547 est,
507 2520 537 2542 ut
561 2516 738 2550 incorporea;
762 2518 861 2552 partim
891 2519 1079 2552 aspectabilis,
1104 2523 1133 2545 ut

338 2567 454 2595 corpus.
469 2559 561 2587 Prima
586 2561 667 2596 igitur
683 2562 795 2596 partitio
817 2562 909 2588 omnia
928 2563 985 2590 haec
1002 2567 1132 2597 tanquam

341 2613 428 2641 genus
441 2611 550 2642 separat
571 2610 598 2634 et
621 2607 776 2643 distinguit.
803 2607 893 2640 Quare
909 2616 1010 2643 corpus
1031 2616 1132 2644 corpus

343 2651 416 2680 videt
430 2661 437 2685 ;
456 2657 483 2680 et
496 2660 632 2688 quatenus
642 2662 755 2690 corpus.
774 2655 863 2682 simile
877 2659 904 2682 ct
927 2660 1073 2691 cognatum
1090 2660 1133 2683 est

344 2697 437 2726 ridens
454 2699 525 2731 viso.
545 2700 670 2735 quamvis
694 2701 747 2728 sint
770 2700 886 2729 diversa:
909 2702 1006 2729 horum
1026 2703 1132 2737 species

342 2748 453 2779 propter
465 2745 626 2774 varietatem
640 2750 668 2774 et
678 2751 807 2774 ornatum
825 2747 959 2775 universi.

376 2789 531 2819 Ridiculum
544 2793 618 2820 enim
633 2797 717 2826 esset,
732 2794 755 2821 si
772 2793 836 2829 quia
850 2793 900 2821 llas
914 2794 1130 2829 pulcherrimum

375 2847 433 2883 (ίῦ)
447 2847 528 2877 Forte
541 2848 667 2885 δεοίμεθα
683 2849 727 2879 vel
741 2850 826 2886 δεώμ.
843 2850 922 2878 Enn.

1191 1525 1232 1542 σιν
1244 1515 1458 1551 διασεὸλημένην
1469 1524 1476 1530 -
1494 1515 1553 1546 πῶς
1570 1514 1620 1540 οὐκ
1634 1513 1731 1548 ἄλογον
1751 1515 1800 1549 τὴν
1816 1514 1853 1549 μὴ
1864 1514 1983 1549 ἔχουσαν

1190 1563 1219 1588 ἐν
1242 1563 1310 1597 αὐτῇ
1333 1562 1362 1588 τὺ
1388 1561 1498 1593 εἰδέναι,
1515 1561 1556 1587 ὃτι
1578 1560 1636 1587 ἐστι
1658 1560 1786 1594 τάγαθὸν,
1807 1561 1910 1597 ταύτην
1931 1562 1983 1588 καὶ

1191 1608 1254 1634 ἰδεῖν
1263 1608 1420 1643 δυνηθῆναι,
1433 1608 1480 1634 καὶ
1497 1607 1670 1642 Θεασαμένην
1682 1606 1868 1642 ὲπιθυμῆσαις
1886 1608 1982 1642 μεῖζον

1189 1653 1244 1687 γὰρ
1263 1652 1435 1688 ἀσυγκρίτως
1454 1651 1502 1678 τοῦ
1519 1651 1631 1686 γνῶναι,
1646 1652 1688 1677 ὅτι
1707 1651 1765 1678 ἐστι
1782 1652 1814 1677 τὸ
1828 1652 1981 1679 θεάσασθαι

1188 1698 1247 1733 lapsi
1262 1699 1310 1734 τὴν
1322 1698 1425 1725 οὐσίαν.
1449 1698 1554 1724 Αὐτίκα
1575 1698 1624 1733 οὐχ
1644 1699 1725 1734 ἡμεῖς
1741 1698 1831 1733 μόνον,
1850 1698 1918 1725 ἀλλὰ
1930 1700 1982 1726 καὶ

1188 1732 1241 1770 τῶν
1252 1732 1375 1778 ἀγγέλων
1389 1744 1416 1770 αἰ
1434 1743 1628 1778 ἀναϐεϐηκυῖαι
1646 1732 1785 1778 δυτάμεις,
1802 1744 1843 1770 ὅτι
1859 1745 1908 1779 μὲν
1918 1744 1979 1771 ἔστι

1187 1789 1315 1823 τάγαθὸν,
1332 1788 1512 1824 γινώσκομεν,
1529 1790 1562 1824 τῇ
1578 1789 1676 1823 γνώσει
1696 1789 1744 1814 καὶ
1765 1789 1833 1825 μόνῃ
1847 1790 1915 1824 πρὸς
1926 1790 1979 1825 τὴν

1187 1835 1328 1861 εὐσέϐειαν
1349 1833 1520 1869 τρεφόμενοι,
1539 1834 1661 1868 ἀγγέλων
1684 1833 1783 1869 δηλαδὴ
1809 1833 1979 1868 ἀναϐεϐηκό-

1186 1890 1241 1907 των
1255 1881 1326 1908 κατά
1339 1881 1388 1916 τὴν
1408 1881 1518 1915 γνῶσιν,
1540 1880 1602 1906 ὅσον
1617 1880 1663 1906 καὶ
1681 1880 1752 1906 κατὰ
1772 1879 1852 1914 φύσιν
1862 1888 1869 1894 '
1883 1879 1929 1906 τοῦ
1947 1880 1978 1907 δδ

1187 1927 1252 1953 Θεὸν
1269 1927 1330 1953 κατ’
1342 1927 1435 1954 οὐσίαν
1446 1927 1520 1956 ίδείν,
1533 1925 1589 1951 οὗθ’
1602 1927 1668 1960 ἡμῖν
1683 1925 1739 1951 οὗθ’
1754 1925 1870 1957 ἐκείνοις
1883 1925 1974 1961 μετόν·

1186 1974 1253 2000 ὅπου
1267 1974 1332 2008 ἡμῖν
1346 1973 1400 2000 οὐδ’
1419 1973 1549 2007 ἀγγέλους
1566 1973 1673 2003 αὐτοὺς,
1690 1973 1719 1998 ἐν
1730 1972 1786 2007 ὅσῳ
1800 1972 1831 1999 τὸ
1842 1972 1912 1999 κατὰ
1924 1972 1977 2007 90'-

1187 2029 1229 2047 σιν
1241 2019 1420 2056 περικείμεθα
1436 2019 1526 2053 σῶμα,
1544 2018 1656 2053 δυνατρν
1669 2017 1743 2044 ἰδεῖν.

1222 2108 1306 2144 Δῆλον
1322 2109 1377 2144 γὰρ
1394 2109 1440 2136 καὶ
1454 2109 1546 2143 σαφῶς
1558 2107 1781 2143 ὁμολογούμενον,
1796 2106 1833 2138 ὡς
1847 2107 1862 2132 ὁ
1874 2107 1901 2133 τὶ
1916 2106 1975 2141 βλέ-

1186 2164 1256 2187 πων,
1268 2151 1360 2190 ὅμοιον
1372 2155 1460 2190 ἑαυτῷ
1479 2155 1519 2186 ὃν.
1532 2154 1610 2181 τοῦτο
1627 2153 1729 2189 βλέπει.
1742 2154 1774 2180 Εἰ
1786 2153 1815 2179 δέ
1833 2162 1876 2185 τις
1891 2153 1974 2180 ἀπαι-

1184 2202 1286 2234 δεύτως
1307 2202 1412 2237 οἰηθείη
1434 2201 1534 2237 σαθρὸν
1546 2200 1617 2227 εἶναι
1641 2200 1672 2226 τὸ
1695 2199 1777 2236 ῥηθὲν
1791 2199 1974 2235 (ὲμὸλέπομεν

1184 2249 1238 2285 γὰρ
1253 2249 1327 2283 ἥλιον
1340 2248 1387 2275 καὶ
1403 2247 1518 2282 σελήνην
1530 2242 1576 2273 καλ
1586 2246 1712 2282 ἀστέρας,
1725 2246 1765 2272 ἔτι
1781 2245 1834 2281 μὴν
1847 2245 1890 2279 ὑφ’
1902 2245 1973 2280 ἡμᾶς

1185 2295 1283 2325 λίθους,
1300 2294 1398 2329 χρυσόν
1417 2302 1445 2319 τε
1464 2294 1509 2319 καὶ
1529 2293 1657 2328 ἄργυρον,
1675 2293 1722 2318 καὶ
1741 2291 1857 2323 συνόλως
1874 2293 1923 2326 τήν
1942 2299 1972 2317 τε

1186 2340 1323 2366 θάλασσαν
1340 2340 1385 2365 καὶ
1401 2340 1433 2365 τὰ
1452 2339 1509 2370 ζῶα
1529 2339 1683 2373 σύμπαντα,
1702 2338 1749 2363 καὶ
1763 2338 1793 2363 οὐ
1809 2337 1894 2372 δήπου
1910 2336 1971 2363 τού-

1184 2395 1238 2416 τοις
1256 2386 1342 2419 ὅμοιοί
1360 2384 1463 2419 ἐσμεν),
1485 2384 1651 2418 μανῦανέτω,
1673 2383 1721 2414 ὡς,
1742 2384 1765 2408 εἰ
1789 2383 1836 2409 καὶ
1860 2383 1974 2418 διάφορα

1184 2431 1216 2456 τὰ
1232 2431 1289 2464 εἴδη
1307 2430 1360 2455 τῶν
1374 2429 1632 2464 κατηριθμημένων,
1648 2428 1716 2454 ἀλλά
1727 2436 1758 2461 γε
1775 2427 1876 2454 τούτων
1890 2427 1973 2453 ἁπάν-

1184 2484 1236 2500 των
1252 2475 1419 2509 ἁναὸεὸηκὺς
1432 2475 1509 2507 γένος
1522 2474 1551 2499 τὺ
1572 2474 1650 2508 σῶμα
1664 2482 1669 2487 ·
1693 2473 1745 2507 τῆς-
1759 2474 1814 2507 γὰρ
1833 2472 1926 2502 οὐσίας
1943 2473 1973 2497 τὸ

1185 2523 1233 2555 μὲν
1251 2522 1377 2555 ἀόρατον,
1396 2521 1432 2551 ὡς
1448 2520 1604 2554 ἀσώματον,
1621 2520 1652 2545 τὸ
1667 2520 1693 2546 δὲ
1714 2520 1822 2555 ὁρατὸν,
1834 2519 1871 2551 ὠς
1883 2519 1972 2554 σῶμα.

1190 2568 1220 2593 'il
1240 2568 1329 2593 τοίνυν
1360 2566 1453 2602 πρώτη
1477 2567 1546 2601 τομὴ
1573 2566 1661 2592 πάντα
1686 2566 1772 2592 ταῦτα
1796 2566 1833 2597 ὡς
1850 2566 1883 2592 ἃν
1897 2565 1972 2599 γένος

1183 2614 1324 2648 ἀφορίζει·
1355 2613 1431 2648 σῶμα
1450 2614 1548 2644 τοίνυν,
1577 2613 1657 2647 σῶμα
1686 2613 1798 2647 βλέπει·
1831 2612 1878 2638 καὶ
1907 2611 1973 2637 καὺὺ

1184 2660 1272 2694 σῶμα,
1288 2661 1379 2694 ὅμοιον
1397 2660 1442 2685 καὶ
1458 2660 1587 2693 συγγενὲς
1598 2659 1627 2685 τὸ
1644 2659 1714 2693 ὀρῶν
1735 2658 1774 2692 τῷ
1794 2657 1935 2693 ὁρωμένῳ,
1947 2656 1972 2682 εἰ

1183 2704 1228 2729 καὶ
1248 2704 1361 2738 διάφορα
1379 2704 1479 2729 τούτων
1500 2703 1533 2729 τὰ
1550 2704 1607 2738 εἴδη
1620 2703 1664 2730 διὰ
1679 2703 1710 2729 τὸ
1727 2702 1847 2729 ποικίλον
1865 2702 1911 2730 καὶ
1928 2701 1972 2727 κό-

1184 2758 1261 2784 σμιον
1280 2750 1317 2783 τῷ
1334 2750 1423 2776 παντί.

1226 2796 1301 2821 Ἐπεί
1312 2804 1351 2821 τοι
1364 2795 1449 2829 γέλως
1464 2796 1496 2823 ἂν
1512 2796 1554 2831 εἴη
1568 2795 1668 2832 χρυσοῦ
1684 2804 1714 2823 τε
1727 2795 1760 2822 τὸ
1769 2793 1860 2827 ἄνθος.
1877 2794 1972 2827 ιπιωῖ
