2144 3164
336 139 406 169 1099
896 137 966 167 τιτι
983 136 1182 167 BOSTRENSI!

1097 136 1198 167 ENSIS
1216 130 1370 166 emacem
1873 140 1942 170 μοι

336 198 403 227 illud
418 197 520 225 nudum
542 195 576 224 ad
602 197 795 224 contumeliam
819 200 846 224 et
858 195 998 224 interitum
1025 194 1112 229 ipsius
1126 198 1149 225 Α
1164 203 1182 230 μ

1100 202 1112 222 Β
1126 198 1149 225 Α
1164 194 1227 230 μνὺν
1242 194 1397 229 προσήκατο
1404 193 1443 224 ei;
1453 192 1531 227 ὕϐριν
1541 192 1669 229 χαλεπὴν,
1686 192 1732 219 καὶ
1738 192 1884 229 διαφθορὰν
1894 196 1946 223 cf».

332 243 502 275 substantia,
521 245 561 268 tot
585 241 693 269 mulis
719 248 861 269 sessurum
877 243 905 268 et
927 239 1110 266 babitaturum

332 290 415 318 simul
434 296 496 317 cum
515 288 647 323 nequitia,
663 291 691 315 et
703 287 842 322 particeps
856 286 916 321 ejus
929 285 1063 319 futurum.
1080 292 1112 312 ac

332 343 395 364 eum
406 343 437 363 ea
452 334 554 371 pariter
565 337 750 369 peccaturum.
762 331 841 365 Quod
853 330 962 367 quidem
976 330 1017 357 vel
1031 337 1112 357 unam

332 382 427 410 lioram
442 385 489 408 aut
499 384 629 416 punctum
645 378 777 414 temporis
792 376 974 406 substantiam
989 375 1036 403 Dei
1048 382 1110 410 pas-

331 436 391 457 sam
415 435 488 460 esse,
512 432 544 454 ut
564 425 691 461 nequitia:
716 424 840 459 subjecta
861 426 945 455 esset,
963 426 991 449 et
1011 423 1113 457 pariter

331 481 394 502 cum
421 481 454 502 ea
477 472 646 508 deliquisset,
677 478 785 498 omnem
814 469 960 497 amentiam
989 471 1110 502 superat.

330 520 439 554 Quanto
463 519 560 547 melius
583 521 642 545 erat
658 516 788 544 traditam
812 523 875 544 esse
893 518 1007 546 terram,
1031 519 1111 548 quam

330 565 512 594 substantiam
528 564 574 592 Dei
589 563 815 598 comprehensam
828 560 907 589 esse?
927 559 956 587 Si
969 559 1042 587 enim
1056 565 1111 585 non

330 610 430 638 fuisset
446 608 557 637 ferenda
573 607 694 635 incursio
708 606 736 633 in
750 610 864 637 terram,
883 607 914 631 ut
935 603 1049 630 materia
1067 610 1112 628 or-

331 655 423 682 dinem
448 654 639 690 perturbaret,
670 655 773 686 quanto
795 650 887 677 minus
916 648 1026 676 ferenda
1054 650 1112 674 erat

332 704 406 726 tanta
432 698 563 731 servitus,
578 702 605 724 et
627 700 732 724 natura
744 694 844 722 divinat
868 693 1014 728 subiectio,
1032 692 1112 727 idque

331 753 388 773 non
401 744 436 772 ad
452 744 644 772 brevissimum
659 747 778 777 tempus,
796 740 845 769 sed
861 739 896 767 ad
911 739 1071 767 universum
1085 741 1112 765 et

331 791 495 818 immensum
517 788 666 816 πριιιυωῖ
692 791 722 814 ut
744 794 834 821 neque
855 784 977 820 nequitia
999 790 1113 819 peccare

330 836 485 867 desisteret,
510 838 537 862 et
554 834 625 862 Deus
642 840 704 861 cum
732 840 764 860 ea
775 839 825 867 per
842 833 1005 867 potestatem
1026 836 1060 856 ex
1083 835 1112 856 se

330 881 448 916 genitam
464 884 599 914 peccaret.

367 925 444 953 Unde
458 932 630 959 consequens
644 927 697 956 est,
714 930 803 958 neque
818 924 900 949 deum
913 921 1034 948 voluisse
1048 920 1112 947 mit-

330 975 387 998 tere
405 970 533 1005 nequitia:
551 977 585 997 ex
607 969 761 997 substantia
784 975 834 996 sua
850 967 969 1002 genitum
998 966 1032 993 ad
1047 973 1105 1000 pec-

330 1015 447 1044 candum
461 1024 522 1043 eum
533 1023 564 1043 ea
581 1025 587 1042 ε
604 1022 654 1042 nec
667 1013 734 1042 illud
746 1014 859 1041 missum
875 1012 1015 1039 inductum
1027 1010 1112 1038 fuisse

329 1066 357 1090 et
370 1062 584 1096 obtemperasse,
600 1064 631 1086 ut
642 1059 676 1087 ad
690 1063 796 1085 tantum
811 1057 913 1084 malum
925 1060 952 1084 et
967 1056 1038 1083 luem
1049 1062 1111 1090 pro-

330 1108 520 1139 ﬁcisceretur;
538 1111 568 1134 ut
586 1106 746 1140 impleretur
759 1103 864 1131 scilicet
874 1103 949 1130 omni
967 1102 1111 1137 iniquitate

330 1159 357 1182 et
372 1154 517 1189 iniustitia,
534 1151 615 1180 simul
629 1155 656 1179 et
672 1151 824 1186 impietate,
839 1148 924 1184 idque
940 1155 990 1183 pro
1002 1152 1111 1175 terrena

330 1198 490 1226 liberatione
503 1201 584 1225 terrae
599 1204 651 1223 non
665 1196 721 1230 jam
739 1200 805 1222 tunc
825 1197 923 1228 captae,
940 1192 988 1220 sed
1003 1192 1112 1227 capien-

329 1244 381 1275 da,
397 1249 526 1278 tanquam
547 1249 600 1268 non
616 1240 751 1275 potuisset
765 1238 838 1267 Deus
854 1238 934 1266 aliter
948 1237 1013 1265 huic
1030 1240 1111 1265 terra:

330 1297 458 1326 praeesse.
485 1287 553 1315 Vide
578 1294 660 1322 quam
688 1286 768 1321 plane
794 1284 932 1311 inﬁmum
963 1283 1111 1311 mentiatur

332 1337 418 1363 Deum
432 1333 598 1361 Manichacus
613 1332 641 1359 in
657 1331 742 1358 Deum
754 1330 858 1363 furens,
872 1334 1001 1364 tanquam
1014 1328 1110 1355 del’en-

330 1388 377 1409 sor
390 1380 595 1416 possessionum
613 1376 730 1413 alicujus
743 1376 851 1412 pupilli,
862 1379 889 1403 et
904 1376 983 1410 cujus
997 1375 1110 1402 inﬁmi-

330 1431 413 1454 tatem
434 1425 619 1454 necessarium
639 1427 682 1451 est
697 1421 834 1453 conﬁteri,
847 1426 876 1449 ut
892 1427 984 1457 partes
1002 1421 1110 1456 patroni

330 1473 449 1508 impleat.
466 1471 502 1499 Ut
518 1471 590 1499 enim
606 1473 703 1497 contra
720 1468 871 1496 defendens
892 1466 1041 1508 nequitiam
1063 1474 1110 1493 ne-

329 1505 465 1554 quaquam
481 1525 530 1552 per
550 1523 579 1544 se
597 1514 804 1545 consistentem.
829 1513 920 1540 omnia
935 1505 1044 1547 quidem
1069 1512 1109 1538 I'e-

328 1564 402 1592 cisse
416 1566 513 1591 contra
530 1561 613 1589 Deum
626 1563 730 1591 narrat,
748 1559 922 1589 seditionem,
938 1558 1068 1592 impetum
1083 1557 1110 1584 in
1125 1557 1129 1573 ῖ

328 1617 375 1643 res
391 1608 461 1644 ejus,
478 1611 626 1642 pestremo,
640 1604 714 1640 quod
731 1608 773 1632 est
793 1604 915 1630 omnium
931 1602 1111 1637 ﬂagitiosissi-

330 1662 416 1686 mum,
441 1653 593 1681 obtinuisse
618 1651 692 1679 omni
711 1650 813 1678 saeculo
832 1649 1014 1677 substantiam
1040 1648 1110 1682 ejus,

329 1706 444 1734 eamque
462 1698 489 1725 in
509 1697 627 1724 inlinitas
643 1700 734 1732 partes
748 1695 886 1726 divisisse,
905 1693 1066 1729 pmioeare,
1083 1697 1111 1720 et

329 1747 359 1773 in
385 1753 414 1773 se
434 1745 493 1780 ipsa
518 1743 677 1778 reprimere,
702 1742 858 1776 habereque
876 1748 936 1768 eam
956 1740 1058 1767 sociam
1082 1739 1109 1765 in

330 1790 404 1818 omni
416 1796 497 1825 prava
511 1788 618 1815 actione
632 1791 659 1814 et
680 1785 904 1821 intemperantia;
922 1784 1005 1811 Deum
1019 1788 1110 1810 autem

329 1844 387 1864 non
401 1836 523 1871 potuisse
536 1834 627 1861 iocum
642 1840 722 1860 suum
735 1833 790 1860 ullo
804 1832 858 1858 alio
872 1831 953 1858 modo
968 1837 1056 1865 neque
1067 1837 1110 1856 va-

329 1883 418 1910 lenter
431 1881 548 1916 eripere,
560 1887 648 1915 neque
659 1880 754 1906 saltem
766 1885 863 1905 vacare
874 1884 889 1903 a
900 1880 1022 1911 peccato,
1037 1876 1109 1910 quod

328 1931 455 1955 naturam
475 1927 535 1961 ejus
546 1925 671 1953 decebat.

364 2016 429 2049 Qua:
451 2014 523 2042 enim
540 2013 567 2041 id
582 2012 654 2047 quod
677 2019 708 2039 ex
727 2012 786 2046 ipso
812 2009 962 2038 secundum
980 2010 1109 2036 substan-

328 2061 394 2088 tiam
423 2060 543 2094 genitum
569 2062 621 2088 est,
648 2059 750 2091 pariter
773 2063 835 2082 cum
865 2054 977 2082 materia
1002 2057 1108 2088 peccat,

328 2106 409 2141 plane
430 2104 458 2131 in
478 2110 539 2130 eum
554 2102 600 2137 qui
616 2100 720 2136 genuit,
741 2099 905 2127 redundant.
932 2097 978 2125 Sic
999 2098 1108 2124 demum

326 2157 435 2178 omnem
453 2148 600 2183 potentiam
617 2146 644 2173 in
659 2145 742 2172 Deum
758 2144 914 2172 testimonio
936 2150 988 2171 suo
1014 2142 1109 2169 tribuit

1160 239 1211 275 τῆς
1227 247 1258 273 γε
1267 239 1318 274 τῆς
1324 239 1427 272 οὐσίας,
1435 238 1559 265 τοσοῦτον
1571 238 1657 266 αίῶνα
1666 237 1846 274 καθεζόμενον
1861 240 1944 276 κακία

1162 285 1328 320 συνοικῆων,
1347 285 1394 311 καὶ
1411 284 1521 320 μεθέξον
1549 284 1644 320 αὐτῆς,
1672 284 1721 311 καὶ
1739 285 1944 320 συναμαρτῆσον

1162 331 1229 366 αὐτῇ
1239 340 1245 346 -
1259 331 1327 366 ὅπερ
1339 330 1403 366 μίαν
1415 330 1479 364 γοῦν
1495 330 1569 366 ὥραν
1580 330 1597 366 ἢ
1609 330 1705 366 χρόνου
1720 330 1837 366 στιγμὴν
1850 331 1945 359 παθεῖν

1160 376 1210 411 τὴν
1231 376 1326 403 οὐσίαν
1347 376 1394 403 τοῦ
1419 375 1501 408 Θεοῦ,
1523 375 1560 408 ὡς
1582 376 1748 412 ὑποταγῆναι
1778 375 1871 412 κακίᾳ.
1898 377 1945 403 καὶ

1161 421 1245 457 ταύτῃ
1256 417 1473 458 συναμαρτῆσαι,
1483 421 1531 448 καὶ
1546 421 1652 448 πάντων
1664 421 1833 458 ἀλογώτερον
1842 421 1876 448 ἀν
1889 422 1943 457 τίη.

1161 467 1216 494 Καὶ
1231 467 1306 502 πόσῳ
1330 467 1362 502 δὴ
1379 467 1481 502 βέλτιον
1501 464 1535 502 ἧν
1560 468 1612 502 γῆν
1633 467 1828 503 παραδοθῆναι,
1844 467 1891 495 καὶ
1906 468 1945 503 μὴ

1160 513 1210 550 τὴν
1234 513 1327 539 οὐσίαν
1350 512 1398 539 τοῦ
1420 511 1488 542 Θεοῦ
1514 512 1737 548 καταληφθῆναις
1762 513 1793 540 Ei
1818 513 1872 549 γὰρ
1895 513 1946 541 οὐκ

1162 560 1259 595 ἀνεκτὴ
1279 559 1346 595 πρὸς
1362 558 1474 591 ἀταξίαν
1496 558 1546 594 τῆς
1566 558 1632 594 ὕλης
1653 560 1671 595 ἠ
1684 560 1754 587 κατὰ
1772 561 1825 596 τῆς
1840 559 1946 595 ἔφοδος.

1162 605 1236 640 πόσῳ
1254 605 1351 640 μᾶλλον
1369 604 1505 640 ἀφόρητος
1527 605 1544 640 ἡ
1561 604 1679 640 τοσαύτη
1695 605 1801 633 δουλεία
1817 606 1864 633 καὶ
1878 606 1946 633 ὑπο-

1161 650 1231 685 ταγὴ
1242 650 1291 685 τῆς
1304 649 1350 677 τοῦ
1362 649 1429 676 Θεοῦ
1442 650 1558 684 φύσεως,
1574 650 1622 676 καὶ
1636 651 1666 677 οὗ
1684 651 1751 686 πρὸς
1763 652 1793 678 τὸ
1807 652 1945 689 βραχύτα-

1161 704 1216 728 τον,
1231 695 1298 723 ἀλλὰ
1311 696 1378 732 πρὸς
1391 696 1450 723 ὅλον
1465 697 1511 723 καὶ
1523 697 1637 725 ἄπλετον
1651 697 1756 730 αίῶνας
1771 698 1810 730 ὡς
1830 699 1879 733 τὴν
1894 699 1946 734 μιν

1161 741 1258 768 κακίαν
1273 742 1339 777 (10⁸)
1352 742 1400 769 τοῦ
1426 743 1558 779 ἁμαρτεῖν
1576 742 1613 779 μὴ
1629 742 1800 777 πεπαῦσθαι,
1827 744 1894 771 Θεὸν
1915 744 1947 773 ἃ

1162 787 1377 823 συναμαρτάνειν
1391 788 1470 821 αὑτῇ,
1488 788 1532 816 διὰ
1546 788 1596 824 τῆς
1616 788 1646 821 ἐξ
1659 788 1741 816 αὐτοῦ
1756 789 1946 826 προϐεϐλημέ-

1162 841 1210 868 νης
1225 832 1372 868 δυνάμεως.
1629 850 1632 853 .

1197 919 1276 946 Ὅθεν
1300 921 1382 953 εἰκὸς,
1397 920 1458 948 οὐδὲ
1475 921 1540 948 Θεὸν
1561 922 1629 958 πρὸς
1650 923 1681 950 τὺ
1700 923 1949 960 συνεξαμαρτάνειν

1160 965 1285 1000 ἐθελῆσαι
1302 966 1406 1002 πέμψαι
1425 968 1458 1003 τῇ
1475 968 1559 1004 κακίᾳ
1576 969 1606 995 τὺ
1630 970 1663 997 ὲκ
1685 970 1735 1006 τῆς
1751 971 1845 1003 οὐσίας
1860 971 1946 1001 αὐτοῦ

1160 1011 1390 1047 πρώεὸλημένον,
1418 1012 1475 1040 οὒτ’
1495 1015 1583 1041 ἐκεῖνο
1602 1016 1749 1051 πεισθῆναί
1772 1025 1812 1050 τε,
1830 1017 1876 1044 καὶ
1894 1018 1947 1044 ὕπ-

1160 1055 1272 1083 ακοῦσαι
1285 1056 1352 1092 πρὸς
1363 1057 1486 1089 τοσοῦτον
1503 1058 1612 1095 ὄλεθρον
1629 1061 1784 1095 ἀφικέσθαι,
1806 1062 1875 1089 ὥστε
1890 1063 1948 1090 πάρ

1161 1109 1210 1137 σης
1224 1102 1338 1136 ἀνομίας
1350 1111 1380 1128 τε
1397 1103 1443 1130 καὶ
1457 1103 1573 1136 ἀδικίας,
1587 1105 1644 1141 ἃμα
1663 1106 1710 1133 καὶ
1722 1106 1880 1140 δυσσεϐείας
1895 1109 1947 1144 ἐμ-

1160 1146 1312 1182 πλησθῆναι
1333 1148 1403 1183 ὑπὲρ
1428 1148 1475 1175 τοῦ
1499 1150 1603 1185 γητνου,
1626 1147 1689 1187 τὴν“
1700 1152 1751 1188 ῆδη
1777 1152 1947 1188 ληφθεῖσαν,

1159 1192 1226 1219 ἀλλὰ
1234 1192 1282 1228 τὴν
1297 1193 1549 1229 καταλαμϐάνεσθαι
1560 1196 1707 1231 μέλλουσαν
1720 1198 1947 1234 ὲλευθερωθῆναι,

1159 1237 1196 1269 ὡς
1204 1238 1253 1272 οὐχ
1266 1235 1322 1265 οἷόν
1332 1247 1362 1265 τε
1378 1239 1408 1265 δν
1421 1240 1519 1276 ἑτέρως
1534 1241 1634 1277 ταύτης
1648 1242 1695 1269 τὸν
1706 1243 1771 1269 Θεὸν
1782 1245 1946 1280 προστῆναι.

1182 1284 1230 1318 )ρα
1243 1283 1308 1318 ὅσην
1320 1284 1468 1319 ἀδυναμίαν
1494 1286 1689 1321 καταψεύδεται
1708 1288 1754 1315 τοῦ
1768 1288 1835 1315 Θεοῦ
1851 1289 1948 1324 σαφῶς

1159 1329 1174 1355 ὸ
1189 1329 1257 1355 κατὰ
1273 1329 1320 1355 τοῦ
1336 1329 1402 1356 Θεοῦ
1422 1331 1532 1366 μανείς·
1550 1331 1644 1368 ὥσπερ
1666 1333 1812 1370 κτημάτων
1824 1335 1947 1370 ὀρφανοῦ

1160 1383 1231 1406 τινος
1240 1375 1447 1411 προϊστάμενος,
1458 1375 1488 1404 οὗ
1502 1378 1551 1413 τὴν
1561 1367 1701 1405 ἀσθένειαν
1711 1367 1870 1415 νέτυάναγκες
1880 1382 1949 1417 δμο-

1161 1420 1283 1456 λογῆσαι,
1296 1421 1339 1447 ἴνα
1356 1422 1389 1448 τὰ
1411 1423 1459 1457 τῆς
1476 1423 1637 1459 συνηγορίας
1658 1424 1804 1461 πληρωθῇ·
1828 1426 1867 1459 ὡς
1888 1427 1949 1463 γὰρ

1161 1467 1323 1498 τούναντίον,
1340 1467 1390 1502 τὴν
1412 1467 1537 1503 οὐδαμῶς
1559 1469 1740 1504 ὐφεο-τηκυίαν
1763 1471 1860 1498 κακίαν
1877 1480 1948 1507 πρε-

1163 1511 1275 1543 σϐεύων,
1302 1513 1390 1539 πάντα
1417 1514 1467 1548 μὲν
1492 1514 1576 1550 αὐτὴν
1603 1515 1672 1542 κατὰ
1690 1515 1758 1542 θεοῦ
1774 1516 1945 1552 δεδρακέναι,

1161 1555 1234 1589 λέγει
1255 1557 1455 1592 ὲπαναοτῆναι,
1481 1558 1605 1593 ἐπιϐῆναι
1626 1561 1682 1591 τοῖς
1708 1560 1789 1587 αὑτοῦ
1813 1561 1944 1597 θελῆσαι·

1160 1600 1245 1633 τέλος,
1274 1601 1304 1627 τὸ
1325 1602 1433 1628 πάντων
1452 1602 1522 1629 κατὰ
1541 1603 1607 1629 Θεοῦ
1625 1605 1821 1640 χαλεπώτερον,
1835 1606 1885 1641 τῆς
1901 1608 1949 1634 οὐ.

1161 1645 1220 1677 σίας
1233 1646 1315 1672 αὑτοῦ
1332 1648 1453 1682 ἐγκρατῆ
1472 1647 1614 1682 σύμπαντα
1632 1650 1678 1676 τὸν
1699 1651 1783 1677 αἰῶνα
1806 1652 1944 1686 γενέσθαι,

1160 1692 1205 1718 καὶ
1219 1694 1381 1727 κατατεμεῖν
1395 1693 1506 1728 ταύτην,
1519 1693 1557 1725 ὡς
1570 1695 1620 1721 οὐκ
1633 1695 1777 1730 ἐνδέχεται,
1789 1698 1828 1728 είς
1841 1697 1946 1734 ἄπειρα.

1158 1737 1299 1771 τμήματα,
1317 1738 1475 1772 ἀποπνίγειν
1502 1747 1531 1765 τε
1557 1740 1603 1766 καὶ
1625 1741 1779 1768 ἀποθλίϐειν
1799 1743 1828 1769 ὲν
1846 1744 1943 1779 ἑαυτῇ,

1159 1783 1206 1809 καὶ
1220 1783 1389 1818 συμμέτοχον
1414 1784 1512 1820 ἑαυτῆς
1535 1785 1564 1811 ὲν
1589 1785 1664 1822 πάσῃ
1693 1788 1866 1824 κακοπραγίᾳ
1894 1790 1946 1816 καὶ

1159 1829 1290 1865 ἀκολασίᾳ
1312 1829 1397 1864 ἔχειν·
1420 1829 1486 1857 Θεὸν
1510 1830 1538 1857 δὲ
1559 1831 1596 1866 μὴ
1619 1831 1762 1867 δυνηθῆναι
1800 1834 1868 1868 μήτε
1895 1834 1945 1860 τὸν

1159 1875 1224 1901 ἴδιον
1246 1875 1327 1902 τόπον
1351 1876 1443 1911 ἔτερόν
1462 1885 1522 1902 τινα
1542 1877 1642 1912 τρόπον
1667 1878 1835 1913 δραστηρίως
1855 1879 1945 1912 ἐξελέ-

1160 1920 1232 1951 σθαι,
1249 1920 1317 1955 μήτε
1334 1920 1363 1946 τὸ
1380 1921 1568 1957 ἀναμάρπιτον
1588 1921 1652 1955 γοῦν
1676 1922 1764 1957 ἐαυτῷ
1783 1924 1944 1959 πρεπόντως

1159 1966 1191 1999 τῇ
1212 1964 1290 1999 φύσει
1306 1965 1431 2000 τηρῆσαι,

1197 2010 1228 2036 ’Δ
1246 2010 1300 2046 γὰρ
1323 2010 1354 2036 τὸ
1375 2010 1404 2043 ἐξ
1425 2011 1506 2037 αὑτοῦ
1534 2011 1751 2047 προϐεϐλημένον
1769 2013 1829 2039 κατ’
1848 2014 1942 2041 οὐσίαν

1159 2056 1191 2090 τῇ
1208 2055 1256 2090 ὕλῃ
1272 2055 1422 2087 συναδικεῇ
1445 2056 1573 2091 ἄντικρυς
1590 2058 1629 2088 είς
1643 2057 1723 2083 αὐτὸν
1742 2058 1882 2094 ἀνατρέχει
1894 2060 1941 2086 τὸν

1159 2099 1386 2135 προϐεϐλημένον.
1415 2099 1493 2127 Οὕτω
1511 2100 1544 2135 δὴ
1568 2101 1657 2128 πᾶσαν
1682 2101 1839 2129 δυναστείαν
1869 2104 1942 2130 κατὰ

1159 2145 1225 2172 Θεοῦ
1239 2147 1271 2181 τῇ
1291 2146 1373 2181 κακία
1397 2147 1623 2182 προσμαρτυρῶν,
1642 2147 1708 2175 θεὸν
1730 2148 1758 2174 δὲ
1778 2149 1813 2176 τὰ
1833 2149 1941 2176 πάντων

327 2196 468 2231 nequitize;
493 2193 576 2221 Deum
594 2199 659 2219 vero
681 2191 746 2217 dicit
768 2197 878 2225 passum
901 2196 963 2216 esse
984 2188 1106 2215 onmium
1123 2198 1145 2225 ο
1159 2191 1173 2217 ἀ

1094 2195 1106 2213 n
1123 2198 1145 2225 ι)
1159 2191 1293 2226 ἀνήκεστα
1309 2192 1375 2226 πρὸς
1394 2192 1477 2226 αὐτῆς
1495 2193 1656 2219 πεπονθέναι
1666 2193 1750 2227 λέγει,
1767 2195 1812 2221 καὶ
1834 2195 1940 2230 τολμῶν

327 2241 473 2269 durissima
486 2247 492 2266 :
505 2243 532 2266 et
546 2237 627 2265 audet
638 2237 815 2271 subjungcrc,
829 2234 902 2269 quod
920 2238 1042 2269 potestas
1059 2232 1107 2260 Dei

327 2287 411 2314 missa
426 2285 525 2320 sopivit
540 2283 681 2311 materiam
695 2286 824 2316 tanquam
838 2281 956 2308 belluam
967 2280 1106 2310 cantione,

327 2338 382 2357 non
406 2330 493 2356 solum
508 2335 613 2356 summe
634 2327 782 2359 contraria,
806 2333 932 2353 sermone
957 2324 1031 2351 omni
1048 2327 1108 2358 pt‘o-

327 2375 465 2403 babilitate
481 2378 592 2401 carcnte
609 2373 739 2405 miscens,
756 2377 783 2399 et
795 2380 855 2407 qum
867 2372 942 2398 nullo
952 2374 1033 2406 pacto
1046 2377 1107 2397 esse

327 2425 452 2457 possunt,
466 2420 614 2448 secundum
623 2423 747 2446 naturam
753 2421 907 2445 commento
918 2424 967 2444 suo
978 2417 1107 2451 largiens,

327 2467 374 2495 sed
392 2470 486 2492 contra
503 2472 584 2499 quam
602 2464 659 2491 vult
673 2464 716 2491 hic
730 2464 812 2490 etiam
826 2463 973 2490 conﬁciens
989 2467 1017 2489 et
1039 2469 1106 2489 con-

326 2510 439 2538 cludens
452 2519 458 2536 :
473 2517 504 2537 ex
523 2509 644 2544 utrisque
660 2508 732 2535 enim
752 2508 791 2534 ait
806 2507 878 2533 hunc
892 2506 976 2534 Deum
994 2507 1106 2533 univer-

326 2564 388 2584 sum
409 2556 460 2583 hoc
484 2555 644 2582 fabricatum
669 2561 740 2581 esse.
768 2553 874 2588 Corpus
898 2561 964 2580 vero
988 2553 1105 2580 hominis

325 2610 387 2630 esse
404 2601 513 2636 quidem
525 2601 664 2636 nequitiae;
682 2599 802 2626 animam
817 2605 881 2632 vero
897 2597 954 2629 Dei,
972 2598 1029 2626 sive
1045 2605 1108 2624 cum

326 2649 382 2676 sint
405 2649 486 2675 unius
512 2646 613 2678 format,
646 2647 704 2674 sive
731 2653 795 2672 eum
819 2645 875 2679 jam
902 2652 936 2672 ex
960 2645 1106 2672 contrariis
1157 2645 1208 2669 τῶν

326 2695 494 2729 composita;
509 2700 623 2728 quorum
647 2696 786 2722 neutrum,
810 2694 840 2717 ut
856 2690 937 2725 paulo
952 2695 1011 2725 post
1026 2691 1109 2717 doce-

326 2739 434 2770 bimus.
456 2738 606 2766 consistere
631 2741 730 2772 potest.
767 2736 876 2771 Corpus
904 2740 995 2763 tamen
1018 2736 1105 2763 solum

1160 2237 1266 2270 ἐπάγει,
1281 2237 1321 2262 ὅτι
1335 2236 1366 2272 δὴ
1379 2237 1561 2272 κατεκοίμησε
1581 2238 1629 2273 τὴν
1644 2238 1709 2274 ὕλην
1723 2241 1740 2274 ἡ
1759 2241 1940 2268 ama-4,133;

1161 2282 1205 2307 τοῦ
1228 2282 1292 2307 ί-1;οὖ
1319 2283 1440 2316 δύναμις,
1460 2283 1497 2312 ὡς
1517 2283 1546 2308 τὸ
1570 2283 1661 2319 Θηρίων
1684 2286 1785 2320 ἐπῳδῇ,
1809 2287 1838 2312 οὺ
1861 2287 1940 2321 μόνον

1160 2328 1296 2358 ἀπιθάνως
1311 2328 1342 2353 τὰ
1356 2328 1445 2362 ἄκρως
1460 2329 1565 2355 ἐναντία
1583 2330 1620 2364 τῷ
1637 2330 1707 2364 λόγῳ
1721 2331 1831 2366 κιρνῶν,
1848 2332 1894 2357 καὶ
1906 2334 1939 2358 τὰ

1162 2374 1290 2408 μηδαμῶς
1307 2374 1374 2399 κατὰ
1395 2374 1473 2406 φύσιν
1493 2374 1651 2409 ἐνδεχόμενα
1668 2376 1709 2410 τῷ
1727 2376 1784 2410 ἰδίῳ
1802 2376 1938 2411 πλάσματι

1162 2420 1344 2453 χαριζόμενος,
1368 2419 1433 2444 ἀ).λά
1458 2420 1502 2445 καὶ
1527 2421 1676 2447 τούναντίον
1707 2422 1722 2456 ἢ
1744 2422 1877 2456 βούλεται,
1894 2423 1940 2449 καὶ

1161 2464 1273 2489 ἐνταῦοα
1288 2464 1507 2495 κατασκευάζων-
1528 2464 1555 2496 ἐΞ
1573 2466 1671 2500 ἀμφοῖν
1696 2467 1745 2500 μὲν
1764 2467 1817 2501 γὰρ
1837 2467 1939 2493 τούτοιν

1162 2511 1225 2543 φησὶ
1241 2510 1303 2534 Θεὸν
1318 2510 1515 2543 anulo-apyron
1527 2510 1584 2536 τόδε
1598 2511 1626 2536 τὸ
1639 2513 1706 2538 πᾶν·
1731 2511 1778 2537 τοῦ
1797 2512 1823 2538 δὲ
1841 2512 1941 2548 ἀνθρώ

1162 2563 1209 2579 που
1224 2552 1289 2579 εἶναι
1304 2554 1350 2587 μὲν
1367 2554 1395 2578 τὸ
1412 2554 1490 2588 ςῶμα
1502 2556 1549 2588 τῆς
1562 2555 1672 2586 auxia;
1687 2553 1756 2581 εἶναι
1777 2556 1804 2582 δὲ
1824 2555 1874 2591 τὴν
1890 2556 1940 2589 ψυ-

1158 2600 1205 2633 χὴν
1223 2599 1268 2624 τοῦ
1289 2599 1400 2631 ἀγαθοῦ,
1419 2600 1470 2625 εἴτε
1489 2600 1620 2635 μονοειδῆ,
1637 2602 1688 2627 εἴτε
1713 2601 1894 2636 συγκειμένην
1909 2602 1940 2627 ὲκ

1179 2645 1208 2669 ὒν
1225 2646 1366 2670 Evr/rion"
1390 2647 1435 2671 καὶ
1449 2647 1541 2682 ταύτῃ.
1559 2646 1595 2678 ὡς
1609 2647 1736 2681 ἑκάτερον
1750 2647 1846 2682 μικρὸν
1863 2646 1940 2672 ὕστε-

1159 2700 1201 2725 ρον
1221 2692 1351 2725 fligi/gn.
1370 2692 1497 2718 σύστασιν
1516 2692 1575 2717 οὐδὲ
1590 2692 1653 2727 μίαν
1669 2692 1737 2727 ἔχον.
1754 2692 1836 2727 Σῶμα
1850 2691 1940 2726 μέντοι

1157 2738 1214 2762 καθ’
1234 2738 1311 2762 ἑαυτέ
1326 2738 1399 2763 οὐδὲν
1421 2738 1473 2764 τῶν
1494 2738 1586 2765 κακῶν
1603 2738 1656 2764 οὐδ’
1671 2739 1781 2772 ἐπινοεῖ,
1795 2737 1856 2765 οὔτε
1872 2736 1938 2773 δρᾷ

363 2816 426 2853 μιν)
446 2815 570 2844 Κακίαν.
592 2814 743 2842 Nmuitiam
763 2818 842 2842 vocat
865 2823 973 2850 semper
999 2815 1128 2842 Satanam
1150 2821 1209 2842 auct

511 2815 570 2843 lar.
592 2814 743 2842 Nmuitiam
763 2818 842 2842 vocat
865 2823 973 2850 semper
999 2815 1128 2842 Satanam
1150 2821 1252 2843 auctor.
1272 2816 1347 2842 Tum

1767 3129 1788 3136 »ι
1803 3129 1817 3137 Α
1830 3128 1893 3138 ιΑ-ες
