2144 3164
379 177 445 207 “Si

957 170 1024 210 Tl'l‘l
1042 169 1253 199 BOSTRENSIS
1272 169 1424 199 EPISCOPI

1925 169 1994 196 H32

377 239 490 271 mutari,
512 243 539 266 et
561 238 635 266 aliud
651 241 833 277 pratici-quam
855 238 915 264 erat
936 235 1025 270 ipsum
1042 233 1111 265 ﬁeri.
1133 237 1161 261 et
1176 239 1223 277 Aa

1143 237 1161 261 at
1176 239 1198 266 Α
1212 225 1258 258 καλ
1274 232 1401 265 γενέσθαι
1425 232 1492 268 πρὸς
1508 233 1540 268 τῇ
1554 239 1680 267 πονηρια,
1694 237 1742 257 και
1758 229 1853 257 εαυτοῦ
1869 229 1919 264 μὲν
1933 230 1989 255 ἑπι-

378 291 441 312 esse
465 284 535 319 apud
561 284 708 320 nequitiam
732 291 766 311 ac
791 282 835 311 sui
857 278 1056 314 oblivisci,-et
1071 279 1160 308 facere

379 337 547 365 quaecunque
557 323 778 365 nequitia-'facit;
792 329 882 364 potuit
896 328 949 355 hoc
963 326 1072 355 evenire
1085 325 1146 361 prin

379 376 486 411 oipibus
506 376 643 411 nequitiae.
657 380 687 403 ut
699 376 787 411 magis
800 374 937 414 potuerint
953 372 1053 400 mutari
1066 373 1093 398 in
1109 372 1158 399 bo-

379 430 454 449 num.
477 422 504 449 Si
530 426 619 450 autem
648 422 761 449 mutatio
781 419 840 450 ﬁeri
864 419 952 455 potuit
979 424 1007 456 et
1032 418 1158 449 variatio,

378 464 517 498 quomodo
530 473 585 492 non
601 465 698 492 melius
713 469 772 492 erat
789 473 822 492 ex
837 464 903 491 vitio
918 464 945 490 in
958 463 1084 490 virtutem
1099 470 1159 489 mu-

377 510 441 541 tari,
454 518 536 544 quam
558 518 591 538 ex
607 510 708 544 virtute
725 511 753 538 in
769 510 885 537 vitiant?
901 509 1044 543 Quomodo
1063 516 1159 543 passus

377 558 420 581 est
441 553 524 586 Deus.
550 559 577 582 et
592 555 717 590 permisit
732 555 791 590 rapi
810 554 919 582 lumen?
940 553 1081 588 Quomodo
1103 560 1158 580 non

377 598 517 633 prohibuit
540 599 767 634 aggressionem?
790 598 932 632 Quomodo
961 606 1016 625 non
1040 598 1159 626 servavit

377 644 446 671 sua?
459 643 601 676 Quomodo
610 648 755 679 postquam
769 645 859 671 ablata
875 648 949 676 sunt,
963 644 1050 671 noluit
1062 651 1158 671 eorum

377 689 574 723 providentiam
595 692 623 716 et
638 690 858 724 procurationem
882 689 1001 717 habere?
1018 688 1158 722 Quomodo

376 743 431 762 non
445 735 522 770 prius
537 734 668 771 Impetum
683 739 710 762 et
724 741 852 762 conatum
867 735 1007 762 coercuit?
1017 734 1158 768 Quomodo

376 787 430 806 non
447 780 533 814 magis
548 781 667 807 servavit
682 788 716 807 ne
728 783 903 815 caperentur,
917 780 964 807 sed
979 780 1069 814 potius
1079 783 1156 814 capta

376 828 403 851 et
414 824 519 860 direpta
534 825 638 852 auxilio
656 833 713 852 non
732 825 895 852 honoravit?
915 824 945 852 Si
962 824 1023 852 ideo
1039 824 1113 856 fecit,
1128 828 1157 851 ut

377 869 468 898 lumen
493 876 556 897 cum
580 869 608 896 in
633 870 712 897 malis
732 874 815 902 esset,
836 869 908 896 mala
930 872 1057 902 mutaret,
1078 868 1156 903 quasi

1211 276 1350 309 λαθέσθαι,
1363 277 1475 312 ποιῆσαι
1489 277 1519 304 δὲ
1536 277 1587 303 ὅσα
1600 277 1617 312 ἡ
1628 275 1745 312 πονηρία
1766 275 1852 301 ποιεῖ·
1865 274 1991 308 ὴδύναντο

1211 324 1258 350 καὶ
1267 324 1290 349 ot
1298 323 1347 357 τῆς
1354 323 1485 359 πονηρίας
1495 323 1624 359 ἄρχοντες
1631 321 1710 348 τοῦτο
1717 320 1825 353 παθεῖν.
1834 319 1882 347 καὶ
1894 319 1990 354 μᾶλλον

1211 368 1474 403 μεταϐάλλεσθαιὲπὶ
1479 368 1510 394 τὸ
1515 368 1595 394 καλόν
1604 387 1612 394 .
1620 366 1775 403 Ἰσχυούσης
1781 366 1809 392 δὲ
1818 365 1867 400 τῆς
1878 364 1963 401 μεταὸ
1966 374 1990 391 ’ὶ-

1210 414 1258 449 λῆς
1266 414 1312 440 καὶ
1318 413 1522 448 δυναμένηςτῆς
1530 413 1707 445 ἀλλοιώσεως,
1717 412 1775 444 πῶς
1782 412 1833 438 οὐκ
1841 411 1952 447 ἄμεινον
1959 407 1991 446 ἦν

1209 461 1265 491 τοῖς
1283 461 1377 492 κακοῖς
1400 457 1501 495 μᾶλλον
1515 460 1561 486 ἐπὶ
1573 460 1622 495 τὴν
1635 459 1738 495 ἀρετὴν
1756 457 1957 494 μεταϐληθῆναι
1973 456 1991 491 ἢ

1209 506 1264 537 τοῖς
1281 504 1371 536 καλοῖς
1393 505 1440 530 ἐπὶ
1456 504 1505 539 τὴν
1518 504 1616 530 κακίαν
1630 512 1637 536 ;
1652 504 1714 535 Πῶς
1728 504 1756 530 δὲ
1773 503 1821 530 καὶ
1833 502 1961 537 ἠνέσχετο
1977 501 1992 526 ό

1208 550 1283 583 θεὸς,
1300 550 1346 576 καὶ
1359 549 1494 585 ληφθῆναι
1507 549 1538 575 τὸ
1553 549 1611 583 φῶς
1626 548 1758 584 ἐπέτρεψε
1769 556 1777 580 ;
1788 547 1850 579 Πῶς
1863 547 1893 574 οὗ
1904 545 1990 576 κεκώ-

1208 596 1273 623 λυκε
1296 596 1346 632 τὴν
1368 596 1474 631 ὁρμήν;
1498 595 1561 626 Πῶς
1581 594 1615 621 τὰ
1638 594 1692 620 ἴδια
1710 594 1760 620 οὐκ
1780 594 1914 629 ἐτήρησε;
1931 591 1992 623 Πῶς

1208 642 1247 673 δὲ,
1264 641 1332 677 μετὰ
1352 641 1383 667 τὸ
1398 640 1593 676 ἀφαιρεθῆναι,
1615 640 1743 675 πρόνοιαν
1757 640 1812 666 τῶν
1831 638 1992 675 ἀφαιρεθέν·

1208 695 1263 713 των
1283 686 1447 722 ποιήσασθαι
1460 686 1491 712 οὐ
1509 685 1685 721 βεϐούληταις
1701 685 1763 717 Πῶς
1790 685 1821 711 οὐ
1850 682 1992 720 προλαϐὼν

1208 732 1307 767 ἐπέσχε
1333 731 1381 767 τὴν
1403 731 1590 766 ὲπιχείρησιν;
1609 729 1671 762 Πῶς
1695 729 1795 765 μᾶλλον
1814 729 1939 756 ἀνάλωτα
1959 728 1992 755 οὗ

1207 778 1369 813 τετήρηκεν,
1394 777 1462 804 ἀλλὰ
1484 777 1582 803 ἁλόντα
1606 776 1652 803 καὶ
1675 775 1812 811 ληφθέντα
1836 774 1947 810 βοηθείᾳ
1960 774 1991 801 οὐ

1206 823 1369 858 τετίμηκεν;
1394 822 1426 849 Et
1450 821 1499 857 μὲν
1519 822 1608 848 ιῐασεν
1626 821 1669 847 ίνα
1685 819 1716 847 τὸ
1734 820 1793 854 φῶς
1808 820 1951 855 γενόμενον
1964 820 1992 846 ὲν

1207 869 1263 899 τοῖς
1283 869 1378 899 κακοῖς
1392 867 1532 903 μεταϐάλῃ
1543 868 1578 895 τὰ
1594 866 1676 899 κακὰ,
1690 866 1728 898 ὡς
1742 866 1895 901 δυναμένων
1911 873 1993 900 μετα-

375 914 474 940 tnutari
505 917 618 949 possent
638 914 712 941 mala
733 923 739 940 :
762 921 818 940 non
848 913 932 948 igitur
958 913 1030 940 mala
1058 916 1156 940 natura
1172 908 1193 936 Β
1207 913 1221 940 6

1147 920 1156 939 ι
1172 908 1193 936 Β
1207 913 1351 941 ϐάλλεσθαι
1369 913 1423 940 τῶν
1445 913 1549 946 κακῶν,
1563 914 1654 940 οὐκέτι
1667 913 1701 939 τὰ
1713 912 1787 939 κακὰ
1802 911 1903 947 φυσικὰ
1914 911 1993 938 δυνά-

376 959 448 987 mala
464 964 544 994 sunt;
560 967 621 994 quae
640 967 702 987 cum
717 959 816 986 mutari
831 962 957 994 possunt,
980 958 1156 993 sponsionem

375 1001 404 1029 in
417 1003 569 1031 mutatione
583 1004 641 1038 ipsa
655 1003 804 1037 accipiunt,
821 1010 877 1030 non
889 1010 950 1030 esse
962 1007 1059 1030 natura
1074 1002 1155 1030 mala.

411 1046 440 1074 Si
450 1052 542 1075 autem
556 1048 658 1076 sciebat
674 1055 728 1075 non
744 1048 855 1080 mutari,
870 1055 959 1083 neque
979 1052 1077 1074 natura
1094 1052 1157 1083 apta

374 1100 437 1120 use
467 1098 497 1121 ut
522 1095 699 1121 mutationem
727 1099 856 1130 caperent
893 1094 1031 1130 quomodo
1054 1094 1158 1121 {rustra

375 1139 448 1172 sivit,
471 1144 500 1166 ut
518 1140 618 1167 bonum
633 1140 770 1174 iacturam
792 1139 906 1172 faceret.
928 1144 955 1167 et
973 1140 1079 1167 lucrum
1101 1147 1157 1167 non

374 1184 508 1212 tribueret
524 1185 616 1212 malo?
630 1185 773 1218 Quomodo
789 1185 853 1213 sivit
868 1186 927 1220 ipsa
943 1185 1015 1212 mala
1029 1193 1083 1212 non
1097 1193 1158 1213 mu-

374 1230 439 1262 tari,
455 1237 484 1258 se
498 1238 563 1259 vero
577 1234 604 1258 et
620 1238 669 1258 sua
680 1231 751 1258 bona
764 1235 868 1258 mutata
885 1231 1021 1266 neglexit?
1031 1229 1157 1258 Absurda

355 1267 416 1303 ‘est
431 1276 503 1303 enim
522 1276 578 1303 haec
597 1276 775 1311 praescriptio,
798 1276 888 1312 ipsum
902 1284 964 1304 esse
987 1277 1154 1310 mutabilem,

372 1321 437 1356 quia
458 1329 508 1349 sua
532 1326 687 1355 mutantur;
714 1330 770 1349 non
797 1330 859 1350 esse
883 1327 972 1350 autem
997 1323 1156 1351 mutabilem

373 1366 525 1393 materiam.
540 1367 628 1402 Atque
647 1367 698 1394 hoc
714 1367 825 1402 quidem
848 1368 889 1395 sic
904 1367 1106 1402 redarguimus,
1126 1371 1156 1395 ut

374 1412 509 1446 prolixum
523 1419 676 1440 sermonem
691 1412 896 1443 contrah‘amus.
914 1413 1023 1440 silentio
1040 1417 1152 1447 prater-

374 1461 471 1483 euntcs
490 1457 536 1484 illa
557 1457 741 1492 integumenta
765 1465 827 1492 qua:
844 1457 1006 1490 obtendunt,
1032 1458 1094 1486 illas
1113 1466 1156 1486 re-

373 1501 539 1535 pugnantias
554 1505 581 1528 et
595 1501 701 1529 fabulas
717 1507 744 1529 et
757 1509 862 1537 pugnas
881 1503 1038 1537 gigantum;
1051 1507 1080 1529 ut
1095 1510 1155 1538 quae

373 1545 407 1572 de
429 1546 563 1581 principio
587 1554 678 1574 rerum
704 1547 778 1575 dicta
808 1552 884 1580 sunt.
908 1549 995 1575 instar
1010 1548 1153 1583 cujusdam

373 1590 488 1618 subsidii
504 1591 576 1618 dicta
598 1592 664 1626 sint,
684 1592 889 1628 babeanturque
910 1597 1039 1628 tanquam
1058 1601 1152 1622 semen

372 1638 564 1671 quaestionum.

1208 969 1276 996 μενα
1301 961 1527 996 μεταϐάλλεσθαι,
1540 961 1596 988 ἀπὸ
1611 961 1665 988 τῶν
1679 960 1772 987 κακῶν
1795 959 1922 995 ἐνέχυρον
1943 958 1993 994 τὴν

1208 1007 1358 1043 μεταϐολὴν
1373 1006 1444 1034 κατὰ
1458 1008 1507 1042 τῆς
1521 1007 1628 1042 φύσεως
1639 1006 1781 1042 λαμϐάνει.

1241 1053 1273 1079 Εἰ
1288 1052 1316 1079 δὲ
1330 1052 1473 1087 ἠπίστατο,
1488 1053 1529 1079 ὅτι
1548 1052 1578 1079 οὐ
1604 1052 1793 1088 μετεϐάλλετο,
1817 1051 1864 1078 καὶ
1887 1051 1930 1077 ὅτι
1961 1050 1993 1076 οὐ

1208 1098 1327 1132 πέφυκεν
1347 1096 1534 1124 ἀλλοιοῦσθαι·
1556 1097 1614 1129 πῶς
1630 1098 1718 1134 μάτην
1736 1097 1811 1124 εῐασε
1828 1095 1929 1131 ζημίαν
1942 1094 1994 1131 μὲν

1206 1142 1348 1177 ὑπομεῖναι
1376 1143 1406 1169 τὸ
1430 1142 1522 1176 καλὸν,
1547 1143 1643 1179 κέρδος
1671 1143 1700 1170 δὲ
1727 1142 1765 1178 μὴ
1786 1143 1932 1177 ἀπονεῖμαι
1953 1140 1994 1176 τῷ

1206 1188 1300 1223 κακῷ;
1316 1189 1378 1221 Πῶς
1393 1189 1421 1215 δὲ
1435 1189 1505 1216 αὐτὰ
1522 1191 1571 1225 μὲν
1590 1190 1624 1217 τὰ
1641 1190 1713 1216 κακά
1727 1188 1896 1216 ἀλλοιοῦσθαι
1908 1186 1993 1219 οἷδδ..

1206 1234 1301 1262 ἑαυτὸν
1324 1235 1351 1261 δὲ
1367 1236 1412 1262 καὶ
1430 1235 1464 1263 τὰ
1478 1235 1574 1262 ἑαυτοῦ
1595 1236 1665 1262 καλὰ
1688 1235 1866 1270 ἀλλοιούμενα
1893 1234 1993 1270 παρει-

1205 1278 1266 1311 δινς
1280 1280 1397 1323 ῖΑτοπος
1408 1280 1461 1316 γὰρ
1473 1280 1536 1315 ὃρος
1548 1278 1635 1313 οὗτος,
1645 1281 1726 1308 αὐτὸν
1737 1281 1788 1317 μὲν
1799 1278 1870 1307 εἶναι
1883 1279 1993 1307 ἀλλοιω-

1205 1324 1260 1357 τὸν,
1284 1324 1328 1352 διὰ
1350 1325 1381 1352 τὸ
1406 1326 1577 1354 ἀλλοιοῦσθαι
1591 1327 1625 1354 τὰ
1643 1327 1751 1359 ἑαυτοῦ,
1763 1326 1802 1362 μὴ
1819 1324 1887 1352 εἶναι
1902 1326 1931 1352 δὲ
1945 1325 1994 1353 ἁλ-

1205 1369 1364 1406 λοιουμένην
1378 1371 1427 1406 τὴν
1440 1371 1517 1407 ὕλην.
1535 1373 1588 1399 Καὶ
1596 1373 1692 1399 τούτου
1705 1372 1754 1407 μὲν
1765 1371 1883 1403 τοιοῦτος
1894 1373 1909 1397 ὸ
1919 1371 1995 1405 ἐλεγ-

1204 1423 1261 1450 χος,
1276 1415 1318 1442 ἴνα
1333 1416 1432 1452 πολλὴν
1448 1417 1631 1453 συστείλωμεν
1646 1418 1763 1453 ὁμιλίαν,
1783 1417 1832 1449 τὰς
1856 1417 1992 1452 προϐολὰς

1203 1460 1303 1493 αὐτῶν,
1315 1461 1365 1493 τὰς
1380 1461 1478 1497 μάχας,
1486 1462 1536 1494 τὰς
1548 1462 1707 1498 μυθοποιίας
1719 1462 1828 1494 ὲκιινας
1842 1462 1889 1489 καὶ
1896 1470 1995 1496 γιγανο

1204 1506 1337 1541 τομαχίας
1352 1507 1521 1539 σιωπῶντες·
1538 1508 1582 1534 ἵνα
1602 1509 1649 1534 καὶ.
1665 1508 1699 1534 τὰ
1713 1508 1845 1544 εἰρημένα
1861 1508 1925 1542 περὶ
1941 1507 1994 1542 τῆς

1204 1544 1290 1586 ἀρχῆς
1306 1551 1360 1578 τῶν
1375 1552 1557 1588 πραγμάτων,
1583 1552 1660 1590 δίκην
1673 1544 1801 1589 ἆφορμῆς
1818 1561 1892 1585 τινος
1915 1554 1994 1589 είρη-

1207 1595 1274 1630 μένα
1295 1596 1427 1634 τυγχάνῃ,
1445 1598 1492 1624 καὶ
1506 1598 1616 1635 σπέρμα
1639 1598 1693 1624 τῶν
1708 1598 1847 1634 ζητήσεων
1865 1599 1992 1635 ὑπάρχῃ.

372 1713 1968 1732 .________—__—*____________

920 1805 1098 1849 LIBER
1132 1805 1457 1852 SECUNDUS.

791 1956 856 1985 Cn.
876 1956 896 1984 1.
913 1956 1012 1991 Scopas
1027 1958 1189 1986 auctoribus.
1211 1957 1288 1985 Nihil
1303 1958 1368 1985 mali
1389 1962 1505 1985 creatum
1520 1963 1570 1986 ut.

408 2022 487 2055 Ducit
509 2027 567 2062 jam’
586 2033 636 2054 nos
657 2026 785 2062 deinceps
810 2027 878 2054 ratio
899 2026 1095 2062 disputationis
1119 2028 1153 2055 ad

371 2073 562 2101 disserendum
582 2072 655 2100 serio
671 2071 705 2099 de
721 2071 786 2099 Deo.
807 2071 945 2100 Fortassis
960 2074 1034 2100 enim
1053 2073 1120 2100 nihil
1138 2081 1153 2100 ιι

372 2119 438 2146 ludo
462 2117 608 2149 differunt,
634 2123 695 2152 quae
715 2116 851 2144 hactenus
877 2117 911 2144 ad
936 2118 1153 2145 coniutationcm

372 2166 470 2193 fabula:
485 2166 558 2192 illius
574 2165 646 2192 dicta
663 2163 737 2192 sun't.
749 2163 789 2192 Ne
801 2164 882 2200 igitur
894 2165 980 2192 risum
994 2172 1152 2193 moveamus

1242 2031 1319 2064 ’Λγει
1334 2029 1366 2064 δὴ
1381 2029 1472 2056 λοιπὸν
1494 2029 1567 2064 ἡμᾶς
1585 2029 1600 2055 ὁ
1625 2028 1703 2063 λόγος
1721 2028 1767 2055 ἐπὶ
1780 2028 1829 2064 τὴν
1842 2029 1907 2065 περὶ
1919 2026 1992 2058 Θεοῦ

1205 2074 1436 2107 σπουδαιολογίαν·
1454 2074 1561 2106 παιδιᾶς
1573 2073 1626 2111 γάρ
1642 2074 1708 2105 ἴσως
1723 2073 1845 2109 διέφερεν
1862 2074 1940 2101 οὐδὲν
1954 2075 1992 2101 τὰ

1206 2118 1273 2154 πρὸς
1286 2119 1438 2153 ἁνασκευὴν
1461 2118 1512 2153 τῆς
1532 2118 1635 2145 ἐκείνου
1660 2117 1822 2153 μυθολογίας
1841 2119 1988 2155 είρημένα.

1206 2164 1263 2190 Ἵνα
1276 2162 1321 2191 οὖν
1339 2164 1375 2200 μὴ
1386 2165 1433 2191 καὶ
1445 2164 1550 2199 γέλωτα
1560 2165 1720 2200 ὀφλήσωμεν
1732 2164 1807 2200 παρὰ
1817 2166 1872 2197 τοῖς
1882 2165 1987 2200 E9990.-

371 2213 551 2249 prudentibus
561 2232 569 2245 ,
582 2216 766 2240 commentum
778 2212 856 2239 valde
868 2212 920 2240 sibi
938 2220 1092 2247 repugnans
1107 2220 1153 2239 ac-
1170 2233 1191 2260 Β
1207 2218 1217 2236 u

1144 2227 1153 2232 -
1170 2233 1191 2260 D
1207 2218 1243 2242 σι,
1259 2210 1369 2244 πλάσμα
1388 2210 1448 2236 λίαν
1463 2209 1613 2237 ἀσύστατον
1625 2210 1831 2247 περιεργότερον
1847 2209 1990 2242 ἐξετάζον·

371 2259 495 2286 curatius
510 2258 681 2285 excutientes
694 2267 702 2291 ;
717 2264 777 2292 quae
791 2261 881 2285 autem
900 2265 916 2284 a
932 2257 1081 2285 Maniclmo
1095 2265 1153 2284 ma-

371 2304 412 2338 gis
430 2303 545 2339 mystica
560 2303 669 2330 inventa
684 2307 765 2335 sunt,
780 2298 841 2337 qua:
854 2307 920 2330 sunt
934 2303 1077 2337 complura
1089 2323 1097 2335 ,
1115 2302 1153 2330 si-

372 2350 456 2377 lentio
472 2352 667 2384 praetereuntes
680 2357 687 2374 :
705 2348 894 2384 aggrediemur
907 2348 965 2383 jam
974 2348 1074 2376 docere
1085 2370 1092 2381 ,
1102 2356 1152 2376 ne-

371 2394 485 2428 quitiam
500 2393 609 2429 quidem
622 2400 792 2428 nequaquam
807 2393 957 2421 secundum
971 2394 1151 2421 substantiam

370 2440 503 2467 exsistere
514 2459 521 2471 ,
539 2447 627 2474 neque
641 2439 761 2466 materiae
777 2439 940 2474 principium
954 2439 1038 2466 ullum
1052 2439 1153 2474 princi-

371 2486 416 2519 pio
432 2492 529 2512 carens
542 2483 597 2511 Deo
611 2484 780 2511 contrarium
801 2491 874 2511 esse.
898 2483 987 2510 Unum
1006 2491 1071 2511 vero
1091 2492 1152 2512 esse

1204 2264 1259 2287 τες,
1273 2256 1323 2283 ὃσα
1342 2256 1374 2291 δὴ
1394 2256 1506 2292 εὕρηται
1521 2255 1709 2291 μυστικώτερα
1723 2255 1764 2291 τῷ
1778 2256 1896 2283 Μάνεντι
1919 2256 1992 2291 (ἔστι

1204 2301 1232 2328 δὲ
1248 2302 1415 2337 πάμπολλα),
1430 2301 1509 2336 λόγου
1524 2301 1843 2337 μηδαμῶςὰξιώσαντες·
1858 2302 1910 2337 ἢδη
1927 2310 1992 2328 πει-

1207 2347 1344 2382 ρασόμεθα
1361 2348 1455 2380 δεῖξαι,
1469 2347 1508 2378 ὡς
1527 2348 1610 2374 κακία
1625 2347 1673 2382 μὲν
1693 2346 1811 2383 οὐδαμοῦ
1824 2347 1883 2374 κατ’
1893 2348 1992 2374 οὐσίαν

1205 2394 1330 2428 ὑπάρχει,
1354 2393 1410 2420 οὗθ’
1433 2393 1498 2428 ὖλης
1515 2393 1586 2428 ἀρχή
1607 2402 1649 2425 τις
1669 2394 1786 2429 ἄναρχος
1799 2393 1991 2420 ἀντιτέτακται

1205 2439 1264 2475 Θεῷ
1273 2447 1280 2454 ·
1296 2440 1343 2475 μία
1357 2439 1385 2466 δὲ
1395 2439 1466 2475 ἁρχὴ
1476 2438 1530 2466 τῶν
1545 2439 1624 2471 ὅλων,
1642 2439 1689 2467 καὶ
1700 2437 1741 2471 εἷς
1751 2439 1817 2471 θεὸς
1825 2439 1841 2466 ό
1853 2439 1889 2466 τὰ
1899 2439 1991 2466 πάντα

1203 2484 1417 2521 δημιουργήσας.
1428 2484 1498 2512 καλά
1511 2493 1540 2511 τε
1557 2485 1603 2512 καὶ
1616 2485 1666 2520 τῆς
1679 2484 1762 2512 αὐτοῦ
1791 2484 1888 2519 σοφίας
1912 2484 1990 2518 ἄξια.

371 2531 535 2566 principium
555 2530 677 2557 omnium
688 2550 695 2562 ,
715 2533 742 2557 et
762 2537 847 2556 unum
869 2528 954 2557 Deum
964 2549 972 2562 ,
992 2530 1038 2564 qui
1058 2530 1149 2557 omnia
1162 2531 1266 2557 creavit
1281 2530 1351 2558 bona
1366 2534 1393 2558 et
1408 2529 1502 2564 {ipsius
1516 2529 1648 2564 sapientia
1662 2529 1755 2565 digna.

406 2587 547 2615 Manicbai
570 2587 641 2615 enim
656 2607 664 2620 ,
689 2590 833 2623 postquam
858 2587 886 2613 in
908 2585 1094 2621 disputatione
1116 2586 1150 2615 de

372 2634 515 2670 principiis
540 2633 657 2660 convicti
687 2636 769 2664 sunt,
795 2632 830 2659 ad
861 2632 930 2659 hanc
952 2632 1151 2660 dubitationem

373 2684 503 2714 tanquam
529 2677 663 2705 diﬁcilem
678 2677 712 2705 ad
725 2676 900 2705 enodandum
924 2681 952 2704 et
973 2677 1072 2705 multas
1093 2681 1153 2704 ten-

372 2723 479 2752 diculas
490 2728 518 2751 et
536 2722 677 2758 captiones
697 2727 793 2750 contra
812 2722 959 2750 disserenti
984 2723 1150 2757 praebentem

373 2770 556 2798 deducuntur.
572 2768 703 2802 Quaerunt
715 2769 787 2796 enim
798 2788 805 2800 .
822 2767 893 2795 unde
911 2768 982 2795 mala
1000 2769 1154 2796 exsistant?

374 2815 429 2844 Non
449 2820 539 2843 autem
564 2815 679 2842 ﬁdenter
701 2813 916 2849 respondemus.
942 2821 1004 2842 cum
1024 2822 1096 2842 unus
1117 2815 1154 2841 sit

375 2861 446 2890 Deus
459 2862 507 2897 qui
520 2865 620 2889 cuncta
633 2860 696 2889 fecit
705 2880 713 2894 ,
723 2860 792 2888 nihil
803 2859 913 2895 quidem
928 2859 1077 2888 secundqu
1090 2860 1153 2887 sub-

1239 2588 1294 2615 Καὶ
1312 2587 1365 2623 γὰρ
1388 2587 1420 2623 δὴ
1439 2588 1464 2613 οἱ
1478 2586 1509 2619 ιε
1528 2587 1642 2618 ἐκείνου,
1654 2586 1763 2614 titubas
1774 2588 1838 2624 περὶ
1853 2587 1908 2614 τῶν
1922 2588 1993 2616 ἁσυ-

1205 2634 1308 2661 στάτων
1323 2632 1413 2668 ἀρχῶν
1428 2635 1456 2659 ὲν
1464 2632 1534 2668 λόγῳ
1542 2633 1740 2668 διελεγχθῶσιν,
1756 2633 1802 2660 hri.
1812 2633 1915 2668 ταύτην
1926 2642 1992 2662 κατ-

1204 2679 1313 2714 άγονται
1336 2679 1383 2713 τὴν
1399 2679 1577 2713 ὲπατιύρησιν,
1592 2679 1628 2709 ὡς
1640 2679 1858 2710 δυσαπόδεικτον,
1870 2680 1917 2706 καὶ
1928 2679 1994 2708 ηλ-

1204 2724 1253 2756 λὰις
1281 2725 1449 2758 παρέχουσαν
1473 2724 1557 2755 λαϐὰς
1578 2725 1647 2751 κατὰ
1663 2724 1709 2751 τοῦ
1725 2723 1993 2760 προσδιαλεγομένου,

1206 2770 1364 2805 φάσκοντεςε
1379 2770 1463 2796 Πόθεν
1477 2768 1522 2796 οὖν
1538 2770 1571 2795 τὰ
1586 2770 1775 2804 κακὰ;οαμὲν
1786 2770 1819 2806 δὴ
1831 2769 1994 2805 θαρσαλέαις

1204 2815 1346 2851 ὴμεῐς,ὼς
1372 2815 1430 2846 ἑνὸς
1458 2815 1534 2846 ὄντος
1550 2814 1617 2841 Θεοῦ
1637 2815 1684 2842 τοῦ
1709 2815 1797 2842 πάντα
1820 2815 1996 2850 δημιουργῇ-ι

1205 2868 1311 2892 σαντος,
1324 2861 1397 2886 οτᾰδὲν
1420 2861 1467 2895 μὲν
1489 2861 1547 2887 κατ’
1564 2861 1656 2887 οὐσίαν
1673 2861 1705 2886 ἐν
1724 2862 1781 2891 τοῖς
1806 2858 1867 2888 οὗαι
1891 2860 1996 2895 xtl-Ibi,
