2144 3164
200 192 269 222 “53

744 191 930 221 Αονειιδυε
947 191 1158 220 ιΑΝιοιιΑεοδ
1177 191 1240 220 LIB.
1260 191 1291 220 li.

1756 194 1824 224 ωε

199 252 291 281 πάντα
313 253 342 280 δὲ
363 252 433 280 καλὰ
452 252 523 285 λίαν,
543 252 590 280 καὶ
608 252 743 288 διαφόρως
762 253 843 284 καλὰ.
858 254 988 290 καὶπρὸς
1003 260 1045 291 Δί

975 261 988 285 ς
1003 262 1024 291 Α
1038 253 1166 281 stantiam
1188 253 1291 281 malum
1310 260 1390 286 esse;
1407 258 1507 281 cuncta
1529 257 1621 282 autem
1636 254 1714 282 valde
1733 254 1821 287 bona.

199 298 326 330 ποικίλας
342 299 455 334 χρήσεις
476 297 731 333 κατεσκευασμένα,
750 299 798 325 καὶ
809 298 863 325 τῶν
874 298 989 334 γενομέ-

199 349 252 372 νων
274 344 352 372 οὐδὲν
371 345 436 372 ἄνευ
458 343 539 378 λόγον
561 345 722 381 γεγένηται·
737 345 918 373 ἀλλ’ἓκαστον
934 346 989 373 τῶν

197 388 283 417 ὄντων
297 389 403 425 μικρῶν
415 397 446 416 τε
459 389 506 416 καὶ
518 389 643 424 μεγάλων
658 391 687 416 ὲν
697 390 785 426 ἑαυτῷ
794 390 850 426 ἔχει
861 390 908 417 τοῦ
919 389 988 417 εἶναι

196 433 243 462 τὸν
257 434 346 469 λόγον,
356 433 411 461 τῶν
425 442 455 460 τε
469 434 498 460 ἂν
513 433 620 470 οὐρανῷ
630 435 677 461 καὶ
691 435 721 461 ὲν
730 435 765 470 τῇ
778 436 814 470 γῇ
833 436 879 461 καὶ
893 436 922 462 ἐν
940 434 986 461 θα-

197 478 295 516 λάττῃι
321 479 369 505 καὶ
388 475 483 514 ὥσπερ
506 478 598 514 ἄρτιον
623 480 670 506 καὶ
692 479 838 515 ὀλόκληρον
859 479 939 515 σῶμα
953 480 986 514 τῇ

198 524 326 552 συστάσει
340 524 395 551 τῶν
416 524 508 560 μερῶν
519 525 566 551 καὶ
588 524 678 560 μελῶν
690 524 891 552 κατεσκεύασεν
907 527 924 561 ὴ
936 525 987 561 ἄῤ-

198 570 279 606 ρητος
301 569 349 596 τοῦ
369 569 438 597 Θεοῦ
460 571 541 605 σοφία
562 570 621 597 τόδε
645 570 676 598 τὸ
698 570 854 598 πᾶννῶστε
868 571 936 606 ὅπερ
953 571 987 598 ἂν

197 616 307 651 ἀφίλοις
318 616 357 652 τῷ
366 616 439 652 λόγῳ
451 616 504 644 τῶν
517 617 669 652 γενομένων
682 616 720 649 ὡς
735 617 874 653 περιττὸν,
883 617 987 652 καὶτῆς

196 662 291 700 χρείας
303 663 453 700 ἀλλότριον,
468 663 722 699 ἁκρωτηριάζεσθαι
736 663 796 690 ὃλον
808 662 839 690 τδ
851 662 931 698 σῶμα
944 663 986 690 δο-

196 708 254 734 κεῖ·
270 707 364 743 laudi)
378 715 410 742 7s
423 707 454 734 τὸ
466 706 561 734 δοκοῦν
580 707 610 733 ὲν
631 708 688 739 τοῖς
710 704 770 733 οὖσι
786 706 846 734 λίαν
869 707 985 734 εὐκατα-

197 752 341 790 φρόνητον,
356 752 584 788 συμπληρωτικὸν
604 752 653 788 τῆς
673 751 722 780 τοῦ
737 751 984 789 σώματοςμτελειό-

196 801 277 837 τητός
296 801 372 828 ιατι·
394 801 443 828 καὶ
457 800 533 828 οὐδὲν
548 801 633 836 ἀργὸν
646 801 675 827 ὲν
689 801 747 832 τοῖς
763 798 848 833 οὖσιν,
859 800 921 828 οὐδὲ
936 801 987 836 μά-

195 855 246 884 την
259 847 381 883 γεγονὸς,
391 847 445 875 οὐδ’
463 847 502 880 εις
516 846 672 883 φιλοτιμίαν
687 847 816 883 περιττὴν
835 847 984 883 παρεγκεί-

198 902 288 930 iuvav-

229 991 306 1027 Μόνη
319 990 348 1018 δι
360 990 480 1026 εὐλόγως
491 991 539 1018 καὶ
552 990 665 1023 δικαίως
677 991 790 1028 περιττὴ
801 992 818 1028 η
832 991 886 1019 τῶν
898 993 986 1028 ἁμαρ-

183 1028 327 1066 τανόντων
350 1037 502 1074 ἀνθρώπων
523 1037 630 1071 ἀδικία,
645 1038 693 1065 καὶ
716 1037 824 1073 ἀληθῶς
841 1046 874 1073 τε
899 1039 984 1065 κακία

193 1084 332 1119 τυγχάνει,
347 1083 378 1111 οὺ
398 1083 452 1120 μὴν
463 1082 494 1117 ἑξ
505 1083 624 1120 ἁνάρχου
645 1084 753 1117 κακίας,
771 1084 865 1119 ἥντινα
883 1084 920 1119 μὴ
936 1081 982 1110 οὖ-

194 1137 244 1157 σαν
255 1130 293 1162 ὡς
304 1130 359 1157 ἀπὺ
369 1130 471 1166 ταύτης
485 1139 518 1165 γε
533 1129 617 1166 οὔσης
628 1131 776 1166 ἐπενόησεν
791 1132 805 1157 ό
819 1130 929 1166 Μάνης·
944 1131 982 1162 ὡς

192 1176 297 1211 ὀλόγος
320 1176 370 1213 ήδη
396 1176 445 1212 μὲν
470 1176 570 1209 ἱκανῶς
589 1176 715 1212 ὴνοὶξατο
739 1178 796 1208 τοῖς
816 1175 980 1212 ἔμπροσθεν,

191 1222 273 1256 δείξει
286 1223 315 1250 δὲ
331 1222 497 1260 σαφέστερον
513 1223 628 1255 καὶτοῖς
643 1223 716 1258 ἑξῆς.

1039 302 1066 326 ct
1080 299 1239 326 diﬂ'erenter
1253 299 1341 331 bona,
1356 302 1384 326 et
1399 299 1433 327 ad
1447 300 1538 327 varios
1553 307 1621 328 usus
1636 299 1706 327 facta
1720 301 1822 333 mibi!-

1039 351 1092 379 que
1112 352 1208 372 eorum
1231 352 1293 380 quas
1319 344 1389 373 facta
1412 349 1491 377 sunt,
1513 345 1572 374 sine
1592 346 1700 374 ratione
1722 345 1824 373 factum

1038 396 1115 422 esse,
1138 389 1185 418 sed
1208 391 1423 425 unumquodque
1443 398 1538 418 eorum
1558 399 1618 427 quae
1631 390 1727 420 electa
1740 396 1824 424 sunt.

1039 442 1150 470 parvum
1165 440 1192 463 et
1210 443 1336 469 magnum
1346 456 1353 467 ,
1368 436 1395 464 in
1411 436 1482 464 coelo
1495 440 1523 464 et
1536 437 1568 464 in
1583 441 1656 465 terra
1669 440 1698 465 et
1712 438 1741 466 in
1754 439 1822 466 mari

1038 480 1140 509 habere
1151 481 1178 509 in
1191 488 1221 509 se
1236 482 1368 509 rationem
1383 489 1440 510 suae
1453 483 1596 514 essentia.
1608 483 1823 520 fabricatamquc

1037 534 1099 555 esse
1113 527 1276 562 sapientiam
1289 527 1336 556 Dei
1353 528 1516 557 ineﬂabilem
1530 530 1688 559 universum
1702 531 1754 560 hoc
1763 535 1823 560 tan-

1036 580 1118 608 quam
1134 574 1270 609 integrum
1283 579 1310 601 et
1325 578 1412 602 totum
1429 581 1531 610 corpus
1544 577 1742 606 constitutione
1759 585 1822 614 par-

1036 619 1103 646 tium
1117 623 1146 647 ct
1162 620 1363 648 membrorum:
1375 625 1414 653 ut,
1431 621 1562 657 quidquid
1576 622 1710 652 ademeris
1721 624 1822 652 rationi

1035 672 1132 692 eorum
1147 673 1208 701 quae
1222 665 1293 693 facta
1306 671 1387 699 sunt,
1403 672 1533 703 tanquam
1549 676 1782 704 supervacaneum
1794 675 1822 698 et

1036 710 1132 738 inutile
1147 731 1154 743 ,
1175 715 1263 739 totum
1292 720 1392 748 corpus
1417 714 1572 742 mutilatum
1594 722 1656 743 csse
1685 715 1819 744 videatur.

1036 755 1177 792 Siquidem
1192 758 1265 793 quod
1281 759 1309 786 in
1324 759 1405 787 rebus
1420 759 1530 789 videtur
1542 760 1707 790 vilissimum
1728 767 1755 790 et
1773 763 1821 790 de-

1035 803 1270 838 spicatissimum.
1299 805 1499 834 absolutionem
1527 808 1652 842 corporis
1678 808 1820 844 compiet;

1034 849 1158 884 nihilque
1173 849 1200 876 in
1215 850 1299 879 rebus
1312 851 1432 878 otiosum
1447 856 1505 884 est,
1521 860 1611 888 neque
1625 859 1726 882 temere
1739 858 1821 891 atque

1035 895 1153 923 inaniter
1168 895 1286 931 factum,
1308 905 1359 926 nec
1375 897 1410 926 ad
1426 905 1621 934 supervacuam
1645 900 1820 930 ambitionem

1001 941 1023 969 ιι
1037 941 1238 977 interpositum.

1073 997 1136 1024 Sola
1160 1006 1226 1026 vero
1250 998 1389 1027 hominum
1413 1001 1447 1029 ad
1473 1002 1621 1037 nequitiam
1648 1003 1819 1038 peccantium

1037 1041 1171 1077 injustitia
1191 1048 1266 1072 recte
1281 1047 1308 1072 et
1321 1045 1395 1080 juste
1409 1052 1442 1073 ac
1456 1054 1520 1075 vere
1540 1048 1661 1083 nequitia
1680 1052 1741 1082 est,
1764 1056 1820 1077 non

1036 1091 1127 1116 tamen
1140 1096 1172 1116 ex
1186 1090 1306 1125 nequitia
1317 1091 1452 1127 principio
1463 1097 1574 1121 carente
1587 1093 1708 1129 profecta
1718 1113 1725 1127 .
1736 1102 1819 1130 quam

1035 1133 1218 1168 Manichaaus,
1231 1143 1293 1163 cum
1305 1144 1359 1164 non
1373 1137 1426 1171 sit,
1438 1146 1500 1167 esse
1513 1140 1675 1174 excogitavit
1689 1143 1819 1175 tauquam

1034 1178 1070 1205 ab
1085 1178 1135 1207 bac
1148 1180 1284 1216 principio
1297 1187 1407 1210 carcnte
1417 1203 1424 1215 _.
1437 1191 1519 1219 quam
1537 1185 1630 1217 ﬂuxit.
1645 1186 1820 1221 proﬁciscen-

1032 1227 1087 1252 tem
1099 1233 1107 1258 ;
1122 1228 1152 1252 ut
1166 1226 1234 1254 satis
1247 1226 1274 1253 in
1290 1228 1478 1262 superioribus
1491 1229 1640 1264 disputatio
1653 1231 1776 1266 aperuit.
1790 1234 1819 1258 ut

1033 1269 1142 1298 docebit
1156 1272 1260 1300 clarius
1274 1273 1302 1300 in
1318 1273 1351 1301 iis
1365 1281 1425 1309 qua:
1438 1280 1600 1310 sequuntur.

311 1354 377 1384 Car.
396 1353 427 1382 ll.
451 1353 538 1381 Homo
550 1353 710 1381 liberrima.
732 1351 840 1380 Peccati
853 1359 924 1385 rem,
943 1359 1002 1379 tum
1013 1352 1049 1379 sit
1064 1351 1140 1380 liber.
1161 1352 1412 1390 Hominel‘pouunt
1428 1363 1485 1383 esse
1501 1355 1562 1383 boni
1574 1360 1600 1383 et
1616 1356 1692 1384 mali.

225 1423 271 1451 Διὸ
280 1424 314 1460 δὴ
327 1423 437 1460 πρῶτον
451 1423 515 1459 περὶ
528 1423 623 1451 τούτου
637 1422 820 1455 διαλαϐόντες,
831 1421 916 1453 οὕτως
927 1420 979 1457 όδῷ

191 1469 413 1506 προελευσόμεθα
427 1468 590 1502 δεικνύντες,
601 1469 639 1501 ὡς
655 1469 716 1495 κατ’
730 1468 824 1494 οὐσίαν
835 1467 912 1494 οὐδὲν
924 1466 980 1493 τῶν

190 1516 276 1544 ὅντων
288 1515 372 1543 κακόν
380 1524 388 1531 ·
401 1515 470 1543 ἀλλὰ
490 1516 543 1552 μὴν
559 1516 608 1543 ὅσα
618 1514 690 1542 κατὰ
699 1514 796 1549 γενεὰν
809 1514 946 1548 οἰκονομεῖ
964 1513 980 1538 ὀ

190 1562 266 1595 Θεὸς,
282 1562 442 1598 πρεπόντως
456 1570 490 1597 7s
507 1563 540 1597 τῇ
555 1560 653 1588 ἑαυτοῦ
669 1561 750 1596 σοφίᾳ
767 1560 816 1587 καὶ
830 1559 980 1595 συμφερόν-

189 1617 245 1640 τως
256 1609 392 1644 οἰκονομεῖ
404 1609 462 1640 τοῖς
473 1608 542 1644 ὑπὲρ
555 1604 592 1634 ὦν
605 1606 693 1634 ταῦτα
703 1607 783 1633 ποιεῖ.
797 1605 906 1641 Κόσμον
924 1605 980 1632 τοί-

191 1662 239 1681 νυν
250 1653 305 1689 (25)
322 1653 522 1681 κατεσκεύασεν
534 1654 548 1680 ό
563 1652 640 1685 Θεόςθ
653 1653 701 1679 καὶ
715 1652 779 1688 περὶ
796 1651 902 1684 τούτου,
912 1651 980 1687 πρὸς

189 1700 237 1734 οὓς
248 1702 263 1728 ό
273 1700 362 1736 λόγος,
369 1701 401 1727 οὐ
412 1699 633 1736 διαχειμάζονται
642 1707 650 1715 ·
665 1700 689 1726 εί
699 1698 754 1735 γὰρ
764 1698 796 1734 δὴ
808 1698 854 1725 καὶ
864 1698 904 1730 είς
915 1698 981 1725 dxe-

191 1746 273 1782 σμίαν
289 1746 402 1783 κόσμιον
415 1746 479 1773 ὄντα
497 1746 543 1773 τὸν
558 1746 659 1781 κόσμον
674 1744 898 1780 μεταϐάλλουσιν,
912 1743 980 1770 ἁλλά

189 1801 222 1829 τι
237 1792 301 1829 περί
316 1801 347 1820 τε
361 1792 464 1828 τρόπον
481 1792 528 1819 καὶ
541 1792 590 1828 τῆς
602 1792 691 1823 αἰτίας
707 1790 757 1817 τοῦ
772 1789 898 1825 γενέσθαι
912 1790 979 1825 ὀμο-

191 1838 308 1874 λσγοῦσι.
321 1838 415 1875 Τούτῳ
424 1838 466 1875 δὴ,
479 1838 561 1880 μέρος
574 1837 624 1873 μὲν
638 1836 702 1863 ὄντα
718 1835 765 1863 τοῦ
782 1835 892 1867 παντὸς,
904 1835 979 1870 ὅμως

189 1885 219 1913 εξ
238 1884 351 1920 πολίτην
369 1884 518 1920 ἐπιστήσας
537 1882 644 1917 λογικὸν
657 1882 704 1909 τὸν
716 1881 858 1917 ἄνθρωπον
872 1881 886 1907 ὁ
900 1880 977 1911 Θεὸς,

187 1931 224 1959 τὰ
236 1931 285 1967 μὲν
297 1930 365 1958 ἄλλα
377 1931 428 1958 ὅσα
441 1931 510 1966 μήτε
521 1929 589 1966 πρὸς
601 1928 701 1964 ἀρετὴν
712 1928 781 1964 μήτε
798 1927 866 1963 πρὸς
878 1926 978 1952 κακίαν

188 1978 249 2013 ὁρᾷ,
266 1976 355 2013 ἑαυτῷ
368 1977 521 2013 τετήρηκεν
533 1976 697 2010 οίκονομεϊν·
711 1974 811 2010 ἀρετὴν
826 1973 855 2000 δὲ
870 1972 949 2008 μόνον
960 1972 977 2007 ἢ

188 2023 288 2051 κακίαν
304 2022 348 2049 ἐπ’
363 2022 438 2059 αὐτῷ
449 2020 519 2049 εἶναι
533 2022 677 2056 πεποίηκε,
693 2021 727 2056 τῇ
743 2019 823 2054 φύσει
837 2017 978 2054 προενθεὶς

188 2069 319 2105 ἐκατέρου
341 2068 390 2105 τὴν
412 2068 528 2104 γνῶσιν⁸
546 2068 601 2100 ἵνα,
621 2065 761 2102 ὀφθαλμοῦ
781 2065 859 2100 δίκην
876 2063 978 2098 ταύτην

187 2115 368 2151 ἐπαγόμενος,
391 2115 422 2142 οὐ
446 2114 526 2150 μόνον
554 2113 623 2150 μετὰ
638 2111 743 2143 τελείας
762 2110 917 2145 ἐπιστήμης
931 2108 977 2135 τὸν

188 2159 246 2194 βίον
263 2158 354 2197 όδεύη,
369 2158 438 2186 ἀλλὰ
451 2159 499 2186 καὶ
513 2157 661 2193 αὐτουργὸς
673 2157 727 2184 τῶν
738 2155 788 2191 τῆς
798 2155 897 2192 ἀρετῆς
909 2161 976 2180 κατ-

185 2204 356 2242 ορθωμάτων
373 2206 494 2242 ὑπάρχῃ.

1067 1421 1249 1456 Quamobrem
1265 1431 1328 1451 cum
1350 1423 1385 1451 de
1408 1423 1461 1451 hoc
1482 1425 1571 1460 primo
1591 1430 1682 1452 actum
1704 1425 1757 1457 sit.
1778 1425 1820 1454 sic

1031 1467 1075 1493 via
1086 1472 1114 1495 et
1128 1468 1234 1495 ratione
1246 1469 1454 1504 progrediemur
1466 1478 1473 1504 ;
1486 1469 1616 1498 docentes
1631 1470 1699 1498 nihil
1715 1478 1776 1499 esse
1790 1471 1819 1498 in

1031 1512 1115 1540 rebus
1137 1512 1240 1540 malum
1262 1513 1412 1541 secundum
1427 1514 1608 1542 substantiam
1622 1525 1629 1543 ε
1646 1516 1712 1551 quin
1726 1516 1819 1551 potius

1032 1564 1205 1594 quaecunque
1218 1559 1246 1586 in
1261 1560 1364 1587 seculo
1377 1560 1511 1596 gubernat
1526 1567 1558 1588 ac
1572 1561 1715 1596 dispensat
1728 1561 1817 1594 Deus.

1033 1603 1133 1631 decore
1144 1624 1152 1636 ,
1167 1607 1198 1631 ut
1214 1605 1376 1640 sapientiam
1390 1606 1452 1641 ejus
1465 1606 1558 1641 decet,
1574 1611 1602 1635 et
1617 1607 1651 1635 ad
1667 1609 1818 1637 utilitatem

1032 1657 1146 1683 eorum,
1163 1657 1274 1686 propter
1288 1660 1357 1687 quos
1374 1652 1433 1680 haec
1457 1653 1538 1687 facit,
1550 1654 1685 1689 gubernat
1706 1662 1739 1683 ac
1758 1655 1819 1683 dis-

1033 1701 1139 1732 pensat.
1158 1697 1290 1726 Ornatum
1308 1699 1391 1734 igitur
1418 1701 1555 1728 exstruxit
1569 1700 1658 1729 Deus:
1673 1706 1701 1730 et
1716 1702 1750 1730 de
1766 1702 1819 1730 hoc

1032 1743 1051 1769 ii
1074 1747 1171 1770 contra
1192 1751 1263 1779 quos
1283 1744 1474 1780 disputamus.
1495 1754 1551 1774 non
1573 1747 1707 1775 ﬂuctuant
1729 1757 1820 1785 neque

1031 1794 1191 1823 tempestate
1203 1789 1343 1824 jactantut'
1356 1800 1363 1818 :
1380 1791 1403 1819 si
1416 1791 1488 1819 enim
1502 1791 1634 1819 mundam
1647 1799 1775 1821 ornatum
1791 1797 1819 1822 et

1031 1833 1159 1861 decorum
1176 1834 1204 1862 in
1219 1835 1375 1863 inornatum
1391 1840 1515 1870 mutant,
1531 1837 1565 1865 de
1585 1839 1666 1866 modo
1685 1843 1713 1866 et
1732 1847 1817 1868 causa

1029 1879 1093 1907 facti
1103 1880 1197 1907 mundi
1208 1881 1382 1910 conﬁtentur.
1395 1882 1537 1911 Hominem
1547 1891 1627 1916 vero,
1638 1885 1691 1912 etsi
1701 1889 1743 1913 est
1754 1893 1818 1921 pars

1031 1924 1145 1958 mundi,
1161 1929 1252 1953 tamen
1267 1927 1331 1961 quia
1346 1935 1408 1954 eum
1425 1927 1513 1955 civem
1528 1929 1643 1957 rationis
1658 1930 1818 1967 participem

1030 1971 1180 2004 praeposuit
1198 1978 1231 1998 ac
1254 1971 1375 2007 praefecit
1396 1972 1485 2006 Deus,
1502 1974 1530 2001 in
1550 1976 1656 2003 caeteris
1679 1976 1742 2004 aliis
1757 1984 1818 2011 qua:

1030 2025 1119 2052 neque
1141 2018 1174 2046 ad
1190 2019 1340 2054 nequitiam
1355 2027 1406 2048 nec
1420 2021 1454 2048 ad
1475 2022 1603 2049 virtutem
1624 2027 1765 2057 spectant.
1787 2028 1818 2052 ut

1029 2064 1210 2098 gubernaret,
1222 2065 1274 2093 sibi
1287 2067 1338 2101 ipsi
1353 2068 1502 2095 reservavit
1514 2077 1522 2101 ;
1537 2068 1624 2096 virtus
1638 2073 1666 2096 et
1677 2069 1773 2096 vitium
1787 2074 1817 2097 ut

1030 2108 1058 2135 in
1081 2113 1215 2144 potestate
1236 2111 1295 2146 ejus
1315 2117 1402 2145 esset,
1426 2111 1505 2146 fecit.
1527 2113 1691 2149 ingenerans
1713 2118 1819 2143 natura

1032 2154 1175 2191 utriusque
1190 2158 1373 2192 cognitionem
1387 2167 1394 2185 :
1410 2162 1439 2185 ut
1454 2159 1541 2187 instar
1555 2159 1626 2186 oculi
1643 2159 1715 2186 banc
1729 2160 1817 2187 addu-

1030 2206 1096 2228 cens
1111 2205 1138 2229 et
1152 2201 1303 2236 adhibens,
1319 2211 1374 2239 non
1390 2205 1478 2232 solum
1493 2213 1555 2233 cum
1568 2206 1689 2240 perfecta
1704 2207 1816 2234 scientia

187 2253 216 2280 in
237 2253 291 2280 vita
313 2253 484 2285 ambularet,
507 2252 557 2281 sed
575 2252 657 2281 etiam
669 2255 742 2279 esset
755 2252 851 2278 auctor
864 2246 1016 2276 ciliciorum
1032 2247 1150 2277 virtutis.

224 2310 382 2346 Ἄνθρωπος
400 2309 490 2337 τοίνυν
510 2309 620 2343 ἀδικῶν,
637 2308 804 2344 ἁμαρτάνειν
819 2306 975 2341 ἐγκαλεῖται
991 2294 1014 2321 D
1065 2306 1070 2333 l

970 2316 975 2333 ι
991 2294 1014 2321 ί)
1065 2306 1153 2335 Homo
1166 2308 1249 2344 igitur
1262 2309 1363 2345 injuste
1373 2317 1489 2346 operans
1499 2330 1507 2343 ,
1521 2310 1594 2345 iuste
1603 2311 1637 2338 de
1648 2315 1760 2346 peccato
1771 2319 1816 2338 ar-

183 2356 308 2389 δικαίως.
321 2356 353 2383 Et
367 2355 418 2392 μὶν
431 2355 486 2392 γὰρ
504 2355 619 2392 πράττει
630 2355 679 2390 τὴν
697 2354 835 2390 ἁμαρτίαν
850 2354 881 2381 οὐ
896 2353 975 2380 δυνά-

186 2410 266 2438 μενος
279 2402 448 2438 amnem
460 2401 573 2437 ταύτης,
586 2401 678 2429 αδικον
692 2401 822 2437 ὑπομένει
836 2401 885 2437 τὴν
905 2401 976 2437 μέμ-

182 2450 247 2485 ψιν·
260 2449 286 2476 st
298 2449 338 2482 δι,
353 2449 415 2482 ιεδν
435 2448 474 2485 μὴ
488 2451 585 2482 ποιεῖν,
597 2449 753 2476 τούναντίον
766 2448 848 2479 ποιεῖ,
859 2447 898 2479 ὡς
915 2447 974 2474 ἁδι-

184 2494 241 2523 κιῖιν
258 2494 377 2529 εὐλόγως
391 2495 562 2529 ἐγκαλεῖται·
576 2496 624 2522 καὶ
641 2494 733 2528 καλῶς
745 2502 777 2529 γε
790 2493 863 2529 λόγῳ
875 2493 974 2529 ἐγκλη-

185 2545 270 2576 ματος
285 2541 303 2577 ἡ
318 2540 443 2577 ἁμαρτία
452 2541 576 2569 καλεῖται
592 2541 668 2577 παρὰ
683 2537 802 2575 λόγον,ᾧ
812 2548 843 2574 γε
861 2540 976 2567 δυνατόν

183 2588 243 2614 ἐστι
268 2586 433 2622 χρήσασθαι,
447 2586 585 2623 πανταχοῦ
621 2587 811 2623 πραττομένησ
838 2587 876 2619 ὼς
904 2583 974 2613 εἶναι

183 2633 322 2670 ἁμαρτίαν
349 2633 405 2660 πᾶν
432 2633 464 2660 τὺ
488 2634 566 2670 ⁸παρὰ
584 2633 663 2668 λόγον
676 2634 874 2669 πραττόμενον,
888 2634 912 2660 ει
926 2633 975 2661 καὶ

183 2682 218 2709 ὲκ
227 2680 282 2708 τῶν
297 2680 370 2708 κατὰ
386 2680 467 2715 φύσιν
479 2679 612 2716 λαμϐάνει
621 2680 673 2717 ⁸τὴν
686 2680 829 2717 ἀφορμήν·
849 2680 903 2707 τῶν
919 2680 974 2716 γὰρ

183 2726 255 2754 κατὰ
269 2725 350 2761 φύσιν
362 2726 380 2762 ἠ
393 2725 535 2761 ἀλόγιφς
554 2726 654 2762 κρῆσις
669 2727 743 2753 ποιεῖ
757 2726 807 2762 τὴν
821 2725 971 2762 ἁμαρτίαν·

181 2772 299 2808 λόγοςᾶ
311 2773 340 2800 ἐν
355 2773 424 2809 ημῖν
441 2772 634 2808 Rosulano-ltro:
645 2771 699 2800 τῶν
713 2771 786 2800 κατὰ
801 2771 882 2807 φύσιν
893 2780 899 2787 ·
913 2771 974 2798 ὅθεν

181 2820 214 2848 οὐ
227 2819 353 2848 λανθάνει
365 2819 553 2856 πραττομένη.

1029 2358 1154 2381 cusatur.
1169 2354 1198 2382 Si
1213 2354 1286 2383 enim
1301 2360 1442 2391 peccatum
1456 2357 1602 2384 committit
1617 2361 1745 2390 tanquam
1761 2356 1816 2384 no‘n

1030 2399 1117 2434 possit
1130 2399 1165 2427 ab
1179 2407 1212 2428 eo
1226 2408 1256 2428 se
1274 2401 1429 2433 abstinere,
1446 2402 1574 2437 injustam
1584 2402 1731 2437 querelam
1752 2403 1818 2429 sub-

1029 2445 1050 2473 it
1064 2453 1072 2478 ;
1093 2446 1136 2473 sin
1159 2449 1267 2479 autem,
1283 2454 1347 2475 cum
1362 2452 1456 2483 posset
1471 2455 1527 2475 non
1547 2447 1656 2481 iacere,
1671 2447 1735 2475 facit
1751 2454 1817 2474 con-

1029 2492 1155 2526 trarium.
1167 2493 1266 2521 merito
1279 2498 1426 2522 accusatur
1437 2499 1566 2529 tanquam
1580 2494 1743 2529 injustitiam
1755 2501 1817 2522 sus-

1029 2539 1135 2575 cipiens
1147 2548 1153 2566 :
1168 2544 1196 2568 et
1224 2544 1366 2575 peccatum
1380 2543 1455 2568 recte
1466 2540 1571 2568 ratione
1585 2540 1711 2567 criminis
1723 2540 1818 2575 appel~

1030 2585 1102 2614 latur
1117 2591 1276 2622 peccatum,
1290 2586 1365 2623 quod
1386 2594 1494 2623 semper
1515 2586 1698 2614 committitur
1719 2590 1818 2621 praeter

1029 2632 1163 2660 rationem
1179 2640 1233 2669 qua
1249 2632 1287 2659 uti
1302 2633 1408 2667 potuit:
1421 2636 1452 2659 ut
1462 2633 1498 2660 sit
1509 2632 1566 2668 jam
1581 2636 1722 2668 peccatum
1736 2638 1817 2659 omne

1028 2678 1073 2711 id,
1088 2679 1162 2714 quod
1179 2684 1277 2714 prater
1292 2679 1426 2706 rationem
1449 2678 1492 2712 lit,
1517 2679 1643 2714 quamvis
1659 2686 1693 2705 ex
1708 2678 1743 2706 iis
1755 2685 1817 2713 qua!

1028 2729 1093 2754 sunt
1106 2725 1258 2753 secundum
1273 2729 1417 2757 naturam,
1432 2725 1606 2753 occasionem
1621 2728 1648 2752 et
1663 2722 1815 2752 subsidiqu

1028 2771 1163 2807 accipiat:
1187 2779 1255 2800 usus
1278 2771 1351 2799 enim
1375 2778 1472 2799 eorum
1495 2778 1556 2806 quae
1579 2774 1644 2799 sunt
1665 2769 1816 2798 secundum

1027 2823 1173 2851 naturam.
1196 2826 1213 2847 ε
1233 2818 1341 2846 ratione
1360 2825 1491 2851 aversus,
1513 2817 1595 2846 eﬁicit
1622 2820 1652 2844 ut
1672 2819 1818 2853 peccatum

212 2907 275 2946 ιίῢ)
288 2908 410 2944 Κόσμον
421 2909 497 2938 τοίν.
512 2908 631 2944 Clarius,
649 2908 774 2937 modum
790 2909 872 2946 igitur
889 2909 1026 2938 exornavit
1042 2907 1058 2936 ι

377 2916 410 2937 9r
421 2909 497 2938 rolr.
512 2908 631 2944 Clarius,
649 2908 774 2937 modum
790 2909 872 2946 igitur
889 2909 1026 2938 exornavit
1042 2907 1123 2937 Deus.
1140 2907 1223 2936 Bsss.
