2144 3164
219 191 289 219 H57

751 193 936 222 ADVERSUS
954 193 1169 222 IANICIIAEOS
1187 194 1253 224 LIB.
1273 194 1306 223 II.

1779 197 1848 225 “:8

218 259 271 284 σιν,
287 251 454 285 ὶξιταστέον.
472 253 541 280 Ἕνα
564 253 593 280 δὲ
617 253 717 289 τρόπον
742 254 831 281 κοινὸν
847 256 903 286 τοῖς
914 255 1005 297 ίπᾶσιν
1019 259 1041 288 Α
1056 261 1158 289 gnosce

1035 254 1232 289 ,gnoscendus
1252 258 1311 286 est,
1331 253 1377 288 qui
1404 256 1447 281 est
1466 252 1607 281 discessus
1627 253 1726 282 anima
1748 261 1764 281 ι
1782 261 1847 282 eor-

216 296 282 324 δντα
305 299 449 332 γνωστέον,
481 299 552 333 λέγω
574 299 607 335 δὴ
630 300 661 326 τὺ
685 299 722 336 μὴ
738 300 798 336 δίχα
819 296 1006 336 περιστάσεώς

215 350 288 375 τινος
312 345 359 371 καὶ
386 345 509 380 ἀνάγκης
533 345 684 381 ἀναχωρεῖν
701 345 790 381 ψυχὴν
801 347 855 373 ἀπὸ
867 346 1005 382 σώματος,

215 389 283 417 ἀλλά
294 391 463 426 παραμένειν
476 391 529 422 ἕως
552 391 585 418 ἂν
599 392 630 418 τὸ
653 393 766 429 φνσικὺν
779 393 865 428 αὐτῆς
880 393 1006 427 καταγώ-

214 444 275 472 γιον
286 437 466 473 ἀκαθαίρετον
485 437 621 473 διαμένοι·
640 438 727 474 τούτῳ
742 439 833 473 μέντοι
846 439 885 475 τῷ
897 438 1005 474 φυσικῷ

216 483 264 510 καὶ
290 483 373 518 κοινῷ
398 485 564 519 συνυπάρχει
587 493 615 510 τι
641 484 710 517 δέος,
724 486 793 521 ὂπερ
813 486 853 517 είς
869 486 1005 521 τιμωρίας

217 529 334 564 ὑποψίαν
356 529 514 564 ἀναγκαίως
536 530 736 565 παρείληπται,
750 531 781 557 οὺ
799 531 890 566 μέντοι
908 532 1005 563 ἐντοῖς

215 576 309 608 πᾶσιν,
324 575 381 602 ἀλλ’
395 575 435 607 οες
446 584 479 610 γε
495 575 622 611 ήδιάνοια
642 577 785 612 πρόχειρος
800 578 839 608 εἰς
855 576 1004 612 ἁμαρτίαν,

215 620 283 655 πρὸς
307 620 462 657 ἀνατροπὴν
477 621 588 657 ταύτης.
611 621 640 648 '0
655 622 705 657 μὲν
725 622 780 657 γὰρ
803 621 916 657 εμφρων
943 623 1004 648 κατ’

213 664 325 701 ἀρετὴν,
343 665 430 702 ἄραγε
458 666 505 693 τοῦ
537 667 718 702 πλημμελεῖν,
751 667 798 694 καὶ
821 666 869 694 τοῦ
900 667 1004 694 οῖεσθαι

217 712 353 748 μοχθηρὸν
377 711 446 740 εἶναι
463 713 508 740 τὸν
527 713 641 741 Θάνατον
664 714 851 749 ἀπήλλακται·
867 716 881 742 6
897 715 925 742 δὲ
943 715 1003 750 φιλ-

214 758 324 793 αμαρτή
329 766 398 793 μων,
407 758 460 785 ἀπὺ
469 758 519 794 μὲν
533 759 582 794 τῆς
598 759 683 795 αὐτῆς
698 759 790 791 ἀνοίας
800 759 846 794 ἀφ’
852 757 944 796 ἧσπερ
955 760 1004 787 καὶ

162 811 166 814 '
215 802 381 838 πλημμελεῖ,
391 804 436 830 τὸν
448 803 563 830 θάνατον
575 804 739 831 εὐλαϐεῖται.
767 806 928 841 Ἀναγκαῖον
943 806 1004 841 μέν·

214 857 255 876 τοι
267 849 316 884 τῆς
332 849 425 881 ἀνοίας
445 849 501 885 ἔχει
516 849 548 876 τὸ
564 849 683 877 τοιοῦτον
696 851 943 888 παρακολούθημα,
959 853 1003 880 ἵνα

212 893 244 920 τὸ
255 894 330 926 ἀδεὲς
351 894 454 927 δεδιὼς,
478 895 493 921 ὃ
516 895 653 931 προσῆκεν
668 895 777 931 ἀληθῶς
792 896 915 930 δεδιέναι,
931 897 1003 932 λέγω

212 940 245 976 δὴ
256 941 304 976 τῆς
318 941 455 976 ἁμαρτίας
476 940 596 977 διαφύγῃ
612 941 662 975 τὴν
686 941 798 978 βλάϐην.
817 942 942 970 Ἐπειδὰν
954 942 1002 971 οὖν

212 981 347 1022 πλεονάσῃ
358 987 423 1021 παρ’
439 986 528 1020 εονιεσι
548 986 582 1013 τὰ
607 987 659 1022 τῆς
675 988 823 1023 ἁμαρτίας,
840 986 874 1024 ἧς
887 998 919 1023 γε
932 997 1001 1024 τυγ-

212 1032 288 1066 χάνει
311 1031 340 1058 ἒν
370 1029 439 1063 εἶδος
460 1032 490 1063 τὸ
505 1032 553 1067 τῆς
569 1032 731 1068 ἀπληστίας,
751 1034 856 1065 ἑαυτοῖς
868 1035 1001 1071 παραίτια

212 1076 390 1112 γίγνεταιτῆς
399 1076 469 1103 κατὰ
482 1076 513 1103 τὸ
525 1077 687 1112 φαινόμενον
700 1079 844 1114 τιμωρίας,
856 1080 917 1116 ἥτις
927 1081 1000 1109 κατὰ

213 1121 263 1156 μὲν
276 1122 306 1148 τὸ
318 1121 414 1157 ἀληθὲς
426 1123 466 1154 ὡς
480 1122 530 1149 οὐκ
544 1123 577 1149 ἂν
585 1123 627 1158 ετη
644 1124 764 1160 τιμωρία
772 1124 905 1158 λέλεκται,
919 1127 998 1161 φύσει

211 1169 287 1203 κοινῇ
305 1168 375 1194 κατὰ
392 1168 502 1195 πάντων
527 1168 666 1205 ὡρισμένη
677 1178 684 1185 ·
702 1170 842 1206 εὐεργετεί
851 1171 879 1198 δὲ
892 1172 955 1205 τούς
967 1181 997 1199 τε

209 1215 358 1247 πίπτοντας
383 1216 412 1242 ὲν
427 1215 537 1250 πολέμῳ
559 1217 605 1242 καὶ
617 1216 681 1248 τοὺς
701 1216 926 1253 διασωζομένους,
942 1221 998 1251 τοῖς

210 1260 259 1296 μὶν
275 1260 411 1296 ἁμαρτίας
431 1261 508 1293 τέλος
518 1261 685 1297 παρέχουσα,
716 1263 772 1294 τοῖς
790 1262 819 1289 δὲ
846 1263 997 1299 ὑπόδειγμα

207 1305 284 1338 δέους
298 1306 449 1341 ἐμποιοῦσα
460 1315 468 1321 ·
489 1307 628 1343 εὐεργετεῖ
644 1307 683 1339 δὲ,
698 1307 748 1334 κᾶν
763 1307 861 1335 δίκαιοι
875 1308 914 1344 τῷ
929 1309 998 1345 πλη-

207 1352 249 1379 θει
269 1352 488 1379 συναπέλοωσιν·
518 1353 555 1384 ὼς
568 1353 622 1389 γὰρ
641 1354 697 1385 τοῖς
724 1354 828 1385 ἀδίκοις
849 1354 926 1386 τέλος
947 1358 998 1391 της

207 1397 314 1430 ἀδικίας
332 1398 346 1424 ό
360 1398 484 1430 θάνατος,
501 1398 572 1426 οὕτω
584 1398 612 1425 δὲ
628 1398 676 1426 καὶ
689 1399 804 1431 δικαίοις
818 1399 856 1432 ὡς
872 1402 996 1435 νικηταῖς

206 1444 305 1479 τρόπον
321 1443 382 1471 τινὰ
394 1445 533 1479 στεφάνων
544 1444 614 1481 ἀρχή

241 1532 323 1559 Ὥστε
336 1531 488 1568 θαυμάσιον
507 1531 553 1559 διὰ
571 1532 620 1568 τῆς
641 1533 780 1567 πανσόφου
800 1532 928 1568 προνοίας
948 1532 995 1559 τοῦ

205 1578 271 1606 Θεοῦ
289 1577 448 1614 συμϐαίνει·
466 1579 497 1605 τὸ
515 1578 569 1614 γὰρ
582 1578 677 1605 δοκοῦν
695 1577 828 1610 κολάζειν,
844 1579 992 1614 εὐεργετεῖ·
1007 1594 1030 1624 c

205 1626 252 1652 καὶ
264 1625 326 1652 οὐδὲ
339 1625 372 1651 δι’
384 1622 423 1651 ὧν
432 1625 466 1651 αὑ
472 1625 512 1656 τὸς
523 1623 652 1660 ἄντικρυς
664 1624 862 1656 κατασκευάζει
875 1623 995 1659 ἀνιαρῶν

204 1669 273 1698 εἶναι
287 1670 448 1702 δοκούντων,
468 1670 535 1696 ἀλλά
549 1670 582 1697 δι’
594 1667 632 1696 ὧν
645 1669 801 1705 ἀνθρώποις
816 1669 994 1705 αὐτομολοῦσι

206 1717 350 1751 συγχωρεῖ·
365 1715 436 1741 ὥστε
456 1715 573 1748 πόλεμος
587 1716 637 1742 οὐκ
655 1715 736 1750 ἔργον
748 1714 827 1747 Θεοῦ,
846 1715 916 1742 ἀλλά
927 1723 994 1750 συγ-

203 1761 322 1796 χώρησις
340 1760 476 1794 ἀναγκαία
493 1761 533 1792 εἰς
551 1761 601 1795 μὲν
623 1759 740 1794 ὑποψίαν
762 1760 898 1796 τιμωρίας
923 1761 994 1787 κατά

202 1807 252 1842 τῆς
267 1807 414 1842 ἁμαρτίας,
436 1806 506 1833 κατά
521 1806 549 1832 δὲ
568 1806 598 1833 τὸ
617 1805 726 1841 ἀληθὲς,
749 1807 788 1838 εἰς
805 1806 881 1839 τέλος
896 1807 991 1842 αὐτῆς·

203 1853 267 1880 ἔνθα
281 1853 333 1880 xiv
345 1852 448 1884 δίκαιος
461 1852 542 1888 πέσῃ,
561 1852 664 1879 δίκαιον
677 1852 706 1878 δὲ
721 1851 850 1887 πολεμεῖν
866 1852 992 1885 ἀπικός,

204 1898 334 1935 μειζόνως
346 1899 539 1934 εὐεργετεῖται·
557 1898 649 1933 μεῖζον
661 1898 714 1933 γὰρ
730 1897 777 1924 τοῦ
793 1897 930 1932 παυθῆναι
944 1906 993 1925 κα-

203 1946 264 1977 κίας
280 1944 310 1972 τὸ
328 1945 441 1980 καρπιῖιν
460 1944 612 1971 ἀπολαῦσαι
625 1943 680 1970 τῶν
695 1943 746 1979 τῆς
767 1943 869 1980 ἀρετῆς
890 1945 990 1978 πόνων,

202 1991 270 2026 ὅπερ
291 1990 414 2017 εὐσεϐέσι
442 1989 512 2026 μετά
533 1989 646 2017 θάνατον
671 1990 798 2026 ὑπάρχει.
822 1991 854 2017 οι
873 1990 902 2017 δὲ
924 1991 992 2027 πρὸς

203 2037 287 2063 ταῦτα
303 2036 508 2072 διαμαχόμενοι,
530 2037 593 2072 πρὶν
611 2036 641 2062 τὸ
657 2035 772 2063 καθόλου
788 2035 923 2070 διελέγξαι
940 2045 991 2064 κα-

203 2082 261 2114 κὸν,
278 2082 309 2108 τὸ
330 2082 412 2118 μέρος
432 2082 631 2109 διαϐάλλουσιν·
654 2083 677 2109 εί
698 2082 753 2118 γὰρ
766 2082 803 2114 ὡς
823 2083 878 2109 ἀπὸ
892 2083 992 2116 κακίας

202 2129 396 2165 ὺφεστηκυίας,
410 2130 456 2156 καὶ
470 2129 555 2164 ἀρχῆς
569 2129 768 2164 ἀνάρχου,τοί›ς
781 2129 915 2165 πολέμους
925 2131 992 2166 ἡμῖν

201 2174 440 2209 κατακομίζουσιν.
454 2175 535 2202 αὐτόν
547 2183 579 2209 γε
598 2174 644 2201 τὸν
656 2174 770 2202 θάνατον
784 2175 830 2202 καὶ
845 2175 925 2210 μόνον
940 2185 991 2203 κα-

201 2221 276 2248 κίσαι
292 2221 428 2256 προσῆκον
443 2218 478 2256 ἦν
492 2221 594 2253 αὐτοῖς·
612 2221 737 2258 περιττὸν
752 2221 807 2257 γὰρ
822 2221 872 2253 τὰς
886 2222 991 2258 προφά-

1056 307 1131 335 pure,
1149 308 1202 328 non
1219 301 1280 328 sine
1299 307 1367 328 casu
1389 299 1507 335 quodam
1534 304 1562 327 et
1588 299 1765 333 necessitate,
1795 300 1845 328 sed

1055 345 1270 380 exspectandum
1293 350 1354 377 est,
1372 345 1494 380 quandiu
1522 344 1694 372 domicilium
1720 345 1847 372 naturale.

1055 390 1135 418 durat
1148 395 1240 418 etnon
1255 390 1433 419 dissolvitur:
1451 398 1513 419 cum
1538 391 1590 419 hoc
1611 394 1705 418 tamen
1720 391 1845 418 naturali

1055 436 1193 465 domicilio
1207 440 1236 465 et
1246 436 1385 464 communi
1405 437 1488 465 simul
1508 437 1580 464 inest
1595 436 1708 472 quidam
1727 440 1820 464 metus
1837 456 1845 468 .

1054 483 1101 518 qui
1113 482 1221 518 quidem
1238 482 1397 510 necessario
1408 482 1443 511 de
1461 485 1590 517 suspecto
1599 482 1736 517 supplicio
1751 483 1845 510 susci~

1055 529 1146 563 pitur;
1165 536 1219 556 non
1239 533 1330 557 tamen
1345 529 1381 556 ab
1394 529 1542 561 omnibus,
1557 528 1606 557 sed
1630 530 1665 556 ab
1684 529 1719 558 iis
1741 530 1845 566 quibus

1054 582 1132 603 mens
1147 579 1190 603 est
1203 579 1328 611 prompta
1347 579 1375 602 et
1397 574 1487 603 Iacilis
1504 575 1537 602 ad
1559 580 1723 611 peccatum;
1740 575 1774 603 ad
1791 576 1846 604 bu‘

1050 619 1097 654 jus
1121 619 1195 647 enim
1216 620 1387 647 aversionem
1410 623 1500 646 metus
1530 619 1576 647 ille
1598 620 1760 655 suscipitur.
1791 618 1844 654 Qui

1053 665 1126 694 enim
1142 665 1216 700 degit
1231 672 1266 693 ex
1287 665 1398 696 virtute,
1415 665 1440 693 is
1457 665 1568 700 quidem
1597 673 1713 706 peccare
1733 665 1843 695 desivit.

1051 715 1081 739 et
1094 719 1148 739 non
1156 712 1284 747 opinatur
1297 711 1394 739 duram
1410 719 1472 739 esse
1487 715 1613 739 mortem.
1625 709 1678 744 Qui
1686 717 1753 739 vero
1766 710 1844 740 dedi-

1053 763 1097 787 tus
1113 763 1155 787 est
1169 759 1290 794 peccatis
1305 777 1313 790 ,
1340 757 1436 786 eadem
1455 757 1640 794 imprudentia
1659 765 1713 793 qua
1729 761 1842 793 peccat.

1052 807 1167 831 mortem
1179 804 1268 832 timet.
1283 802 1477 832 Necessarium
1494 807 1583 831 tamen
1606 806 1651 831 est
1666 807 1696 830 ut
1709 803 1780 832 hanc
1792 804 1844 832 im-
1893 811 1899 816 ·

1052 849 1225 885 prudentium
1243 849 1288 877 hic
1302 853 1393 877 metus
1411 852 1614 884 consequatur,
1640 853 1671 876 ut
1695 849 1743 885 qui
1759 849 1845 878 time-

1051 895 1098 923 bat
1110 896 1137 924 id
1150 896 1178 924 in
1195 903 1251 932 quo
1264 903 1320 924 non
1333 900 1393 924 erat
1407 896 1500 927 timor,
1513 903 1577 924 vere
1592 895 1689 923 timeat
1711 895 1786 931 quod
1803 896 1844 924 ti-

1018 931 1039 959 Β
1053 949 1127 970 mere
1140 931 1258 978 oportet,
1272 943 1413 974 damnum,
1431 942 1556 978 inquam.
1571 949 1606 970 ex
1624 945 1750 977 peccato.
1770 941 1842 976 Quia

1052 988 1136 1023 igitur
1153 993 1247 1024 gentes
1266 989 1388 1024 peccatis
1404 988 1570 1019 redundant.
1587 987 1707 1024 quorum
1733 988 1842 1024 Species

1051 1041 1105 1061 una
1123 1037 1166 1062 est
1180 1034 1363 1062 insatiabilem
1385 1042 1468 1066 esse,
1497 1034 1564 1068 ipsa!
1587 1037 1652 1061 sunt
1677 1033 1732 1062 sibi
1756 1041 1841 1061 causa

1051 1080 1196 1114 supplicii,
1214 1079 1242 1107 id
1260 1083 1302 1107 est
1320 1080 1432 1114 mortis;
1451 1079 1524 1116 quod
1551 1078 1663 1115 quidem
1677 1078 1782 1107 dictum
1797 1081 1842 1106 est

1048 1131 1104 1151 non
1121 1132 1183 1152 csse
1197 1131 1261 1152 vere
1279 1124 1455 1159 supplicium,
1471 1123 1545 1159 quod
1564 1127 1664 1151 natura
1685 1126 1731 1152 est
1746 1123 1840 1151 omni-

1049 1169 1101 1198 bus
1115 1169 1268 1203 deﬁnitum,
1293 1169 1426 1198 beneﬂcio
1455 1173 1547 1197 autem
1568 1169 1650 1197 allicit
1666 1177 1716 1198 eos
1741 1169 1790 1205 qui
1811 1169 1839 1197 in

1048 1215 1120 1243 bello
1130 1214 1246 1247 cadunt,
1268 1218 1296 1243 et
1312 1223 1360 1243 eos
1375 1215 1421 1250 qui
1443 1215 1562 1242 evadunt
1579 1214 1735 1243 incolumes
1750 1223 1758 1242 ε
1781 1214 1839 1242 Illis

1048 1261 1158 1300 quidem
1178 1261 1258 1289 linem
1273 1260 1403 1296 peccandi
1424 1260 1516 1292 allert.‘
1529 1261 1573 1289 Itis
1585 1268 1652 1289 vero
1677 1260 1837 1295 exemplum

1048 1306 1155 1334 timoris
1173 1306 1311 1341 proponit.
1325 1305 1414 1333 Atlicit
1434 1309 1525 1332 autem
1540 1305 1686 1337 beneﬁcio,
1708 1305 1774 1332 licet
1797 1304 1841 1339 ju-

1047 1354 1083 1380 sti
1098 1361 1159 1381 cum
1175 1353 1352 1380 multitudine
1374 1352 1449 1388 vulgi
1465 1359 1481 1378 a
1496 1351 1551 1379 vita
1578 1351 1709 1380 recedant
1725 1360 1733 1385 ;
1764 1351 1840 1379 sicut

1047 1398 1120 1425 enim
1146 1398 1256 1433 iniustis
1272 1405 1347 1425 mors
1372 1402 1416 1425 est
1435 1397 1497 1424 linis
1517 1397 1671 1433 injustttiz,
1688 1397 1732 1424 sic
1752 1396 1838 1432 justis

1047 1449 1177 1479 tanquam
1192 1444 1343 1472 victoribus
1366 1443 1571 1479 quodammodo
1591 1448 1634 1472 est
1655 1443 1766 1471 initium
1790 1450 1839 1470 co-

1047 1497 1189 1518 ranarum.

1085 1534 1162 1563 Unde
1178 1535 1229 1563 hoc
1249 1542 1299 1570 per
1316 1534 1515 1570 providentiam
1531 1533 1578 1564 Dei
1602 1533 1837 1571 sapientissimum

1047 1579 1207 1608 admirabile
1228 1581 1329 1613 evenit,
1354 1584 1383 1607 ut
1395 1579 1468 1616 quod
1483 1579 1590 1607 videtur
1609 1578 1720 1614 punire.
1733 1577 1839 1606 beneﬂ—

1045 1627 1117 1654 cium
1133 1626 1189 1655 ﬁat.
1205 1625 1265 1654 Non
1278 1626 1341 1654 dico
1357 1626 1441 1653 videri
1457 1625 1554 1661 punire
1575 1632 1625 1660 per
1642 1631 1675 1653 ea
1689 1632 1752 1660 quae
1764 1624 1838 1652 Deus

1043 1672 1117 1700 haud
1133 1673 1215 1701 dubie
1232 1672 1308 1703 facit,
1332 1680 1394 1707 quae
1414 1672 1513 1699 acerba
1528 1675 1557 1699 et
1573 1678 1673 1707 aspera
1694 1670 1835 1703 videntur,

1043 1717 1092 1746 sed
1115 1725 1164 1752 per
1186 1725 1218 1745 ea
1242 1725 1304 1754 quae
1325 1717 1486 1745 hominibus
1506 1715 1660 1752 transfugis
1682 1716 1834 1753 permittit;

1042 1763 1219 1798 quamobrem
1235 1763 1337 1791 bellum
1352 1763 1467 1791 istorum
1481 1769 1537 1790 non
1553 1763 1598 1790 est
1609 1769 1683 1798 opus
1696 1760 1758 1794 Dei,
1777 1761 1827 1790 sed

1043 1807 1189 1843 permissio
1213 1808 1380 1836 necessaria.
1405 1806 1435 1835 In
1455 1807 1576 1843 speciem
1592 1807 1704 1843 quidem
1727 1806 1763 1834 ad
1780 1814 1834 1842 pu-

1042 1853 1172 1882 niendum
1188 1856 1342 1888 peccatum,
1359 1861 1424 1881 vere
1438 1858 1529 1881 autem
1541 1852 1577 1881 ad
1590 1852 1785 1888 imponendum
1802 1853 1835 1879 ti-

1042 1907 1104 1927 nem
1126 1904 1256 1935 peccato;
1279 1898 1326 1927 ubi
1350 1900 1475 1934 quamvis
1486 1899 1579 1934 justus
1609 1898 1691 1927 cadat
1718 1898 1834 1934 (justum

1041 1950 1132 1974 autem
1149 1946 1251 1974 bellare
1267 1953 1322 1974 non
1338 1946 1447 1982 decet),
1466 1947 1556 1981 majus
1572 1945 1734 1974 beneﬁcium
1760 1947 1833 1974 acci-

1041 1992 1098 2027 pit;
1124 1992 1213 2027 majus
1236 1992 1310 2019 enim
1328 1996 1372 2020 est
1395 1992 1538 2027 percipere
1559 1990 1683 2020 fructum
1702 1990 1833 2019 laborum

1041 2030 1159 2070 virtuiis,
1177 2037 1251 2073 quod
1269 2037 1321 2073 piis
1343 2041 1405 2072 post
1429 2042 1544 2065 mortem
1565 2036 1717 2072 contingit,
1744 2043 1831 2071 quam

1041 2083 1166 2112 desinere
1189 2090 1314 2118 peccare.
1338 2083 1391 2115 Qui
1416 2086 1507 2111 autem
1536 2086 1633 2110 contra
1657 2081 1715 2109 hanc
1739 2080 1832 2109 disce-

1041 2132 1128 2164 ptant,
1154 2129 1313 2164 priusquam
1338 2128 1455 2163 probent
1483 2127 1584 2155 bellum
1608 2134 1670 2155 esse
1694 2134 1728 2154 ex
1754 2126 1831 2154 omni

1041 2179 1118 2211 parte
1139 2175 1251 2209 malum,
1269 2180 1374 2210 partem
1391 2174 1452 2209 ejus
1472 2178 1614 2202 accusant.
1633 2173 1662 2201 Si
1683 2173 1756 2201 enim
1770 2172 1830 2201 bel-

1041 2221 1129 2248 lorum
1146 2222 1279 2257 originem
1298 2228 1332 2249 ex
1360 2221 1483 2256 nequitia
1516 2227 1565 2255 per
1583 2228 1614 2248 se
1636 2220 1786 2247 exsistente
1802 2221 1831 2246 ιι

201 2275 258 2299 σεις
274 2266 422 2299 ἐξετάζειν,
435 2267 481 2294 τοῦ
494 2268 651 2302 ἀναγκαίως
669 2267 863 2303 συμϐαίνοντος
876 2267 991 2303 ἀκρίτου
1008 2265 1029 2293 ο
1043 2274 1077 2294 ex
1093 2266 1161 2302 prim

1043 2274 1077 2294 ex
1093 2266 1229 2302 principio
1251 2266 1373 2302 ingenito
1401 2265 1466 2293 duci
1489 2265 1596 2297 dicunt,
1615 2265 1761 2301 oportebat
1780 2270 1831 2292 eos

201 2311 338 2347 μένοντος.

1042 2312 1129 2346 ipsam
1153 2315 1280 2343 mortem,
1301 2315 1329 2338 et
1350 2310 1459 2346 quidem
1483 2311 1569 2338 solam
1593 2311 1767 2346 vituperare:
1782 2316 1832 2337 su-

199 2365 398 2392 pervacaneuut
410 2358 482 2385 enim
495 2363 536 2386 est
550 2366 650 2387 causas
665 2359 799 2386 bellorum
813 2362 942 2386 excutere
959 2362 986 2387 et
1004 2359 1154 2395 inquirere,
1169 2366 1232 2387 cum
1246 2358 1318 2394 quod
1332 2358 1491 2388 necessario
1504 2358 1614 2391 accidit,
1639 2358 1669 2387 in
1702 2358 1731 2386 id
1753 2356 1829 2393 judi-

136 2434 140 2435 ν
198 2403 272 2430 cium
287 2411 342 2431 non
357 2403 447 2432 cadat.

579 2473 645 2500 Cu.
664 2471 732 2500 XIII.
752 2471 865 2500 Mortem
882 2472 983 2499 malum
997 2480 1049 2499 non
1067 2479 1133 2503 esse,
1150 2471 1246 2498 iterum
1265 2470 1451 2506 conﬁrmatur.

234 2540 295 2571 [Ιῶς
311 2540 333 2567 δ’
348 2540 380 2567 ἂν
403 2540 449 2567 τὸν
475 2540 588 2568 θάνατον
610 2541 723 2569 κακίσαι
745 2541 895 2577 δυνηθεῖεν,
918 2542 986 2568 ἀπυ-

196 2586 294 2613 λύοντά
310 2594 342 2620 γε
359 2586 408 2622 τῆς
425 2586 500 2622 ὕλης,
519 2587 589 2613 κιτά
603 2588 649 2614 τὸν
661 2587 739 2622 λόγον
754 2586 802 2614 τοῦ
816 2587 984 2620 ἀπατεῶνες,

195 2631 244 2668 τὴν
257 2625 362 2666 qnian
375 2632 456 2658 Ὥστε
469 2632 540 2658 κατά
552 2632 601 2667 μὲν
614 2632 664 2668 τὴν
682 2632 775 2669 κοινὴν
790 2632 869 2665 δόξαν
885 2632 985 2668 ἥκιστά

195 2686 227 2712 γι
244 2677 359 2709 Θάνατος
371 2677 464 2704 κακόν·
483 2677 514 2704 τὸ
527 2677 582 2713 γὰρ
597 2678 754 2712 ἀναγκαίως
765 2679 821 2710 τοῖς
834 2678 900 2704 πᾶσι
916 2685 985 2713 συμ-

194 2725 285 2751 ϐαῖνον
297 2724 328 2750 οὐ
342 2723 435 2751 κακόν·
455 2724 542 2760 μάτην
557 2724 638 2751 αὑτὸν
651 2724 694 2751 διὰ
707 2725 771 2759 τοὺς
786 2724 919 2759 πολέμους
929 2724 985 2751 δια-

193 2769 345 2802 ϐάλλουσιν,
364 2769 440 2797 οὑόδν
463 2769 544 2796 πλέον
566 2762 703 2804 ὲπάγοντα
727 2770 781 2797 τῶν
803 2770 874 2797 κατὰ
900 2770 980 2804 φύσιν

192 2811 391 2851 ἀποκειμένων.
409 2817 440 2843 Εἰ
451 2816 481 2842 δέ
492 2824 535 2848 τις
550 2816 599 2852 τὴν
610 2817 746 2852 πρόφασιν
762 2817 848 2853 αὐτὴν
862 2817 915 2843 τῶν
929 2825 980 2843 πο-

192 2861 283 2898 λέμων
297 2862 412 2895 κακίζοι,
433 2862 483 2888 εῖτ*
497 2860 544 2889 οὖν
564 2861 658 2898 ὀργὴν,
676 2862 724 2888 εἰτ’
739 2862 850 2898 ἔχθραν,
862 2863 917 2889 εἴτε
933 2863 980 2890 καὶ

193 2908 358 2942 πλεονεξίαν,
374 2909 424 2936 οὐκ
441 2908 474 2936 ἂν
494 2908 669 2944 διαμαρτάνοι
687 2908 734 2935 τοῦ
754 2908 917 2944 πρέποντος·
934 2909 980 2935 ἀν-

1072 2541 1216 2575 Quomodo
1236 2545 1327 2569 autem
1344 2545 1459 2576 possunt
1475 2545 1591 2569 mortem
1608 2542 1708 2570 malam
1722 2542 1823 2576 dicere,

1037 2595 1110 2622 quze.
1124 2590 1153 2613 ut
1168 2585 1335 2614 blanichzus
1342 2585 1475 2614 fallaciter
1485 2586 1579 2620 tradit,
1595 2587 1715 2615 animam
1733 2595 1750 2616 a
1764 2596 1825 2616 rna-

1035 2633 1105 2660 teria
1126 2632 1245 2660 liberat?
1267 2631 1357 2665 Quare
1382 2633 1522 2660 communi
1544 2633 1667 2660 omnium
1688 2635 1825 2662 sententia

1036 2683 1209 2712 nequaquam
1227 2677 1329 2704 malum
1345 2680 1387 2704 est
1405 2684 1479 2704 mors
1492 2686 1498 2704 :
1513 2676 1586 2712 quod
1600 2677 1673 2705 enim
1694 2685 1824 2706 moesta--

1034 2724 1078 2751 rio
1092 2723 1220 2751 omnibus
1236 2724 1347 2757 accidit,
1369 2732 1424 2751 non
1445 2728 1487 2752 est
1508 2725 1620 2752 malum.
1637 2724 1758 2752 Inaniter
1773 2733 1824 2752 au-

1035 2774 1089 2798 tem
1106 2776 1305 2805 mortein,qua
1321 2775 1432 2806 propter
1456 2770 1526 2798 bella
1543 2770 1655 2804 accidit,
1671 2776 1822 2806 accusant;

1034 2823 1095 2851 qua
1106 2816 1174 2843 nihil
1186 2816 1304 2851 amplius
1316 2816 1395 2843 allert
1413 2824 1495 2851 quam
1513 2815 1586 2851 quod
1602 2816 1752 2844 secundum
1771 2824 1822 2843 na-

1034 2866 1123 2889 turam
1139 2862 1318 2889 constitutum
1338 2867 1389 2889 est.
1405 2861 1434 2889 Si
1447 2862 1509 2897 quis
1525 2869 1590 2890 vero
1604 2862 1690 2897 ipsam
1707 2869 1820 2890 causam

1033 2908 1167 2936 bellorum
1183 2908 1282 2936 malam
1295 2915 1357 2937 esse
1367 2908 1454 2942 dicat,
1468 2909 1526 2937 sive
1538 2909 1580 2936 ira
1595 2909 1642 2942 sit,
1655 2909 1715 2938 sive
1727 2907 1824 2938 inimi-
