2144 3164
375 170 442 198 1167

934 167 1003 196 τιτι
1021 165 1237 195 ΒοετιιεΝειε
1256 165 1410 194 EPISCOPI

1926 165 1998 194 ιδοε

372 230 432 256 teut
445 237 451 254 :
465 234 562 254 rursus
573 233 647 259 vero,
655 234 716 262 qua
727 232 807 255 erant
820 227 849 255 In
861 227 1068 259 consuetudine,
1080 235 1158 255 exer-
1171 232 1195 260 Α
1208 235 1218 252 -ι

1149 242 1158 248 -
1171 232 1195 260 Α
1208 225 1297 253 πειθοῖ
1312 225 1470 263 μεταϐάλῃ·
1497 223 1575 258 αὖθις
1596 225 1625 253 δὲ
1645 225 1681 252 τὰ
1701 225 1803 262 συνήθη
1827 226 1995 254 πολιτεύεται

373 276 481 305 centnr,
498 272 526 299 in
551 272 651 307 quibus
670 272 779 301 animus
795 276 825 301 et
849 274 975 301 voluntas
991 280 1088 301 eomtm
1109 273 1157 309 qui

373 319 469 345 mutati
485 322 558 351 sunt,
572 322 710 353 spectatur
737 324 765 347 et
793 319 971 354 expleratur,
1000 322 1031 345 ut
1059 319 1076 346 ii
1100 319 1158 346 sola

373 363 503 390 memoria
533 362 718 397 exemplorum
743 363 929 391 infirmitatem
948 370 1024 390 suam
1043 362 1158 389 fulciant

373 413 400 435 et
415 409 565 441 stabiliant,
579 408 626 444 qui
645 413 709 436 sunt
723 409 792 444 grati
815 413 843 436 et
859 409 938 443 aequi.
955 408 1011 436 lino
1031 415 1095 435 vero
1107 414 1157 442 po-

374 455 427 481 tius
446 454 591 482 dicendum
605 459 665 486 est,
691 454 715 482 si
730 462 793 482 cum
809 454 875 481 talia
893 454 1062 489 contingant,
1078 453 1158 488 pauci

374 499 485 534 quidam
500 503 527 526 et
544 500 621 527 valde
636 499 691 527 rari
708 503 772 527 sunt
793 501 840 535 qui
867 500 951 527 vitam
975 504 1098 532 mutant;
1123 507 1158 527 an

373 553 428 573 non
445 546 530 573 multo
546 546 607 581 plus
634 545 667 572 ad
689 546 838 581 nequitiam
860 546 991 581 cogitatio
1017 545 1157 573 hominum

374 590 548 626 profecisset,
563 591 585 618 si
602 597 650 626 per
665 590 722 619 haec
735 599 796 627 qua
812 592 956 624 accidunt,
975 599 1030 619 non
1045 591 1119 619 ﬁeret
1142 598 1158 618 a

374 637 492 672 peccatis
507 637 651 664 avocatio?

407 681 485 716 Quod
496 683 519 710 si
536 682 625 710 nullus
640 683 704 710 hinc
716 683 861 710 utilitatem
876 686 995 718 caperet.
1011 683 1082 718 quod
1102 682 1159 718 qui-

373 728 434 756 dem
460 728 563 755 fatuum
584 732 625 756 est
651 729 759 761 dicere;
786 732 928 763 przestaret
958 727 1157 764 reprehendere

373 774 509 806 homines,
531 774 577 809 qui
591 781 642 802 nec
656 774 707 802 boc
723 774 832 809 quidem
850 773 931 800 modo
948 773 1039 808 juvari
1053 773 1157 804 volunt,

374 826 454 854 quam
468 819 574 854 culpam
585 819 753 855 negligentiae
767 819 794 846 in
807 818 890 846 Deum
904 817 1064 849 transferre,
1079 818 1157 853 quasi

375 871 429 891 non
444 865 560 900 amplius
586 863 677 892 studio
695 864 871 892 convertendi
888 867 1026 897 utentem;
1041 871 1094 898 qua
1114 871 1157 890 ra-

1207 271 1239 297 τδ
1249 271 1359 306 δόκιμον
1373 271 1423 306 τῆς
1442 271 1598 306 προθέσεως
1615 273 1671 303 τοῖς
1686 271 1934 307 μεταϐαλλομένοις
1945 274 1997 308 ἑμ-

1208 315 1346 347 ποιοῦντα,
1362 315 1407 343 ινα
1417 316 1464 342 καὶ
1482 316 1566 352 μόνην
1576 317 1629 344 τῶν
1645 317 1851 352 ὑποδειγμάτων
1862 317 1913 353 τὴν
1928 320 1982 355 μνη

1209 370 1264 397 μην
1283 362 1341 388 ἀντ’
1366 362 1527 397 ἐρείσματος
1551 362 1638 397 ἔχοιεν
1656 362 1706 398 τῆς
1729 363 1834 389 ἑαυτῶν
1855 363 1998 396 ἀσθενείας

1207 408 1232 434 oi
1252 407 1432 444 εὐγνώμονες.
1452 408 1560 445 Ῥητέον
1574 409 1603 435 δὲ
1626 409 1738 445 μᾶλλον,
1758 409 1806 442 ὡς,
1822 411 1846 436 εί
1865 411 1921 441 καὶ.
1942 410 1997 438 τῶν

1207 453 1335 481 τοιούτων
1352 453 1565 489 συμϐαινόντων,
1580 454 1665 489 ὀλίγοι
1685 455 1757 488 τινες
1783 456 1831 483 καὶ
1847 455 1998 493 εὐαρίθμηο

1206 507 1248 526 τοι
1268 498 1448 534 τυγχάνουσιν
1461 498 1486 524 οἱ
1505 498 1718 534 διαμειϐόμενοι,
1736 498 1795 531 πῶς
1817 499 1867 526 οὐκ
1886 499 1920 526 ἃν
1944 500 1997 526 tt:-

1208 544 1313 573 έδωκεν,
1324 544 1372 570 ἐπὶ
1397 543 1524 572 πλεῖστον
1543 544 1676 579 πονηρίας
1695 544 1750 571 τῶν
1764 544 1915 581 ἀνθρώπων
1928 546 1942 572 ό
1953 545 1998 572 λο-

1207 591 1317 626 γισμὸς,
1340 591 1419 625 εἴπερ
1443 590 1460 626 ἡ
1485 589 1529 616 διὰ
1554 589 1608 616 τῶν
1633 589 1762 617 τοιούτων
1784 591 1928 627 ἀποτροπὴ
1957 590 1998 627 μὴ

1208 637 1280 664 ἐπίοι
1293 645 1300 669 ;

1243 682 1275 708 Εἰ
1293 681 1321 708 δὲ
1337 681 1384 709 καὶ
1405 681 1499 718 μηδεὶς
1516 680 1638 709 ἑντεῦθεν
1655 680 1796 716 ὠφελεῖτο,
1811 682 1879 718 ὅπερ
1892 683 1998 717 quem

1208 728 1304 759 εἰπεῖν,
1321 727 1424 764 βέλτιον
1439 727 1600 763 ἀνθρώπους
1617 727 1787 763 ἐλέγχεσθαι,
1799 728 1838 760 ὡς
1851 729 1919 765 μηδὲ
1935 728 1999 756 τοῦ-

1207 781 1253 800 τον
1263 774 1308 800 τὸν
1320 773 1419 808 τρόπον
1429 773 1590 806 ἐνδιδόντας,
1605 773 1622 809 ἢ
1636 773 1703 800 Θεδν
1715 773 1845 809 ἀμελείας
1858 774 1891 801 ἂν
1906 774 1999 802 αἰτίαν

1209 818 1330 854 ὑπέχειν,
1345 818 1383 850 ὡς
1402 818 1501 854 μηκέτι
1524 818 1702 855 ὲπιστρεφεία
1718 818 1866 854 χρώμενον·
1886 816 1909 853 ᾧ
1925 827 1997 855 χρη-

1209 864 1285 890 στέον
1301 864 1373 899 λόγῳ
1386 864 1458 891 κατὰ
1469 864 1523 891 τῶν
1537 864 1575 901 μὴ
1591 864 1839 900 ὲπαισθανομένων·
1854 865 1932 901 δῆλον
1941 865 2000 902 γὰρ

374 910 448 937 tione
465 909 593 937 utendum
610 914 653 937 est
676 910 703 936 in
723 917 770 938 eos
798 909 845 944 qui
862 909 965 936 nullum
985 916 1095 937 sensum
1116 913 1158 936 ta-
1174 902 1195 931 Β
1207 918 1220 936 τ

1154 923 1158 928 -
1174 902 1195 931 Β
1207 911 1264 942 τοῖς
1275 910 1454 944 εὐγνώμοσιν,
1465 909 1504 942 ὡς
1515 910 1545 936 οὐ
1560 910 1640 946 μόνον
1653 911 1721 946 πρδς
1733 910 1764 937 τὸ
1776 912 1898 946 κρεῖττον
1913 919 2000 946 μετα-

374 953 439 981 Ilum
459 954 580 989 capiunt.
607 953 655 981 Est
674 958 764 982 autem
785 959 953 989 compertum
976 953 1009 982 iis
1032 954 1078 989 qui
1095 957 1159 981 sunt
1210 954 1220 981 ε

1153 957 1159 981 ι
1210 954 1290 990 ϐολῆς
1305 956 1320 982 ό
1336 955 1418 990 φόϐος
1433 955 1505 990 ἄγει,
1522 955 1591 983 ἀλλὰ
1603 956 1650 983 καὶ
1663 958 1720 988 τοῖς
1732 956 1820 988 ἄλλοις
1833 957 1999 992 ἀπορρήτοις

373 999 441 1033 grati
459 1003 484 1027 et
498 999 579 1035 arqui,
593 1007 647 1027 non
666 1000 753 1026 solum
770 1000 877 1035 aliquos
892 999 925 1026 ad
942 998 1088 1035 perlectam
1103 1007 1161 1027 mu-
1212 1010 1219 1036 ι

995 998 1088 1026 lectam
1103 1007 1161 1027 mu-
1212 1002 1284 1036 μειοῖ
1298 1001 1347 1037 τὴν
1362 1001 1430 1037 πρὸς
1444 1001 1551 1028 ἀδικίαν
1565 1001 1652 1037 ὁρμὴν
1667 1002 1714 1029 καὶ
1730 1002 1841 1038 τόλμαν.

374 1045 502 1073 tationem
528 1045 555 1072 in
580 1045 677 1072 melius
694 1045 854 1080 capiendam
879 1049 981 1073 metum
1010 1045 1160 1081 impellere,
1181 1046 1229 1074 sed
1244 1047 1306 1074 aliis
1327 1047 1408 1075 etiam
1436 1048 1587 1083 appetitum
1609 1053 1637 1076 et
1659 1048 1803 1076 audaciam
1825 1048 1860 1076 ad
1885 1046 2002 1082 injusti-

375 1092 438 1119 tiam
453 1091 560 1120 occulte
572 1091 744 1120 imminuere.

873 1149 939 1178 Car.
953 1149 1033 1177 XVII.
1056 1149 1163 1178 Creatio
1177 1150 1261 1177 noctis
1274 1154 1299 1176 et
1318 1149 1496 1177 tenebrarum.

403 1206 556 1235 'Veniamus
569 1205 697 1241 deinceps
709 1205 744 1233 ad
759 1206 891 1234 rationem
904 1206 1063 1239 creationis,
1078 1214 1161 1242 quam

1155 1214 1161 1234 ι
1249 1206 1389 1242 Ἐλθωμεν
1400 1206 1432 1242 δὴ
1449 1205 1541 1233 λοιπὸν
1554 1206 1601 1233 καὶ
1619 1206 1659 1237 είς
1677 1205 1723 1232 τὸν
1738 1206 1803 1242 περὶ
1816 1206 2001 1243 δημιουργίας

373 1254 426 1281 istc
451 1253 547 1288 planus
566 1252 764 1284 calumniatur;
787 1259 819 1279 ac
844 1252 962 1286 primum
980 1253 1014 1280 de
1041 1253 1160 1280 'enebris
1211 1251 1219 1276 ἶ

1157 1261 1160 1279 ι
1211 1251 1289 1285 λόγον
1314 1252 1382 1286 πρὸς
1404 1252 1452 1279 τοῦ
1477 1251 1633 1284 ἀπατεῶνος
1657 1252 1924 1288 συκοφαντουμένης·
1949 1254 2003 1279 καὶ

373 1301 400 1326 et
415 1302 495 1325 nocte
517 1298 695 1332 inquiramus,
718 1297 790 1332 quod
807 1297 978 1332 potissimum
999 1298 1051 1325 iste
1073 1303 1163 1326 mente
1213 1306 1219 1323 τ

1156 1305 1163 1326 3
1213 1297 1318 1332 πρῶτόν
1328 1305 1359 1332 γε
1371 1298 1435 1333 περὶ
1449 1298 1560 1328 σκύτους
1571 1298 1617 1323 καὶ
1628 1296 1724 1328 νυκτὸς
1739 1296 1919 1333 ἐξετάσωμεν,
1928 1297 2002 1333 ὅπερ

373 1348 490 1371 caecatos
504 1343 638 1378 vituperat
651 1351 658 1370 :
675 1342 803 1370 tenebras
820 1343 892 1370 enim
906 1351 967 1378 quas
983 1343 1010 1370 in
1026 1346 1105 1370 nocte
1119 1350 1164 1378 ap.
1214 1351 1219 1378 |

1156 1363 1164 1370 .
1214 1342 1330 1378 μάλιστα
1351 1343 1459 1376 κακίζει
1482 1343 1531 1378 τὴν
1548 1342 1666 1369 διάνοιαν
1689 1343 1883 1378 ἑσκοτωμένος·
1901 1344 2002 1376 σκότος

374 1392 480 1423 parent,
494 1389 601 1416 illarum
623 1388 797 1416 tenebrarum
813 1387 976 1416 Manichacus
987 1389 1087 1423 cogitat
1101 1395 1161 1416 esse
1212 1395 1220 1421 τ

1155 1396 1161 1416 t
1212 1389 1266 1424 γὰρ
1281 1389 1309 1415 ὲν
1323 1389 1401 1416 νυκτὶ
1417 1388 1588 1424 φαινόμενον,
1604 1388 1707 1415 ἐκείνου
1723 1388 1770 1415 τοῦ
1788 1389 1897 1421 σκότους
1908 1390 1923 1415 ό
1934 1389 2001 1416 Μά-

374 1435 452 1470 quasi
464 1442 512 1470 per
528 1442 557 1462 se
573 1434 640 1467 sint,
655 1434 783 1468 intelligit
798 1441 859 1461 esse
870 1433 1012 1465 indicium,
1030 1434 1090 1468 ejus
1106 1434 1161 1461 sci-
1210 1442 1220 1460 ι

1155 1448 1161 1455 -
1210 1442 1259 1469 νης
1272 1431 1342 1461 εἶναι
1359 1434 1522 1469 φαντάζεται
1535 1434 1573 1466 ὡς
1588 1433 1629 1466 ὂν,
1640 1435 1791 1470 τεκμήριον
1804 1435 1852 1462 τοῦ
1871 1435 1907 1471 μὴ
1921 1435 2001 1468 εντος

373 1481 448 1513 licet,
462 1480 535 1516 quod
549 1487 604 1508 non
620 1483 679 1513 est;
705 1480 773 1507 nihil
787 1481 896 1515 penitus
912 1480 1026 1512 videns,
1043 1488 1094 1507 nec
1114 1480 1159 1507 in-
1209 1478 1219 1505 ὶ

1153 1494 1159 1500 -
1209 1478 1352 1514 λαμσάνει,
1371 1480 1454 1514 μηδὲν
1465 1479 1605 1511 παντελῶς
1620 1480 1689 1515 μήτε
1705 1479 1822 1514 βλέπων,
1837 1481 1904 1516 μήτε
1918 1482 1999 1514 νοῶν,

374 1527 510 1562 telligens.
535 1525 584 1554 sed
604 1525 638 1552 ad
655 1525 744 1552 instar
758 1526 821 1553 ccci
839 1525 957 1553 hominis
976 1526 1004 1552 in
1031 1533 1076 1553 res
1089 1525 1163 1561 ipsas
1176 1525 1220 1556 Cl

1155 1525 1199 1556 rc
1213 1523 1281 1551 ἀλλὰ
1301 1524 1401 1558 τυφλοῦ
1422 1525 1500 1561 δίκην
1515 1525 1571 1556 τοῖς
1593 1525 1926 1561 πράγμασιιπροσπαίων·
1949 1529 2001 1554 καὶ

373 1571 513 1600 οσοηάεηε
527 1575 554 1598 et
577 1571 740 1604 incurrens;
755 1573 888 1606 vocatque
905 1571 1041 1602 tenebras,
1057 1574 1084 1598 et
1100 1571 1159 1599 vel-

373 1619 413 1646 uti
436 1619 539 1650 horret,
566 1621 596 1645 ut
616 1625 671 1645 non
691 1625 759 1652 opus
785 1617 883 1644 habeat
905 1617 1100 1653 disputatione,
1127 1621 1158 1644 ut

374 1663 480 1692 falsitas
500 1664 629 1691 doctrina:
643 1663 702 1697 ejus
717 1662 951 1698 argumentatione
963 1662 1154 1694 concludatur,

375 1713 405 1736 ut
422 1709 470 1744 qui
486 1716 585 1736 nomen
600 1708 639 1735 rei
654 1715 669 1736 e
688 1715 717 1736 se
732 1708 790 1742 ipsa
800 1708 958 1742 vituperata
974 1713 1094 1741 usurpet.
1112 1705 1158 1734 Di-

373 1753 489 1782 cendum
518 1760 584 1788 ergo
611 1756 670 1783 est.
699 1751 791 1778 vocari
815 1751 925 1786 quidem
945 1751 995 1778 has
1018 1751 1156 1782 tenebras,

373 1806 427 1826 non
443 1802 532 1825 tamen
549 1796 699 1825 secundum
715 1796 896 1824 substantiam
913 1796 1063 1823 exsistere:
1078 1795 1157 1822 adve-

373 1845 452 1872 niunt
464 1844 547 1875 enim,
572 1846 599 1870 et
615 1842 746 1870 recedunt
763 1841 900 1877 quotidie,
918 1845 1036 1876 suntque
1060 1848 1158 1868 conse-

373 1893 489 1925 quentes
506 1888 535 1916 in
550 1887 659 1915 modum
675 1887 795 1918 umbrae;
812 1894 867 1914 non
887 1890 951 1915 sunt
975 1887 1047 1914 enim
1059 1890 1157 1914 creatae

372 1943 422 1971 per
447 1943 477 1963 se
502 1940 532 1962 ut
552 1934 718 1965 substantia,
739 1939 929 1968 nequaquam;
946 1932 1048 1960 mundo
1065 1936 1155 1960 autem

372 1985 475 2010 creato.
500 1985 542 2007 est
556 1979 661 2007 umbra.
686 1977 815 2006 Nascitur
831 1978 904 2005 enim
921 1977 1013 2009 homo,
1040 1978 1087 2013 qui
1107 1985 1156 2013 per

373 2035 402 2054 se
417 2032 475 2059 cst;
490 2025 614 2061 sequitur
631 2028 721 2051 autem
739 2031 802 2051 eutn
816 2024 911 2050 umbra
929 2023 1078 2050 secundum
1095 2031 1154 2050 mo-

373 2071 425 2098 lem
440 2069 564 2105 corporis
577 2089 584 2100 .
599 2073 626 2096 et
640 2069 797 2103 neutiquam
810 2075 870 2093 cum
885 2074 919 2093 eo
939 2067 998 2102 ipso
1022 2067 1154 2095 fabricata

372 2120 425 2146 est.
444 2115 491 2142 sed
508 2114 617 2142 advenit
633 2117 661 2140 ut
677 2113 758 2140 situm
774 2117 800 2139 et
816 2112 934 2138 locatum
949 2117 990 2139 cst
1003 2119 1112 2147 corpus.
1127 2116 1154 2140 et

373 2165 403 2188 ut
415 2165 457 2188 est
470 2160 580 2187 luminis
595 2159 725 2187 circuitus
738 2162 765 2185 et
776 2157 929 2184 conversio.
946 2157 1084 2192 Siquidem
1101 2165 1154 2184 nox

1211 1569 1288 1596 καλεὶ
1305 1570 1410 1603 σκότος,
1424 1570 1471 1597 καὶ
1483 1571 1564 1598 elevet
1577 1571 1693 1606 φρίττει,
1708 1571 1747 1603 ὡς
1764 1571 1830 1607 μηᾶ
1846 1572 1924 1606 λόγου
1936 1573 2001 1600 δεό-

1213 1623 1292 1650 μενος
1314 1616 1383 1651 πρὸς
1404 1616 1539 1651 ἀπόδειξιν
1559 1616 1609 1652 τῆς
1633 1616 1731 1643 ἑαυτοῦ
1752 1616 1936 1652 ψευδολογίας,
1957 1619 2000 1651 ὡς

1210 1660 1322 1687 αὐτόθεν
1337 1660 1547 1696 διαϐεϐοημένου
1563 1661 1724 1697 πράγματος
1740 1662 1770 1688 τὸ
1784 1662 1869 1697 δνομα
1888 1663 2000 1698 λαμεὰ-

1210 1713 1273 1732 νων.
1295 1705 1405 1740 Ῥητέον
1421 1698 1520 1738 τοίνυν,
1543 1704 1580 1737 ὡς
1602 1705 1681 1733 τοῦτο
1700 1706 1733 1742 δὴ
1756 1706 1850 1739 σκότος
1871 1708 1999 1736 καλεῖται

1211 1749 1269 1784 μὲν,
1285 1750 1314 1776 οὐ
1332 1749 1384 1785 μὴν
1402 1750 1538 1786 ὑφέστηκε
1555 1753 1615 1778 κατ’
1635 1752 1738 1779 οὐσίαν·
1758 1753 1949 1788 ὲπισυμόαίνει
1965 1754 1999 1782 δι

1209 1795 1269 1822 καθ’
1286 1795 1392 1831 ἡμέραν
1406 1795 1453 1822 καὶ
1466 1796 1675 1832 ἀποπμὸαίνει,
1688 1798 1930 1834 παρακολούθημα,
1945 1800 1998 1826 καὶ

1209 1840 1289 1872 σκιᾶς
1303 1840 1403 1875 τρόπον
1422 1841 1553 1876 ὑπάρχον·
1569 1841 1798 1878 δεδημιούργηται
1815 1843 1864 1877 μὲν
1880 1844 1935 1879 γὰρ
1952 1845 1997 1876 είς

1208 1885 1356 1912 ὑπόστασιν
1370 1886 1464 1918 οὐσίας
1478 1886 1613 1922 οὐδαμῶς.
1637 1887 1740 1923 κόσμου
1760 1888 1808 1915 καὶ
1824 1887 1996 1925 δημιουργη-

1208 1930 1310 1962 θέντος,
1332 1931 1396 1958 σκιὰ
1413 1931 1550 1967 τυγχάνει·
1569 1932 1711 1968 ἄνθρωπος
1729 1933 1850 1960 τίκτεται
1872 1934 1920 1968 μὲν
1936 1934 1993 1970 γαρ

1208 1976 1268 2003 καθ’
1285 1976 1392 2009 ἑαυτὸν,
1408 1977 1606 2013 παρακολουθεῖ
1623 1978 1652 2005 δὲ
1672 1978 1747 2014 αὐτῷ
1767 1979 1835 2015 πρὸς
1848 1979 1893 2006 τὸν
1909 1980 1994 2014 δγκοι

1207 2022 1253 2049 τοῦ
1270 2022 1394 2058 σώματος
1407 2023 1424 2058 ὴ
1438 2024 1511 2051 σκιά-
1528 2026 1574 2051 καὶ
1585 2025 1614 2051 οὑ
1627 2024 1712 2058 δήπου
1724 2026 1991 2059 συγκατεσκευάσθαι

1206 2068 1305 2100 δόξειεν
1322 2070 1350 2095 ὲν
1372 2068 1470 2104 ἑαυτῷ,
1494 2069 1551 2096 ἀλλ’
1571 2069 1760 2105 ἑπισυμίὶαίνει
1783 2071 1850 2106 πρὸς
1872 2071 1922 2107 τὴν
1941 2070 1990 2098 τοῦ

1208 2115 1332 2150 σώματος
1354 2115 1439 2146 θέσιν,
1461 2115 1506 2142 καὶ
1530 2115 1598 2151 πρὸς
1618 2115 1666 2151 τὴν
1685 2117 1732 2142 τοῦ
1749 2117 1836 2150 φωτὸς
1852 2116 1988 2151 περίοδον.

1206 2159 1283 2186 οὕτω
1297 2161 1329 2196 δὴ
1346 2161 1393 2188 καὶ
1417 2161 1464 2194 νὺξ
1480 2162 1525 2187 καὶ
1553 2161 1656 2192 σκότος,
1687 2161 1843 2194 σωματικοῦ
1871 2161 1917 2188 τοῦ
1943 2162 1989 2189 κό-

372 2213 399 2235 et
411 2207 537 2238 tenebrae,
555 2213 616 2233 cum
630 2206 665 2232 sit
681 2205 799 2231 mundus
813 2211 970 2238 corporeus,
983 2203 1154 2230 solummodo
1170 2210 1191 2237 ι)
1206 2214 1218 2232 π

1141 2211 1154 2230 0
1170 2210 1191 2237 ι)
1206 2214 1274 2240 σμου
1299 2206 1398 2242 δηλαδὴ
1426 2207 1620 2242 τυγχάνοντος,
1647 2207 1879 2242 παρακολούθημα
1908 2208 1987 2242 μόνον

373 2259 437 2281 sunt
461 2256 669 2287 consequentes.
699 2258 753 2278 non
776 2253 867 2276 autem
887 2254 952 2277 sunt
969 2248 1108 2276 fabricatae
1128 2250 1156 2276 in

373 2299 483 2326 modum
499 2297 658 2326 substantiae
672 2300 779 2323 creataa.

407 2341 474 2368 Cum
486 2342 556 2369 enim
572 2341 613 2367 sol
627 2341 752 2368 diurnum
767 2347 877 2367 cursum
893 2340 1017 2370 absolvit.
1030 2344 1056 2366 ct
1073 2339 1157 2366 veni-

372 2391 419 2413 tur
441 2387 474 2413 ad
498 2393 623 2413 recessus
643 2385 778 2420 proprios,
795 2392 905 2412 necesse
918 2389 960 2412 est
976 2392 1006 2412 ea
1019 2392 1079 2419 qum
1092 2389 1156 2412 sunt

374 2433 444 2459 intra
471 2431 610 2461 mundum,
644 2431 735 2457 omnia
762 2430 923 2461 inumbrari.
951 2437 1012 2456 cum
1028 2431 1063 2457 sit
1077 2434 1154 2457 extra

373 2478 446 2514 quod
467 2477 611 2509 illuminat,
630 2477 669 2504 sic
695 2476 748 2503 Deo
770 2477 877 2503 volente
895 2485 901 2502 :
920 2483 1029 2507 causas,
1051 2484 1099 2502 cur
1118 2476 1154 2502 ita

374 2522 498 2554 voluerit,
513 2523 593 2556 paulo
610 2525 669 2556 post
687 2529 735 2555 pro
751 2522 854 2548 viribus
870 2521 1001 2548 dicemus.
1018 2520 1084 2548 Illud
1103 2526 1154 2548 stav

373 2570 422 2596 tim
439 2568 581 2596 dicendum
603 2573 653 2600 est,
675 2576 734 2605 qua;
751 2568 850 2594 habent
869 2567 967 2593 molem
994 2575 1152 2602 corpoream

374 2615 490 2642 interdiu
508 2615 534 2641 in
557 2614 721 2641 contrariam
741 2617 843 2648 partem
859 2612 970 2639 luminis
997 2614 1076 2648 pOsiti
1094 2622 1153 2641 um-

373 2660 436 2687 bras
458 2661 568 2693 jaccrc;
592 2664 619 2685 et
640 2658 803 2686 transfertur
822 2658 902 2685 simul
924 2666 985 2685 cum
1003 2659 1105 2686 luminc
1123 2659 1151 2686 in

372 2705 537 2732 contrarium
555 2705 668 2737 umbra;
692 2710 717 2731 et
733 2705 777 2731 ubi
792 2708 833 2731 cst
854 2712 939 2739 usque
957 2704 989 2731 ad
1013 2705 1151 2731 meridiem

372 2751 424 2783 sol.
447 2751 484 2778 ibi
503 2755 544 2777 est
556 2754 616 2785 post
631 2750 769 2778 meridiem
792 2750 898 2776 umbra.
920 2748 968 2776 Ubi
985 2755 1073 2777 autem
1092 2758 1151 2777 um-

373 2799 421 2824 bra
435 2801 495 2832 post
513 2796 661 2827 meridiem.
680 2797 719 2823 sol
737 2801 778 2824 est
795 2800 856 2832 post
873 2796 954 2823 hunc.
972 2795 1073 2824 Umbra
1086 2805 1150 2824 vero

371 2843 468 2871 diurna
489 2843 583 2869 umbra
607 2846 657 2875 est,
683 2847 709 2869 et
723 2850 778 2870 non
800 2843 912 2870 omnino
925 2843 1058 2875 tenebrat;
1085 2844 1148 2878 quia

1206 2252 1290 2282 ἐστὶν,
1304 2253 1335 2278 οὑ
1348 2253 1400 2287 μὴν
1413 2252 1651 2288 δημιουργήματος
1665 2252 1765 2287 τρόπον
1779 2252 1907 2284 οὐσιῶδες
1924 2261 1986 2280 κατ-

1206 2297 1377 2325 εσκεύασται.

1240 2343 1293 2369 Τοῦ
1304 2343 1358 2379 γὰρ
1367 2343 1443 2379 ἡλίου
1451 2343 1497 2369 τὸν
1508 2343 1686 2378 μεθημερινδν
1694 2342 1792 2378 δρόμον
1802 2343 1982 2378 περαίνοντος,

1205 2390 1273 2424 πρὸς
1286 2389 1314 2415 δὲ
1330 2389 1379 2421 τὰς
1393 2389 1458 2420 ιδίας
1473 2389 1658 2424 ἀναχωρήσεις
1676 2389 1856 2425 τρεπομένου,
1877 2388 1923 2415 τοῦ
1939 2389 1986 2415 xc"

1206 2444 1274 2470 σμου
1296 2435 1329 2461 τὰ
1347 2434 1422 2466 ἐντὸς
1444 2434 1595 2467 ἐπάναγκες
1612 2435 1718 2460 ἅπαντα
1740 2435 1913 2467 σκιάζεσθαι,
1935 2434 1985 2467 εεω

1203 2480 1380 2515 τυγχάνοντος
1400 2477 1445 2505 τοῦ
1468 2478 1636 2513 (φωτίζοντος,
1656 2480 1727 2506 οὕτω
1744 2480 1788 2514 δὴ”
1800 2480 1868 2506 Θεοῦ
1892 2480 1985 2515 βουλη-

1205 2526 1305 2557 θέντος,
1329 2526 1362 2551 δι*
1383 2525 1416 2556 ἃς
1439 2525 1528 2556 αἰτίας
1550 2525 1645 2561 μικρὸν
1666 2525 1780 2561 ὕστερον
1799 2526 1837 2557 ὡς
1856 2526 1983 2561 δυνάμεις

1204 2572 1330 2608 ἐροῦμεν
1354 2571 1452 2598 αὐτίκα
1474 2572 1521 2597 καὶ
1537 2571 1595 2606 μεθ’
1612 2571 1719 2606 ἡμέραν
1736 2571 1804 2606 πρὸς
1821 2570 1851 2597 τὺ
1866 2571 1982 2597 ἀντικεί-

1205 2625 1284 2652 μενον
1302 2617 1383 2651 μέρος
1397 2616 1446 2651 τῆς
1458 2615 1504 2642 τοῦ
1515 2617 1601 2650 φωτὸς
1616 2616 1726 2648 θέσεως,
1740 2617 1775 2642 τὰ
1788 2618 1920 2652 ἀνέχοντα
1931 2617 1983 2643 τῶν

1204 2662 1366 2697 σωματικῶν
1381 2661 1469 2695 δγκων
1482 2662 1659 2697 παραπέμπει
1677 2662 1727 2694 τὰς
1749 2662 1838 2694 σκιὰς,
1856 2651 1903 2690 καῖι
1917 2671 1983 2698 cup.-

1204 2707 1359 2743 μεταϐαίνει
1373 2706 1411 2742 τῷ
1430 2707 1498 2740 φωτὶ
1516 2707 1583 2741 πρὸς
1604 2708 1756 2733 τούναντίον
1774 2708 1789 2742 ἡ
1806 2709 1879 2734 σκια’
1893 2709 1939 2735 καὶ
1951 2708 1980 2734 οὐ

1203 2753 1252 2788 μὲν
1263 2753 1314 2783 ἕως
1326 2751 1498 2787 μεσημϐρίας
1509 2751 1594 2786 ἥλιος,
1607 2751 1675 2786 μετὰ
1685 2751 1786 2777 ταύτην
1794 2753 1898 2785 γίνεται
1909 2750 1978 2778 σκιά·

1201 2799 1217 2833 ἡ
1232 2797 1260 2824 δὲ
1273 2797 1335 2824 σκιὰ
1349 2797 1407 2831 μεθ’
1418 2797 1533 2832 ἡμέραν,
1545 2798 1592 2824 καὶ
1605 2798 1634 2824 οὐ
1647 2797 1783 2828 παντελῶς
1796 2798 1900 2829 σκότος’
1910 2798 1981 2824 ἐπει·

1200 2843 1231 2877 δὴ
1247 2847 1277 2869 το
1291 2842 1414 2877 περιέχον
1431 2843 1596 2878 πανταχόθεν
1612 2843 1730 2877 ἀνεῳγὸς
1742 2843 1789 2869 καὶ
1805 2844 1862 2874 τοῖς
1874 2842 1980 2876 σκιαζο-
