2144 3164
183 212 250 241 1169

703 210 888 238 Δυνειιευε
904 206 1117 237 κΔΝΙῦΒΕοδ
1134 206 1198 234 LIB.
1220 205 1252 234 ll.

1733 203 1805 232 M70

181 270 273 305 μένοις
285 271 377 301 τόποις
385 269 433 297 τοῦ
447 270 565 304 φέγγους
577 269 692 305 παρέχει
703 270 752 305 τὴν
768 269 918 305 μετουσίαν.
932 269 964 296 ΕΙ
977 271 1002 300 Α
1013 267 1086 303 quod
1099 267 1220 294 continet
1233 272 1294 293 eum
1308 264 1344 292 sit
1358 263 1432 291 undu

963 290 964 293 η
977 271 1002 300 Α
1013 267 1086 303 quod
1099 267 1220 294 continet
1233 272 1294 293 eum
1308 264 1344 292 sit
1358 263 1478 299 undique
1488 266 1624 299 apertum,
1638 262 1710 291 locis
1717 263 1800 291 etiam

179 314 245 349 γοῦν
255 312 327 342 οἶκόν
340 323 400 342 τινα
413 313 523 345 τελείως
538 313 720 346 ἀποκλείσεις,
732 314 771 346 ὡς
787 315 854 350 μηδὲ
870 314 965 350 στενήν

179 359 244 393 γοῦν
259 359 361 386 εἴσοδον
373 358 533 386 καταλιπεῖν
547 358 586 394 τῷ
607 359 676 393 φωτὶ
694 359 779 395 αὐτῷ,
800 359 885 387 νύκτα
903 368 964 386 ποι-

179 405 256 439 ήσεις
267 405 315 431 καὶ
329 406 358 432 ἑν
371 404 540 440 μεσημϐρίᾳ.
554 403 639 431 Τοῦτο
653 404 686 441 δὴ
701 406 748 432 καὶ
760 406 789 433 ὲν
801 406 878 433 νυκτὶ
890 406 965 440 γίνε-

179 458 221 477 ται
240 450 309 485 πρὸς
322 451 385 484 τοὺς
402 450 484 482 ίδίους
498 449 603 486 χώρους
616 450 692 486 ήλίου
706 452 863 487 γενομένου.
881 452 964 478 ’Ὥστε

178 495 196 530 ή
209 495 256 528 νὺξ
274 496 401 531 στέρησις
416 495 450 522 ἂν
464 495 506 530 εἴη
524 495 621 531 φωτός.
641 496 729 524 Μάθοι
739 497 762 523 δ’
781 497 814 525 ἀν
826 506 868 529 τις
883 497 965 532 σαφέ-

180 549 273 576 στερον
293 541 325 566 τὺ
345 540 495 575 γινόμενον,
512 542 537 568 εί
558 542 688 577 νοήσειεν,
713 542 751 574 ὡς
768 543 798 569 ἓν
811 543 890 570 νυκτὶ
913 541 962 578 μέν

178 585 236 611 ἐστι
246 592 297 611 που
308 584 443 620 διαμένων
457 585 504 612 καὶ
519 585 647 622 ὑπάρχων
659 587 672 612 ὁ
684 586 769 622 ἥλιος,
782 586 841 622 μεθ’
855 586 962 622 ήμιραν

177 630 207 657 δὲ
223 629 340 666 οὐδαμοῦ
357 630 388 657 τὸ
411 628 515 663 σκότος,
539 631 606 659 ἀλλά
630 632 767 664 παντελῶς
788 632 963 668 διαλυόμενον

177 674 347 709 ἀςρανίζεται.
362 675 445 703 Ὥστε
460 676 547 712 φωτὸς
563 676 613 712 μὲν
627 676 737 711 γέγονεν
748 677 836 711 οὐσία,
849 677 962 710 σκότους

177 719 206 747 δι
220 719 355 756 οὐδαμῶς.

1013 320 1074 348 qua:
1090 312 1213 340 umbram
1226 310 1337 343 habent.
1361 309 1451 345 prebe
1487 309 1600 338 luminis
1614 309 1804 345 participatio-

1014 365 1086 385 nem.
1115 357 1207 392 Itaque
1229 357 1253 385 si
1275 356 1385 383 domum
1408 356 1564 391 quampiam
1586 363 1620 383 ex
1637 355 1710 382 omni
1726 360 1803 390 parte

1012 403 1081 431 bene
1097 402 1218 433 claudas,
1241 405 1269 430 et
1281 409 1369 437 neque
1384 401 1427 428 vel
1443 405 1578 436 angustus
1599 401 1691 428 aditus
1706 399 1803 427 lumini

1013 449 1193 484 relinquatur,
1211 451 1319 476 noctem
1342 447 1441 476 ellieies
1455 447 1538 475 etiam
1553 447 1581 474 in
1604 446 1726 474 meridie.
1745 443 1802 472 Hoc

1014 497 1105 520 autem
1121 492 1150 520 ﬁt
1177 493 1204 521 in
1220 496 1310 525 nocte,
1328 491 1387 519 sole
1404 491 1463 518 loca
1479 497 1528 518 sua
1549 489 1685 517 ambiente
1706 492 1733 516 et
1748 488 1803 515 cir-

1016 541 1174 565 cumeunte.
1195 535 1274 564 Unde
1293 543 1347 564 nox
1367 539 1411 564 est
1429 535 1545 570 privatio
1568 533 1689 561 luminis.
1709 532 1802 560 Potest

1016 586 1106 610 autem
1125 583 1176 610 hoc
1194 581 1269 618 quod
1284 581 1322 613 ﬁt,
1339 581 1443 609 clarius
1464 580 1578 616 percipi,
1594 579 1618 607 si
1637 579 1699 614 quis
1712 577 1803 605 consl-

1015 627 1103 658 derat.
1118 626 1219 654 alicubi
1239 633 1302 654 esse
1317 631 1344 654 et
1364 633 1475 653 manere
1497 629 1580 653 noctu
1598 625 1694 656 solem.
1717 623 1802 650 inter-

1014 672 1061 700 diu
1076 681 1140 701 vero
1164 679 1300 708 nusquam
1314 679 1376 700 esse
1396 672 1534 704 tenebras,
1554 669 1603 699 sed
1617 669 1725 706 penitus
1738 668 1796 696 dis-

1014 719 1083 747 solvi
1105 724 1134 747 et
1157 719 1228 746 tolli.
1248 717 1339 752 Quare
1357 717 1513 746 substantia
1527 715 1639 744 luminis
1661 714 1732 743 facta
1746 718 1798 748 est,

1013 772 1070 792 non
1093 767 1184 792 autem
1200 764 1386 794 tenebrarum.

544 817 610 846 CAP.
630 816 726 861 Χνιιιτ
747 817 842 846 Noctis
856 819 1007 846 necessitas.
1024 817 1159 846 Utilitatea
1171 826 1204 846 ex
1215 827 1246 847 ea
1262 819 1432 854 proﬂuentes.

212 873 365 910 Σκοπητέον
391 874 415 909 δ’
439 874 514 910 ὅμως
540 875 637 907 νυκτὸς
662 875 725 902 ὅσον
747 875 779 902 τὸ
803 876 960 910 ἀναγκαῖον.

1050 875 1284 904 Considerandum
1309 883 1376 904 vero
1401 879 1454 908 est.
1485 882 1567 911 quam
1591 874 1628 902 sit
1643 874 1797 902 necessaria

178 920 271 946 Ἔστιν
294 919 435 947 ἀνάπαυλα
458 920 567 957 πρῶτον
590 921 668 957 κοινὴ
689 923 746 954 τοῖς
761 922 860 948 πᾶσιν⁸
877 922 892 949 ό
907 922 962 957 γὰρ
976 919 998 946 Β
1012 929 1077 950 nox.
1101 921 1239 955 Primum,
1266 926 1308 951 est
1331 930 1432 950 commt

976 919 998 946 Β
1012 929 1077 950 nox.
1101 921 1239 955 Primum,
1266 926 1308 951 est
1331 922 1488 950 communis
1511 921 1622 956 requies
1652 920 1797 953 omnibus;

177 963 238 1000 μεθ’
254 965 361 1001 ήμίραν
374 965 457 997 ὕπνος
472 966 504 992 τὺ
521 966 669 1001 ἀναγκαῖον
684 967 734 1003 τῆς
748 967 845 999 νυκτὸς
859 966 960 1002 μᾶλλον

175 1009 398 1046 παραδείκνυσιν,
422 1007 457 1046 ἧς
480 1019 512 1046 γε
537 1011 664 1038 τοσοῦτος
689 1012 819 1048 ὑπάρχων
836 1013 850 1039 ό
865 1012 960 1048 χρόνος

174 1056 224 1091 οὐχ
248 1056 337 1088 ίκανὺς
356 1056 540 1084 διαναπαῦσαι
558 1057 607 1089 τὰς
629 1057 769 1094 αἰσθήσεις
791 1058 957 1093 ἀνθρὼποις’

175 1101 283 1128 καὶτοῦ
301 1102 351 1137 μὲν
375 1102 435 1138 μεθ’
448 1102 554 1138 ἡμέραν
574 1102 658 1130 ὕπνου
679 1103 729 1130 οὐκ
750 1103 794 1140 ἴση
816 1104 873 1136 τοῖς
892 1105 958 1131 πᾶσι

175 1148 287 1184 μετοχήο
301 1148 332 1175 τὸ
345 1147 373 1175 δι
391 1148 420 1175 ἒν
436 1149 514 1176 νυκτὶ
527 1149 627 1183 κοινὸν,
645 1149 692 1176 καὶ
709 1149 809 1185 ὶπίσης
820 1151 878 1182 τοῖς
891 1150 958 1177 πᾶσι

173 1195 223 1230 τῆς
237 1194 440 1227 διαναπαύσεως
459 1194 491 1222 τὸ
511 1194 620 1231 μέτρον,
644 1196 695 1223 οὐκ
718 1195 780 1231 ἕχον
800 1195 957 1231 ἀνωμαλίαν

174 1239 243 1275 πρὸς
258 1239 293 1267 τὰ
307 1239 423 1275 βιωτικά
435 1240 665 1276 πλεονεκτήματα.
681 1241 771 1277 Ὅπερ
782 1241 832 1268 οὐκ
847 1241 957 1268 ἔλαττον

172 1284 223 1320 τὴν
239 1284 350 1320 ἰσότητα
364 1285 412 1318 τοῦ
423 1285 593 1322 Δημιουργοῦ
605 1285 643 1318 ὡς
655 1285 723 1321 πρὸς
733 1285 762 1313 ἓν
772 1285 852 1320 γένος
862 1286 893 1312 τὺ
902 1285 956 1313 τῶν

172 1329 324 1365 ἀνθρώπων
343 1331 519 1367 μαρτύρεται.
536 1331 650 1358 Ἔπειτα
670 1330 854 1363 είδιαπαντδς
867 1331 957 1367 ὑπῆρ-

172 1376 220 1410 χδν
238 1375 330 1412 ἡμέρα
343 1375 500 1404 ἀδιάδεκτον
517 1376 616 1412 ἔχουσα
637 1377 668 1404 τὸ
689 1376 835 1412 διάστημα.
852 1377 901 1404 οὐκ
921 1376 956 1405 ἂν

172 1421 310 1457 ιμιτρήθη
331 1422 426 1457 χρόνος
450 1422 490 1454 είς
515 1422 585 1458 μέρη
608 1422 646 1458 μὴ
667 1421 846 1458 τετμημένος.
872 1422 906 1448 ἰι
926 1421 955 1448 δὲ

172 1467 232 1494 καθ’
241 1467 348 1503 ἡμέραν
360 1468 408 1496 τοῦ
424 1468 520 1504 χρόνου
534 1468 605 1504 τομὴ
618 1467 662 1495 διὰ
671 1468 726 1494 τῶν
738 1468 839 1505 μορίων
852 1467 955 1495 τούτων

171 1513 397 1550 καταριθμεῖσθαι
414 1515 493 1541 ποιεῖ-
511 1514 595 1550 χωρὶς
615 1514 643 1541 δὲ
665 1513 772 1550 χρόνου-
784 1512 956 1548 διαγνώσεως

171 1560 267 1594 ἄλογος
282 1560 315 1588 ἀν
327 1561 356 1587 tv
371 1561 428 1592 τοῖς
439 1559 544 1587 πλείοσι
563 1559 672 1595 γέγονεν
689 1558 842 1596 ἀνθρώποις
855 1561 869 1586 ό
886 1559 952 1595 βίος·

171 1605 202 1633 τὸ
214 1606 242 1633 δι
258 1606 290 1642 δὴ
311 1607 412 1642 μεῖζον,
431 1606 481 1634 οὒκ
496 1605 530 1634 ἀν
548 1606 636 1641 φωτὸς
655 1606 767 1641 γέγονεν
792 1604 953 1637 ἀπόλαυσις,

172 1651 284 1684 σκότους
300 1652 337 1688 μὴ
353 1653 557 1689 παρακειμένου
571 1651 618 1678 τὸν
637 1651 780 1687 είρημένον
794 1650 894 1687 τρόπον
909 1660 955 1678 νυ-

170 1696 306 1732 κτερινοῦ.
328 1697 388 1730 θῶς
406 1697 461 1733 γὰρ
475 1697 629 1733 σωματικὸν
643 1697 825 1729 ἀδιάλειπτον,
842 1698 898 1725 οὐδ’
913 1698 954 1725 ὅτι

171 1741 229 1775 φῶς
242 1743 325 1774 ἔστιν,
339 1742 460 1779 ὲγνώσθη
472 1742 514 1770 ἀν·
532 1743 599 1779 πρὸς
615 1742 669 1779 γὰρ
681 1743 881 1779 ἀντιδιαστολήν
892 1743 954 1770 σκό-

170 1794 233 1818 τους
247 1787 305 1821 φῶς
320 1787 476 1824 ὠνόμασται
498 1789 544 1816 καὶ
565 1788 648 1816 ἐστίν.
666 1789 724 1816 οὐκ
739 1788 772 1816 ἂν
787 1786 833 1815 οὖν
849 1789 955 1824 Θαυμα-

171 1831 233 1858 στόν
249 1840 276 1859 τι
294 1830 338 1867 ἦν,
359 1833 397 1865 ὡς
411 1833 468 1860 Im
484 1834 676 1870 δημιούργημα
690 1829 785 1868 φανὲν,
803 1835 827 1861 εί
848 1834 920 1870 μήγε
935 1835 952 1870 ή

170 1875 244 1909 etut;
255 1877 303 1905 τοῦ
318 1878 458 1911 δοκοῦντος
471 1879 635 1907 ἀντικεῖσθαι
650 1879 843 1914 παρεδείκνυεν
857 1879 931 1906 αὑτό.

1011 975 1124 996 somnus
1153 968 1227 996 enim
1242 968 1358 996 diurnus
1386 967 1474 1003 magis
1495 967 1685 995 necessitatem
1708 965 1798 994 noctis

1010 1012 1141 1045 declarat,
1169 1013 1250 1048 cujus
1272 1013 1381 1049 quidem
1404 1017 1512 1048 tempus
1527 1016 1583 1040 tam
1608 1012 1718 1046 longum
1740 1017 1796 1039 non

1009 1057 1109 1085 sullleit
1136 1058 1305 1092 hominibus,
1334 1061 1396 1086 uta
1422 1058 1549 1086 sensibus
1566 1057 1750 1093 requiescant,
1768 1061 1797 1085 ct

1008 1102 1138 1130 diurnum
1163 1111 1288 1132 somnum
1312 1111 1411 1139 capere
1432 1111 1486 1132 non
1509 1103 1650 1138 aqualiter
1668 1103 1796 1131 omnibus

1007 1148 1072 1176 licet
1095 1157 1102 1176 :
1124 1149 1152 1176 in
1176 1153 1257 1177 nocte
1284 1157 1350 1178 vero
1374 1148 1530 1179 communis
1553 1152 1595 1176 est
1615 1149 1743 1176 omnibus
1769 1153 1796 1176 et

1006 1194 1118 1229 aqualis
1138 1202 1264 1222 mensura
1290 1195 1324 1222 ad
1348 1195 1572 1230 requiescendum
1586 1214 1595 1227 ,
1625 1195 1728 1222 nullam
1749 1195 1794 1222 in-

1005 1240 1186 1274 aequalitatem
1200 1241 1303 1270 habens
1318 1241 1351 1268 ad
1362 1241 1491 1269 avaritias
1501 1241 1563 1268 vita
1573 1245 1600 1268 et
1612 1239 1794 1276 plusbabendi

1005 1284 1179 1319 cupiditates.
1205 1285 1284 1319 Quod
1302 1286 1413 1322 quidem
1429 1293 1484 1314 non
1500 1286 1592 1313 minus
1609 1285 1792 1320 aequalitatem

1005 1329 1144 1359 Creatoris
1164 1335 1297 1363 testatur.
1323 1336 1452 1366 tanquam
1476 1331 1523 1358 uni
1538 1330 1630 1366 generi
1651 1329 1793 1357 hominum

1005 1376 1147 1411 aequaliter
1169 1377 1373 1412 prospicientis.
1406 1376 1520 1408 Deinde.
1548 1376 1572 1404 si
1595 1383 1701 1410 semper
1721 1380 1794 1402 esset

1005 1421 1075 1454 dies,
1093 1427 1120 1450 et
1140 1422 1228 1458 spatio
1241 1422 1296 1450 diei
1312 1429 1366 1450 non
1386 1422 1547 1450 succederet
1569 1429 1624 1449 nox
1637 1441 1644 1453 .
1659 1427 1713 1448 non
1730 1427 1794 1456 pos-

1006 1474 1098 1495 semus
1109 1467 1198 1495 metiri
1212 1471 1320 1503 tempus
1334 1475 1389 1495 non
1403 1468 1520 1496 divisum
1534 1468 1561 1495 in
1574 1471 1675 1503 partes.
1692 1466 1794 1494 Divisio

1005 1517 1097 1541 autem
1115 1512 1206 1540 diurni
1224 1513 1357 1548 temporis
1373 1513 1448 1546 facit,
1472 1517 1502 1540 ut
1515 1513 1595 1541 licent
1615 1517 1724 1547 tempus
1746 1519 1794 1546 per

1005 1558 1055 1586 has
1069 1558 1217 1593 Particulas
1232 1565 1386 1589 numerare.
1418 1557 1476 1586 Nisi
1499 1563 1588 1585 autem
1606 1559 1714 1592 tempus
1736 1556 1794 1584 dis-

1004 1607 1173 1636 cerneretur,
1201 1603 1230 1630 in
1246 1603 1339 1631 multis
1364 1603 1447 1632 rebus
1461 1610 1515 1630 non
1532 1607 1625 1638 posset
1636 1601 1794 1629 hominibus

1003 1651 1073 1678 ratio
1100 1651 1162 1678 vita:
1188 1650 1251 1678 iniri
1268 1654 1295 1679 et
1323 1655 1467 1683 constare;
1484 1654 1511 1677 et
1526 1650 1598 1685 quod
1622 1648 1712 1683 majus
1737 1652 1790 1681 est.

1004 1703 1059 1723 non
1079 1701 1153 1724 esset
1169 1696 1296 1731 voluptas
1314 1696 1425 1724 luminis
1449 1695 1568 1728 fruendi,
1593 1695 1616 1723 si
1633 1702 1687 1723 non
1699 1700 1792 1723 essent

1004 1742 1121 1769 tenebrae
1140 1745 1281 1769 nocturna
1296 1741 1324 1769 in
1339 1742 1464 1777 proximo
1483 1749 1516 1770 eo
1529 1740 1609 1768 modo
1620 1748 1703 1776 quem
1720 1740 1791 1767 dixi-

1006 1794 1078 1814 mus.
1106 1786 1211 1815 Lumen
1233 1787 1307 1815 enim
1334 1794 1495 1822 corporeum
1515 1787 1674 1814 continuum
1702 1791 1791 1819 neque

1005 1832 1076 1867 quod
1088 1833 1177 1861 lumen
1194 1836 1279 1864 esset,
1299 1836 1510 1867 cognosceretur
1524 1841 1531 1858 :
1547 1832 1637 1859 lumen
1652 1831 1725 1858 enim
1747 1829 1790 1856 di-

1004 1878 1074 1906 citur
1091 1882 1119 1906 et
1132 1883 1184 1910 est.
1207 1881 1238 1905 ut
1253 1885 1268 1905 a
1288 1878 1410 1905 tenebris
1424 1877 1616 1912 distinguatur.
1632 1876 1691 1904 Non
1706 1875 1790 1910 igitur

168 1927 253 1955 esset,
277 1928 307 1952 ut
333 1931 395 1953 esse
418 1928 530 1960 apparet
549 1925 729 1954 admiratione
750 1925 862 1961 dignum
883 1932 899 1952 a
926 1924 981 1953 Deo
1003 1928 1135 1958 creatum,
1152 1924 1207 1952 nisi
1226 1923 1394 1959 comparatio
1417 1923 1477 1958 ejus
1498 1923 1572 1958 quod
1597 1921 1703 1950 videtur
1719 1928 1789 1949 con.

169 1970 294 2002 trarium,
309 1970 375 1998 illud
389 1971 554 1999 ostenderet.
650 1994 654 1998 .

203 2016 285 2043 "Ome
300 2017 347 2043 καὶ
361 2017 445 2044 τᾶλλα
459 2017 507 2053 μὲν
523 2016 608 2044 πολλὰ
620 2018 700 2053 χάριν
713 2017 894 2053 ὁμολογητέον
905 2016 952 2043 ἰπὶ

167 2063 201 2097 τῇ
211 2062 287 2088 νυκτὶ
299 2062 338 2097 τῷ
350 2063 478 2099 πανσόφῳ
493 2064 665 2100 Δημιουργῷ·
679 2063 796 2100 μάλιστα
811 2063 834 2090 δ’
848 2063 890 2090 ὅτι
904 2063 950 2090 τοῦ

167 2107 256 2141 φωτὸς
267 2108 376 2142 lunai
384 2109 433 2144 τὴν
440 2109 564 2145 αἴσθησίν
573 2118 600 2136 τε
612 2110 658 2137 καὶ
667 2109 716 2145 τὴν
725 2109 884 2142 ἀπόλαυσιν,
899 2110 949 2136 οὐκ

167 2150 201 2178 ἂν
216 2151 302 2183 ἄλλως
319 2151 538 2187 διαγνωσθέντος,
549 2154 644 2189 ὅτιπερ
656 2154 739 2180 ἐστίν.

207 2236 277 2263 Ἀλλ’
291 2237 440 2273 ἐκπλαγείη
454 2247 496 2270 τις
515 2239 548 2266 ἂν
564 2239 613 2275 τὴν
630 2239 748 2275 ἀρῤητον
763 2239 810 2266 τοῦ
825 2239 892 2267 Θεοῦ
906 2249 950 2267 σο·

165 2282 240 2316 φίαν,
257 2283 309 2315 ὅτι,
325 2283 458 2310 τοσοῦτων
476 2285 522 2311 καὶ
542 2284 582 2311 ἔτι.
599 2284 716 2312 πλεόνων
740 2285 896 2320 ἀναγκαίων
918 2295 947 2313 τε

165 2325 213 2352 καὶ
229 2325 371 2361 χρησίμων
391 2327 435 2354 διὰ
460 2328 583 2367 σκάτους..
592 2328 744 2365 ἀνθρώποις
761 2330 948 2366 ὑπαρχόντων.

164 2370 239 2405 ὅμως
249 2370 277 2396 δὲ
294 2371 386 2407 ἐπειδὴ
399 2373 510 2405 σκότους
524 2372 556 2410 ἦν
570 2374 654 2410 ὁνομά
668 2383 697 2402 τε
714 2376 760 2402 καὶ
775 2377 900 2412 πρᾶγμα,
917 2377 948 2403 οὐ

164 2416 365 2443 κατεσκεύακεν
375 2418 440 2444 αὐτὸ
453 2420 513 2445 κατ’
527 2419 631 2452 οὐσίαν,
647 2420 715 2447 ἀλλὰ
731 2421 887 2455 συμϐαίνειν
902 2422 948 2448 καὶ

162 2460 375 2496 ἀποσυμσαίνειν
390 2463 455 2490 αὐτὸ
475 2465 632 2500 πεποίηκεν·
648 2466 691 2492 ἵνα
707 2466 754 2492 καὶ
771 2465 808 2497 ὡς
824 2466 853 2493 ὃν
870 2467 905 2492 τά
919 2475 947 2492 τε

163 2505 281 2540 ρηθέντα
295 2507 342 2533 καὶ
355 2508 395 2534 ἔτι
411 2509 494 2535 πλείω
506 2511 622 2546 παρέχῃ,
637 2512 682 2537 καὶ
696 2511 734 2542 ὡς
754 2512 790 2547 μὴ
804 2511 832 2538 ὃν
847 2512 948 2546 ἣκιστα

162 2553 274 2589 suam
285 2554 330 2580 τὸν
337 2556 517 2592 Δημιουργόν.
534 2558 693 2593 ’Δμεμπτος
704 2560 848 2595 τοιγαροῦν
856 2562 873 2594 ή
887 2561 944 2593 νὺξ.

162 2598 230 2625 ἀλλὰ
246 2600 292 2626 καὶ
304 2599 441 2635 Θαυμασία
453 2603 586 2634 παντοίως
597 2605 630 2639 τῇ
646 2605 752 2639 χρήσει.
931 2614 935 2617 '

197 2687 266 2713 Φασὶ
285 2687 313 2713 δὲ
335 2687 437 2724 λῃστὴν
454 2690 483 2715 ἐν
504 2690 581 2716 νυκτὶ
603 2693 774 2727 κακουργεῖν.
799 2693 852 2719 Καὶ
868 2693 893 2719 τί
907 2693 947 2720 δεῖ

162 2732 230 2766 τρὸς
244 2731 293 2767 τὴν
307 2731 411 2765 νύκτας
428 2734 452 2759 εί
467 2734 521 2770 γὰρ
536 2735 573 2770 μὴ
594 2735 728 2772 ἐνεδέχετο
744 2738 791 2764 καὶ
808 2739 836 2764 ἰν
851 2739 946 2774 ἡμέρᾳ

161 2780 348 2814 κακοπραγεὴ
372 2779 435 2811 τοὺς
459 2779 646 2815 βουλομένους,
669 2783 753 2819 ἐχρῆν
777 2784 827 2818 τῆς
849 2784 945 2817 νυκτὸς

160 2823 349 2851 διαϐάλλεσθαι
366 2824 412 2851 τὸν
423 2826 528 2860 καιρόν.
551 2827 627 2854 Ἐπεὶ
640 2828 667 2855 δὲ
683 2828 732 2864 τὴν
744 2829 885 2865 εὐκαιρίαν
896 2830 943 2865 τῆς

161 2871 327 2907 κακουργίας
342 2872 356 2898 ό
371 2871 441 2907 δρῶν
456 2872 595 2907 ἀναμένει,
616 2874 666 2901 κᾶν
686 2876 715 2901 ὲν
729 2875 836 2911 ἡμέρᾳ,
849 2875 900 2902 κᾶν
916 2877 945 2902 ὲν

160 2917 238 2944 νυκτὶ
255 2917 417 2951 παραπέσοι,
433 2917 481 2952 τὴν
497 2917 624 2953 πρόθεσιν
643 2919 689 2946 τοῦ
707 2920 833 2956 δρῶντος,
853 2921 884 2948 οὐ
898 2922 943 2948 τὸν

1041 2013 1224 2047 Quamobrem
1248 2016 1356 2048 oportet
1373 2013 1477 2049 gratias
1497 2020 1576 2049 agere
1590 2012 1656 2046 Deo,
1678 2014 1787 2049 sapien-

1003 2059 1110 2088 tissimo
1120 2059 1254 2091 Creatori,
1268 2067 1330 2087 eum
1344 2064 1456 2095 propter
1469 2060 1521 2087 alia
1538 2059 1635 2092 multa,
1653 2064 1710 2087 tum
1726 2067 1785 2088 map

1003 2107 1074 2134 xime
1086 2105 1151 2141 quia
1163 2106 1237 2138 fecit,
1255 2110 1285 2133 ut
1300 2107 1392 2134 lumen
1406 2107 1569 2135 sentiremus
1586 2110 1614 2133 et
1627 2113 1661 2134 eo
1681 2105 1787 2134 fruere-

1002 2159 1083 2185 mur;
1099 2151 1172 2187 quod
1196 2151 1307 2179 quidem
1330 2158 1392 2180 esse
1408 2159 1463 2179 non
1481 2152 1560 2179 aliter
1572 2151 1727 2180 discernere
1737 2159 1787 2189 po-

1001 2197 1160 2225 tuissemus.

1036 2244 1085 2271 Est
1101 2248 1192 2271 autem
1209 2243 1381 2279 obstupenda
1403 2242 1547 2270 inelfabilis
1566 2242 1613 2271 Dei
1639 2243 1783 2278 sapientia,

963 2273 988 2302 υ
999 2289 1071 2324 quod
1085 2297 1146 2316 eum
1167 2293 1207 2316 tot
1229 2293 1256 2317 et
1277 2273 1366 2317 adhuc
1381 2289 1474 2324 plures
1488 2290 1651 2317 necessaria:
1664 2273 1785 2318 nomini;

1000 2334 1051 2361 bus
1070 2338 1097 2362 et
1117 2339 1277 2370 opportunae
1299 2335 1432 2363 utilitates
1453 2343 1486 2362 ex
1501 2335 1623 2363 tenebris
1637 2336 1783 2369 exsistant,

998 2384 1088 2408 tamen
1102 2381 1165 2415 quia
1179 2385 1238 2408 erat
1253 2389 1351 2408 nomen
1364 2385 1391 2408 et
1408 2389 1451 2408 res
1465 2382 1652 2413 tenebrarum.
1668 2389 1724 2409 non
1741 2381 1784 2410 fe-

999 2425 1035 2453 cit
1048 2433 1095 2453 cas
1108 2425 1257 2454 secundum
1275 2426 1466 2457 substantiam.
1481 2427 1528 2454 sed
1544 2427 1607 2454 fecit
1620 2431 1650 2454 ut
1661 2428 1784 2454 venirent

998 2474 1024 2497 et
1050 2471 1229 2506 recederent;
1254 2476 1284 2499 ut
1302 2474 1381 2508 quasi
1406 2477 1498 2501 essent
1512 2481 1544 2501 ea
1570 2481 1629 2508 quze
1651 2473 1781 2504 diximus.

997 2519 1024 2542 et
1040 2516 1128 2543 adhuc
1142 2517 1219 2551 plura
1238 2518 1380 2557 commoda
1397 2519 1570 2553 praeberent;
1593 2523 1620 2546 et
1636 2519 1714 2553 quasi
1726 2526 1782 2546 non

997 2565 1100 2593 essent.
1125 2562 1237 2590 minime
1252 2563 1344 2590 mundi
1359 2563 1507 2592 fabricator
1521 2569 1706 2609 accusaretur.
1724 2563 1780 2593 Ex-

996 2611 1039 2633 tra
1064 2607 1172 2642 culpam
1197 2608 1279 2643 igitur
1297 2613 1324 2636 et
1345 2610 1485 2645 querelam
1504 2613 1547 2638 est
1564 2607 1630 2644 noi,
1644 2610 1710 2645 quin
1730 2617 1779 2645 po-

997 2651 1051 2678 tius
1069 2659 1119 2679 usu
1140 2656 1182 2680 est
1203 2654 1332 2682 omnibus
1348 2654 1437 2682 modis
1458 2655 1586 2682 mirabili.

1033 2695 1084 2723 Sed
1107 2697 1195 2728 aiunt.
1212 2697 1343 2725 latronem
1361 2702 1443 2726 noctu
1459 2699 1625 2726 latrocinari.
1645 2698 1698 2726 Sed
1714 2699 1777 2734 quid

996 2740 1048 2768 hoc
1059 2745 1154 2769 contra
1170 2742 1296 2770 noctem?
1311 2743 1334 2770 si
1347 2743 1491 2771 enimnon
1508 2744 1677 2779 contingeret
1687 2743 1721 2770 de
1734 2742 1778 2771 die

997 2787 1153 2814 latrocinari
1176 2795 1224 2815 eos
1256 2788 1303 2823 qui
1329 2789 1486 2816 latrocinari
1506 2789 1611 2821 volunt,
1641 2793 1777 2825 oporteret

995 2835 1102 2866 tempus
1118 2838 1279 2861 nocturnum
1297 2841 1438 2862 accusare.
1454 2833 1579 2871 Sedquia
1593 2835 1662 2862 latro
1673 2842 1776 2871 oppor—

995 2878 1138 2905 tunitatem
1156 2877 1222 2906 furti
1241 2883 1394 2914 exspectat.
1415 2881 1474 2908 sive
1490 2880 1534 2908 die
1544 2881 1601 2909 sive
1615 2884 1698 2909 nocte
1712 2881 1778 2909 inei-

995 2924 1051 2956 dat.
1073 2924 1181 2953 animus
1198 2925 1358 2954 maleﬁcium
1380 2925 1516 2960 facientis,
1534 2934 1588 2955 non
1613 2933 1719 2963 tempus
1733 2931 1776 2956 est
