2131 3167
312 190 382 219 1215

865 183 934 211 TITI
955 181 1169 211 BOSTRENSIS
1189 180 1343 210 EPISCOPI

1858 176 1929 204 12l6

310 249 442 280 creditur.
470 247 522 276 nisi
547 247 591 275 lex
611 246 690 274 ﬁdem
714 245 796 273 faciat
813 245 997 272 audientibus.
1020 244 1053 272 Et
1073 244 1097 272 si
1111 246 1151 276 Αι

1089 244 1097 271 i
1111 246 1134 276 Α
1147 243 1172 269 εί
1193 242 1231 278 μὴ
1245 242 1336 268 πίστιν
1348 241 1363 267 ὀ
1379 239 1460 275 νόμος
1473 238 1529 270 τοῖς
1544 237 1688 264 ἀκούουσιν
1701 235 1853 271 ὲμποιήσιι.
1868 235 1929 262 Κᾶν

309 294 419 330 quidam
436 293 527 321 dicat:
543 291 619 320 Mitte
640 291 784 322 Lazarum,
805 295 834 317 ut
851 293 952 317 nuntiet
965 290 1095 324 fratribus

310 341 385 372 meis,
404 347 434 366 ne
446 344 472 366 et
496 339 547 374 ipsi
572 339 675 366 veniant
698 339 725 365 in
747 337 814 364 hunc
839 337 924 364 locum
948 337 1095 369 tormenti;

309 389 337 413 et
351 385 534 420 respondente
541 383 675 411 Abraham
689 393 696 411 :
711 382 816 409 Habent
825 381 943 416 Μομεεηι
957 387 981 408 et
989 382 1096 416 prop/te-

309 437 361 464 tas,
378 431 468 460 dicat:
484 431 547 458 Nisi
562 431 619 466 quis
639 438 671 457 ex
692 430 804 457 mortuis
825 433 955 464 resurgat,
973 437 1024 455 non
1039 437 1096 455 cre-

306 477 387 509 dent;
423 477 516 504 audiet
530 482 618 504 tamen
633 477 684 504 iste
699 485 706 503 :
727 475 756 502 Si
773 475 890 510 Moysent
910 479 934 502 et
957 475 1095 508 prophetat

307 531 359 550 non
381 524 537 556 audierunt,
565 531 645 557 neque
668 522 690 549 si
709 523 766 556 quis
791 529 807 548 a
829 521 939 548 mortuis
964 525 1094 555 resurgat,

307 566 415 594 audient
432 568 464 593 ¹⁷.
481 566 504 594 0
521 574 577 594 rem
593 567 704 593 miram!
724 574 812 601 neque
827 567 850 593 si
866 567 928 601 quis
949 573 964 592 a
979 565 1095 593 mortuis

307 613 440 640 excitatus
467 613 592 639 nuntium
622 612 725 645 atterat,
759 613 784 640 ei
811 612 931 640 creditur
957 613 1016 640 sine
1037 611 1096 646 lege

306 663 333 686 et
343 659 491 694 prophetis,
504 659 559 686 imo
570 668 656 694 neque
671 659 889 687 DominusJesus
905 659 1036 694 apostolis
1051 666 1096 693 ap-

306 713 401 740 parere
418 706 503 733 voluit
519 707 738 741 transﬁguratus,
760 706 812 733 nisi
832 705 962 733 adhibitis
988 707 1046 740 lege
1068 709 1095 732 et

305 750 449 786 prophetis
463 755 511 784 ;.et
530 752 575 786 qui
594 752 680 786 potuit
695 751 881 779 testimonium
897 759 911 778 a
924 751 1002 778 Patre
1014 751 1093 784 ferre,

306 805 362 825 non
386 797 562 826 inlionoravl‘t
588 798 790 825 consortionem
818 803 974 825 sanctorum
1001 798 1094 832 :quin

306 843 398 879 potius
420 851 482 871 cum
500 844 580 871 vellet
603 844 783 871 certissimam
799 843 877 870 ﬁdem
898 844 925 870 in
945 848 1093 878 conspectu

306 890 492 924 apostolorum
509 889 609 921 facere.
626 889 698 924 quod
720 889 748 917 in
769 894 889 916 montem
909 897 956 916 eos
977 889 1094 916 adduce-

1146 289 1200 324 γάρ
1213 296 1254 320 τις
1270 287 1347 324 λέγῃ,
1356 285 1480 320 Πέμψον
1488 283 1628 318 Λάζαρον,
1634 283 1684 310 Ira
1693 282 1853 317 ἀναγγείλῃ
1867 281 1930 314 τοῖς

1145 334 1288 368 ἀδελφοῖς
1301 342 1361 369 μου
1374 331 1417 368 μὴ
1432 330 1532 358 ἐλθεῖν
1547 331 1591 363 εις
1602 329 1660 364 τὴν
1677 327 1750 355 ὁδὸν
1765 326 1821 362 τῆς
1831 327 1931 359 βασά-

1145 391 1200 409 νου
1212 382 1341 414 ταύτης·
1361 379 1407 406 καὶ
1425 377 1549 412 λέγοντος
1571 375 1706 412 magna,
1724 374 1847 409 Ἔχουσι
1865 374 1933 400 Μω-

1144 428 1202 455 σέα
1224 427 1274 454 καὶ
1299 426 1369 459 τοὺς
1385 423 1555 460 προφήτας,
1582 422 1663 458 εἴπῃ·
1689 421 1755 448 Ἐὰν
1765 419 1807 455 μή
1834 428 1879 452 τις
1895 419 1932 446 ἐκ

1145 474 1257 509 νεκρῶν
1270 471 1402 506 ἀναστῇ,
1415 472 1450 498 οὐ
1461 470 1504 505 μὴ
1520 469 1748 496 πιστεύσουσιν·
1771 465 1930 495 ἀκούσεται,

1146 524 1180 550 Et
1196 520 1324 554 Μωσέως
1337 518 1387 547 καὶ
1403 517 1462 545 τῶν
1472 515 1632 552 προφητῶν
1639 515 1694 542 οὐκ
1704 511 1932 548 ἧκουσαν.οὐῦὲ

1145 568 1198 596 ἐὰν
1223 577 1266 601 τις
1281 567 1315 594 ἐκ
1332 565 1446 600 νεκρῶν
1460 562 1594 596 ἀναστῇ,
1609 561 1799 589 ἀκούσονται.
1827 558 1928 586 Βαὸαίί

1144 615 1206 641 οὕτε
1235 613 1288 649 γὰρ
1311 613 1328 648 ὴ
1351 611 1398 638 τοῦ
1419 608 1604 646 ἐγηγερμένον
1634 605 1806 642 παραγγελία
1827 605 1860 639 τῇ
1882 602 1930 629 τοῦ

1145 661 1226 696 νόμου
1244 660 1291 687 καὶ
1305 659 1359 686 τῶν
1373 655 1520 693 προφητῶν
1531 653 1635 690 (52)....
1650 654 1664 680 ό
1687 651 1790 688 Ἰησοῦς
1802 650 1863 686 δίχα
1877 649 1931 696 τῆς

1146 694 1288 738 συνουσίας
1321 704 1411 732 αὐτῶν
1436 702 1498 729 οὐδὲ
1519 702 1577 733 τοῖς
1605 699 1765 730 ἀποστόλοις
1787 694 1930 732 φαίνεσθαι

1143 753 1260 789 ὴξίωσε⁴
1279 752 1326 780 καὶ
1351 750 1498 786 δυνάμενος
1522 747 1575 775 ὑπὸ
1589 746 1637 774 τοῦ
1659 745 1766 781 Πατρός
1781 744 1928 780 μαρτυρεῖ-

1145 800 1219 832 σθαι,
1234 799 1285 826 οὐκ
1306 798 1422 834 ἠτίμασε
1443 796 1491 832 τὴν
1509 794 1649 822 συνουσίαν
1670 793 1724 820 τῶν
1745 791 1846 827 ἁγίων·
1861 790 1931 818 ἀλλὰ

1143 847 1203 876 ταῖς
1231 844 1308 879 ὂψεσι
1345 843 1400 870 τῶν
1427 841 1582 869 ἀποστόλων
1609 839 1699 866 πίστιν
1729 836 1932 874 ἀκριϐεστάτην

1145 891 1306 926 βουλόμενος
1327 889 1526 925 παρασχέσθαι,
1542 888 1580 919 ὡς
1595 886 1696 921 ἀνῆγεν
1713 886 1742 911 ἐν
1755 883 1794 920 τῷ
1810 883 1867 920 ὃρει
1881 884 1932 910 καὶ

305 937 363 969 bat,
389 940 416 964 et
444 937 703 972 transﬁgurabatur,
730 937 891 964 ostendebat
916 936 1034 972 Moysem
1065 942 1091 964 et
1108 941 1146 968 Β]

1090 957 1091 962 η
1108 941 1128 968 Β
1145 935 1360 972 ιιετεμορφοῦτο,
1380 934 1499 961 ἐδείκνυε
1521 931 1642 960 Μωῦσέα
1665 930 1712 958 καὶ
1731 929 1833 962 Ἠλίαν,
1849 929 1894 956 ἵνα
1913 929 1931 964 ἡ

305 981 410 1014 Etiam.
428 986 458 1010 ut
476 983 634 1010 testimonio
656 987 730 1010 esset
748 983 917 1010 consociatio
938 983 1091 1012 sanctitatis

304 1028 413 1055 illorum
434 1038 440 1056 :
459 1033 487 1056 et
501 1034 531 1056 ut
547 1029 570 1056 is
583 1029 629 1064 qui
643 1029 736 1057 Jcsum
755 1030 862 1064 recipit.
879 1030 969 1056 socins
983 1031 1044 1064 ejus
1058 1038 1092 1058 ne

303 1075 469 1109 dedecoret;
489 1083 523 1103 ne
537 1076 560 1103 si
575 1075 635 1110 ejus
659 1077 805 1111 stipatores
824 1079 851 1103 et
867 1076 1009 1103 ministros
1029 1084 1092 1110 par-

303 1121 426 1155 vit‘aciat,
442 1130 533 1158 regem
551 1122 641 1158 ipsum
657 1123 812 1150 inhonoret.

1143 981 1271 1011 συνουσία
1291 981 1340 1015 τῆς
1357 979 1499 1014 ἁγιότητος
1517 978 1630 1013 γένηται
1646 976 1797 1013 μαρτυρίας·
1814 975 1861 1002 καὶ
1888 975 1934 1002 ἵνα

1142 1029 1158 1055 ὁ
1171 1028 1315 1064 δεχόμενος
1333 1027 1378 1053 τὸν
1397 1025 1500 1061 Ἰησοῦν
1513 1024 1574 1052 τοὺς
1593 1023 1722 1054 συνόντας
1739 1022 1777 1058 μὴ
1796 1022 1932 1056 ἀτιμάσῃ,

1144 1075 1188 1101 ἵνα
1211 1075 1259 1110 μὴ,
1277 1074 1338 1104 τοὺς
1358 1070 1523 1108 δορυφόρους
1544 1069 1591 1096 καὶ
1615 1067 1755 1104 ὑπηρέτας
1775 1067 1932 1099 εὖτελίζων,

1145 1121 1226 1148 αὐτὸν
1241 1118 1381 1154 ἀτιμάζων
1396 1115 1412 1138 δε
1427 1117 1472 1144 τὸν
1491 1115 1611 1143 εασιλέα.

866 1197 929 1226 Car.
947 1197 990 1226 Ill.
1006 1198 1100 1234 Legem
1115 1199 1222 1232 perfecit
1239 1197 1372 1225 Christus.

338 1269 576 1304 Deniqueztanlam
587 1276 681 1296 curam
696 1268 763 1304 legis
779 1271 806 1296 et
819 1268 1014 1303 prophetarum
1028 1267 1089 1294 Sal-

1172 1266 1311 1301 Τοσαὺτην
1329 1264 1394 1299 γοῦν
1410 1263 1567 1299 ἐπιμέλειαν
1581 1262 1626 1289 τοῦ
1638 1262 1721 1297 νόμου
1736 1261 1782 1288 καὶ
1795 1261 1848 1288 τῶν
1861 1269 1931 1297 προ·-

302 1319 380 1342 vator
392 1315 499 1346 habuit,
516 1319 545 1342 ut
560 1314 627 1341 nihil
639 1322 672 1342 ex
688 1315 746 1350 lege
758 1322 813 1342 non
824 1313 970 1348 perfecerit
980 1323 987 1346 ;
997 1314 1089 1340 omnia
1138 1323 1143 1339 ε

1138 1313 1229 1348 φητῶν
1243 1311 1389 1345 πεποίηται
1402 1311 1416 1336 ό
1432 1309 1536 1344 Σωτὴρ,
1549 1309 1587 1340 ὡς
1608 1307 1692 1343 μηδὲν
1711 1306 1805 1338 ἀτελὲς
1818 1307 1931 1341 ποιῆσαι

303 1365 392 1388 autern
409 1368 470 1396 qua:
487 1362 588 1395 scripta
610 1365 699 1393 erant,
713 1361 872 1395 patraverit,
888 1361 1087 1394 clamaretque:

303 1406 367 1434 Non
381 1407 438 1434 veni
451 1406 549 1434 soluere
562 1406 653 1440 legem,
671 1406 715 1433 sed
729 1406 895 1439 adimplere"
914 1414 920 1437 ;
938 1406 1091 1440 ingredere-

303 1456 349 1479 tur
363 1455 453 1479 autem
467 1452 494 1478 in
515 1451 656 1485 templum,
673 1455 700 1477 et
722 1454 816 1485 turpes
832 1449 896 1476 'nde
915 1449 1092 1475 administra-

303 1498 391 1524 tiones
407 1497 506 1524 domus
521 1495 567 1523 Dei
583 1496 707 1530 ejecerit,
722 1499 753 1522 ut
770 1495 887 1522 reddens
909 1495 1019 1522 domum
1043 1502 1092 1529 pu-

303 1549 374 1574 ram,
389 1549 418 1568 rc
435 1542 492 1576 ipsa
510 1540 668 1575 plenissime
683 1541 859 1575 persuaderet
874 1548 903 1567 se
923 1548 1036 1567 suarum
1061 1547 1092 1567 ac

303 1594 478 1625 paternarum
504 1596 594 1616 rerum
612 1589 834 1623 procurationem
858 1588 1010 1622 suspicere.
1030 1587 1093 1614 Cla-

303 1641 359 1663 mat
373 1635 445 1662 enim
462 1634 579 1662 :Domus
597 1634 688 1661 Patris
712 1634 763 1660 mei
790 1634 883 1660 domus
900 1633 1028 1659 orationis
1049 1641 1094 1659 oo—

1137 1360 1184 1386 τοῦ
1195 1359 1277 1393 νόμου
1288 1366 1294 1372 ·
1308 1357 1396 1383 πάντα
1409 1355 1437 1382 δὲ
1452 1355 1542 1382 ἀνύειν
1555 1354 1590 1380 τὰ
1601 1353 1791 1390 γεγραμμένα,
1807 1352 1872 1387 βοᾷν
1885 1352 1931 1384 δὲ,

1136 1407 1197 1433 οὐκ
1216 1405 1310 1439 ἦλθον
1331 1403 1499 1430 καταλῦσαι
1518 1401 1571 1428 τὸν
1587 1402 1692 1435 νόμον,
1711 1399 1793 1427 ἀλλὰ
1814 1397 1933 1432 πληρῶ-

1141 1460 1203 1483 σαι,
1222 1450 1334 1477 εἰσιέναι
1347 1449 1376 1476 δὲ
1392 1450 1421 1475 ἑν
1441 1447 1479 1483 τῷ
1495 1447 1569 1483 ίερῷ,
1588 1447 1636 1474 καὶ
1658 1446 1707 1477 τὰς
1729 1445 1845 1476 ἀτόπους
1859 1445 1933 1470 οἱκο-

1143 1498 1238 1533 νομίας
1252 1497 1370 1530 ἐξωθεῖν.
1388 1496 1441 1526 ἵνα,
1458 1494 1502 1520 τὸν
1518 1491 1591 1520 οἷκον
1606 1492 1725 1527 καθαρὸν
1746 1491 1871 1521 ἀποδοὺς,
1888 1490 1934 1516 πί-

1145 1553 1202 1571 στιν
1218 1542 1418 1579 ἀκριϐεστάτην
1435 1539 1473 1575 τῷ
1501 1538 1642 1574 πράγματι
1664 1538 1803 1573 παράσχῃ,
1829 1537 1865 1567 ὼς
1890 1536 1933 1562 οί-

1143 1588 1226 1615 κείων
1247 1587 1294 1614 καὶ
1311 1585 1444 1622 πατρῴων
1460 1583 1655 1619 ἐπιμελόμενος
1674 1583 1854 1618 πραγμάτων.
1878 1582 1935 1617 Βοᾷ

1144 1634 1214 1669 γάρ’
1236 1633 1266 1660 '0
1287 1630 1368 1664 οἶκος
1388 1630 1440 1657 τοῦ
1461 1630 1574 1664 Πατρός
1591 1638 1650 1664 μου
1666 1627 1747 1661 οἶκος
1758 1627 1934 1662 προσευχῆς

303 1681 427 1712 cabitur;
448 1689 492 1708 vos
516 1685 602 1707 autem
630 1680 730 1715 fecistis
751 1687 809 1706 eam
829 1678 980 1713 speluncam
1008 1679 1093 1704 tatro-
1107 1679 1129 1707 C

1107 1679 1129 1707 C
1145 1678 1343 1712 κληθήσεται’
1367 1675 1451 1710 ὑμεῖς
1479 1673 1513 1701 δὲ
1536 1675 1629 1701 αὐτὸν
1650 1673 1830 1705 πεποιήκατε
1851 1670 1933 1706 σπή-

304 1727 400 1754 num".
416 1726 448 1753 Et
465 1726 529 1761 quia
544 1730 608 1753 sunt
626 1725 739 1752 inﬁnitae
753 1724 903 1759 Scriptum
920 1724 1019 1759 quibus
1035 1723 1091 1750 illo-

304 1781 365 1801 rum
383 1773 500 1800 absurda
514 1773 606 1808 opinio
619 1773 746 1808 redargui
758 1774 864 1806 potest;
881 1778 931 1798 nos
944 1778 977 1798 ne
987 1770 1092 1805 prolixe

303 1818 457 1846 scribentes
469 1818 568 1845 librum
581 1818 608 1845 in
620 1818 729 1853 longum
743 1817 938 1852 producamus,
954 1816 1092 1851 permitte-

303 1871 365 1891 mus
380 1864 441 1891 aliis
457 1863 497 1891 uti
514 1864 661 1891 verborum
679 1863 811 1898 analogiis
833 1873 839 1890 :
857 1870 908 1889 nos
923 1866 1012 1889 autem
1023 1861 1092 1891 bre-

303 1910 387 1936 vitate
410 1909 463 1942 usi,
487 1909 520 1936 ad
545 1917 576 1936 ea
599 1916 659 1943 quae
685 1914 781 1936 contra
805 1908 962 1943 Scripturas
985 1908 1090 1939 dicunt,

303 1963 459 1989 pergamus.
479 1954 653 1989 Recipieutcs
677 1954 853 1989 Evangelium
879 1962 932 1980 nou
957 1953 1092 1985 recipiunt

303 2000 402 2035 legem,
424 2000 488 2035 quia
513 2009 568 2027 non
596 2004 682 2026 totum
699 2005 725 2027 et
753 2000 886 2034 integrum
916 1999 1091 2034 Evangelium

303 2046 460 2081 recipiunt;
478 2046 578 2081 alioqui
598 2047 682 2081 legem
701 2047 865 2080 reciperent,
889 2046 911 2073 si
931 2047 1091 2073 uuiiersum

304 2092 482 2127 Evangelinni
499 2097 641 2120 tenerent:
657 2101 728 2119 nunc
741 2097 830 2120 autent
848 2091 1091 2127 priinoi-aupmiati

304 2138 493 2174 Evangelium,
503 2140 777 2173 conscntancclcgom
791 2148 843 2166 non
861 2140 1005 2173 rccipiunt.
1019 2139 1091 2166 Con-

304 2187 453 2214 vincuntur
470 2186 552 2221 igitur
577 2194 628 2212 non
643 2191 734 2212 tenere
749 2187 845 2221 legem,
872 2190 982 2220 propter
1008 2186 1092 2212 latro-

305 2232 407 2260 cinium
423 2233 449 2260 in
466 2232 622 2267 Evangelia.
646 2232 673 2259 Si
693 2236 781 2259 anteiri
802 2231 947 2266 Evano'elio
968 2232 1092 2259 testimo—

306 2279 381 2305 nium
393 2279 524 2311 lribnuul,
537 2283 563 2304 ct
577 2279 659 2313 legem
678 2287 730 2305 non
745 2279 889 2311 honorant,
904 2279 1091 2306 testimonium

305 2325 475 2352 inlionorant
493 2334 499 2351 :
519 2333 571 2351 non
586 2326 640 2358 jam
658 2334 729 2352 t‘llllll
745 2331 786 2352 est
805 2326 856 2352 hoc
872 2326 959 2361 legem
977 2326 1092 2353 inhono-

1141 1728 1228 1753 λαιον
1242 1723 1374 1760 λῃστῶν.
1392 1721 1448 1748 Καὶ
1464 1719 1556 1755 ἐπειδὴ
1576 1720 1660 1756 μυρία
1675 1720 1734 1747 ἐστὶ
1755 1719 1833 1753 λόγια
1853 1717 1934 1745 δυνά-

1144 1780 1212 1807 μενα
1223 1771 1357 1798 δυσωπεῖν
1368 1770 1416 1805 τὴν
1431 1769 1530 1796 ἄτοπον
1546 1767 1657 1795 ἐκείνων
1668 1766 1755 1799 δόξαν,
1770 1765 1860 1801 ἡμεῖς,
1889 1765 1934 1792 ἴνα

1144 1818 1181 1854 μὴ
1198 1818 1287 1852 λόγοις
1306 1817 1411 1843 πλείοσι
1436 1813 1569 1852 χρώμενοι
1589 1816 1629 1846 είς
1652 1813 1739 1849 μῆκος
1755 1812 1935 1846 ἐξαγάγωμεν

1142 1866 1187 1891 τὸν
1202 1865 1290 1898 λόγον,
1303 1865 1359 1894 τοῖς
1375 1863 1424 1899 μὲν
1440 1858 1529 1894 ἄλλοις
1544 1860 1733 1896 ἐπιτρέψωμεν
1755 1860 1814 1890 ταῖς
1835 1859 1934 1885 ἀναλο-

1143 1911 1216 1946 γίαις
1237 1911 1291 1937 τῶν
1311 1910 1442 1946 ῥημάτων
1456 1909 1589 1946 χρῆσθαι·
1608 1908 1689 1943 ἡμεῖς
1713 1906 1752 1938 δὲ,
1770 1905 1935 1941 συμμέτρως

1143 1958 1316 1994 χρησόμενοι,
1331 1958 1399 1993 πρὸς
1415 1956 1499 1988 αὐτὰς
1523 1955 1573 1987 τὰς
1596 1953 1746 1984 ἀντιθέσεις
1769 1952 1823 1979 τῶν
1837 1951 1934 1986 λογίων

1143 2003 1364 2040 χωρήσωμεν.Τὸ
1373 2002 1536 2037 Εὑαγγέλιον
1551 1999 1777 2037 παραδεχόμενοι,
1793 1999 1838 2026 τὸν
1852 1999 1934 2034 νόμον

1143 2046 1173 2072 οὺ
1192 2046 1403 2082 παραδέχονται·
1425 2046 1484 2073 οὐδὲ
1506 2045 1560 2081 γὰρ
1573 2045 1633 2072 οὐδὲ
1652 2044 1797 2080 ὁλόκληρον
1809 2043 1840 2070 τδ
1856 2043 1934 2077 ἅγιον

1143 2091 1306 2126 Εὑαγγέλιον
1329 2091 1542 2126 παραδέχονται·
1565 2090 1581 2125 ἦ
1599 2089 1654 2125 γὰρ
1670 2088 1702 2115 ἂν
1721 2089 1770 2115 καὶ
1788 2088 1834 2114 τὸν
1851 2087 1933 2122 νόμον

1144 2138 1304 2173 ἐλάμϐανον,
1319 2138 1343 2164 εί
1355 2137 1500 2173 ὁλόκληρον
1514 2136 1544 2163 τὺ
1560 2136 1722 2170 Εὐαγγέλιον
1737 2134 1871 2169 ἐδέχοντο·
1885 2133 1933 2160 νῦν

1143 2183 1170 2210 δὲ
1187 2183 1294 2218 πρῶτον
1309 2184 1339 2211 τὺ
1351 2183 1516 2218 Εὑαγγέλιον
1541 2181 1760 2217 καπηλεύσαντες
1778 2180 1845 2215 (55).
1863 2179 1933 2205 εἰκό-

1143 2237 1197 2260 τως
1210 2229 1255 2255 τὸν
1270 2229 1350 2264 νόμον
1364 2229 1394 2256 οὐ
1415 2228 1620 2265 παραδέχονται.
1644 2227 1814 2263 ’ξέλέγχονται
1829 2223 1875 2252 οὖν
1890 2225 1933 2252 διὰ

1143 2275 1174 2301 τὸ
1193 2276 1399 2311 λελῃστενκέναι
1424 2275 1455 2302 τὸ
1473 2269 1696 2309 Εὑαγγέλιον.Ἐί
1718 2273 1746 2299 δὲ
1765 2272 1796 2299 τὸ
1809 2271 1931 2305 Εὐαγγέ-

1144 2320 1200 2346 λιον
1217 2321 1360 2356 μαρτυρεῖ,
1380 2320 1427 2347 καὶ
1447 2321 1477 2347 οὺ
1495 2320 1597 2356 τιμῶσι
1615 2319 1660 2346 τὸν
1675 2319 1766 2354 νόμον,
1778 2317 1932 2352 ὴτιμάκασι

305 2378 378 2402 rare,
397 2371 443 2397 sed
456 2371 545 2405 potius
563 2379 616 2398 non
633 2371 744 2398 credere
763 2372 873 2399 tcstanti
891 2380 898 2399 :
913 2379 945 2398 ac
966 2373 988 2399 si
1006 2379 1089 2399 unum
1106 2369 1146 2396 D‘

1106 2369 1128 2396 D
1141 2367 1190 2402 τὴν
1207 2367 1371 2402 μαρτυρίαν·
1385 2366 1477 2393 οὐκέτι
1492 2366 1545 2402 γὰρ
1560 2366 1576 2395 ἡ
1592 2364 1687 2400 ἀτιμία
1704 2363 1752 2391 τοῦ
1766 2364 1860 2399 νόμου,
1874 2363 1931 2389 ἀλλ’

305 2418 414 2454 quidem
434 2419 608 2454 Evangelium
627 2424 784 2450 testaretur,
803 2420 877 2447 aliud
892 2428 957 2453 vero
977 2425 1090 2453 taceret,

306 2467 334 2491 et
357 2465 438 2491 unius
457 2468 562 2491 tantum
580 2464 754 2492 deducor-alio
775 2470 863 2499 esset;
889 2474 943 2493 non
970 2470 1093 2494 tacerent.

307 2509 360 2536 alia
378 2509 531 2544 Evangelia,
544 2518 603 2545 quae
619 2510 854 2539 dedccoratiouem
868 2511 949 2539 unius
965 2519 1090 2539 commu-

308 2563 369 2582 nem
386 2555 528 2583 ducerent.

346 2687 367 2703 "
386 2686 453 2715 Luc.
474 2696 532 2720 χιιι,
546 2688 634 2716 28-51.

344 2776 400 2812 (52)
422 2775 483 2803 Τῶν
495 2784 582 2812 προερ.
595 2777 682 2813 Verba
699 2777 796 2805 desunt
811 2778 913 2813 aliquot
929 2778 955 2804 in
970 2777 1090 2809 Graecis;

311 2813 358 2840 sed
371 2820 481 2840 sensum
496 2812 615 2846 implevit
629 2812 780 2840 Turrianus
796 2814 906 2846 optime.
922 2813 1001 2840 Basn.

348 2847 403 2887 (535)
422 2849 537 2887 Κςιςτητί.
553 2847 591 2875 llli
605 2852 795 2887 conponuntur
810 2848 994 2883 Evangelium,
1008 2847 1053 2882 qui
1066 2849 1091 2886 in

310 2883 429 2910 tzbulatn
451 2882 516 2909 illud
535 2882 696 2916 vertunt,“
720 2883 838 2920 cogitata
859 2882 907 2911 sua
925 2891 985 2911 cum
1003 2885 1089 2919 gratia

1143 2415 1159 2449 ἡ
1186 2413 1298 2440 ἀπιστία
1325 2413 1372 2440 τοῦ
1398 2413 1611 2449 μαρτυροῦντος·
1635 2411 1682 2439 καὶ⁸
1707 2412 1731 2438 εί
1753 2411 1802 2446 μὲν
1827 2410 1857 2436 ἓν
1878 2410 1933 2436 τῶν

1143 2459 1318 2494 Εὐαγγελίων
1334 2459 1493 2495 ἐμαρτύρει,
1509 2458 1603 2494 ἕτερον
1618 2458 1646 2485 δὲ
1669 2456 1785 2488 ἐσιώπα,
1805 2455 1853 2482 καὶ
1870 2455 1932 2482 καθ’

1143 2507 1202 2538 ἐνὸς
1221 2508 1299 2542 μόνον
1321 2507 1444 2541 ἐγίγνετο
1467 2507 1484 2541 ὴ
1506 2505 1616 2540 ἀτιμία’
1643 2505 1694 2531 οὐκ
1719 2503 1753 2530 ἃν
1774 2501 1878 2529 ἐσιώπα
1898 2501 1933 2528 τὰ

1142 2554 1209 2581 ἄλλα
1224 2553 1386 2588 Εὺαγγέλια,
1403 2553 1494 2588 κοινὴν
1517 2553 1627 2587 ἀτιμίαν
1648 2551 1697 2586 τὴν
1717 2549 1764 2576 τοῦ
1790 2549 1849 2580 ἑνὸς
1872 2549 1931 2575 ἀτι-

1144 2600 1209 2636 μίαν
1223 2599 1374 2636 ἡγούμενα.

676 2689 696 2703 ¹¹¹
716 2686 809 2717 Matth.
828 2697 855 2721 ν,
875 2689 917 2716 l7.
958 2689 978 2705 "
999 2689 1093 2716 Matth.
1113 2697 1173 2720 ut,
1194 2688 1246 2720 l3;
1264 2687 1347 2715 Marc.
1368 2695 1412 2719 XI,
1430 2687 1461 2714 l7
1479 2695 1485 2720 ;
1505 2685 1570 2713 Luc.
1589 2693 1646 2716 xu,
1664 2683 1708 2711 «l6.

1145 2777 1271 2804 miscent.
1287 2775 1333 2803 Sic
1350 2775 1485 2804 Theodor.
1508 2774 1530 2802 ll
1551 2774 1615 2802 Cor.
1632 2782 1660 2804 ιι,
1676 2774 1720 2806 l7,
1735 2774 1931 2807 interpretatur

1145 2812 1288 2846 rauponan'
1306 2812 1427 2838 verbum.
1445 2811 1530 2839 Tutin.
1543 2826 1577 2830 --
1594 2809 1622 2836 In
1635 2809 1728 2846 Graeco
1740 2808 1930 2846 χαπηλεύσαξηι

1147 2843 1202 2879 τες,
1220 2855 1272 2874 vox
1285 2846 1401 2874 deducta
1420 2854 1434 2873 a
1453 2845 1651 2873 mercatoribus
1668 2844 1712 2879 qui
1728 2851 1835 2879 merces
1851 2843 1930 2872 adul-

1145 2887 1231 2910 tcraut
1250 2886 1273 2910 et
1293 2885 1470 2917 pi‘nstitiiunt.
1487 2881 1593 2909 Pollux.
1608 2878 1746 2908 Onoiuast.
1764 2878 1806 2907 In.
