2131 3167
375 163 444 193 ΙΞΞΊ

939 167 1008 197 1⁵1⁸1⁵1
1027 168 1240 200 οοετιιιιιιειδ
1254 169 1407 202 121³180οΗ

372 226 436 257 ptas
460 220 573 249 licenter
589 230 617 250 tn
634 226 738 251 mentes
754 223 904 261 irrumpat,
920 226 1005 263 legem
1027 235 1060 256 ex
1075 227 1155 256 habi-
1170 230 1213 261 Αί

1142 244 1155 250 -
1170 232 1193 261 Α
1204 230 1253 267 δην
1265 230 1394 268 εἰσϐάλλει
1407 230 1437 259 ιν
1447 230 1508 264 ταῖς
1523 230 1662 264 διανοίαις,
1677 231 1723 259 τὸν
1737 231 1820 267 νόμον
1835 232 1868 259 ἐκ
1884 233 1936 263 τῶν
1947 235 1981 263 οι-

372 268 524 296 tationibus
547 268 697 303 ejecernnt,
721 278 757 298 ne
781 272 841 306 lege
862 273 915 306 usi,
939 280 956 300 a
976 272 1033 309 lege
1056 274 1158 309 pudore

373 311 555 341 alﬁcerentur.
571 312 626 341 Sed
652 315 792 349 quomodo
810 317 867 352 lege
887 317 972 353 ejecta
993 325 1075 346 aurea
1093 326 1157 347 suat

371 359 481 387 venales
495 359 616 394 praebent
632 361 840 395 cupiditatibus.
856 367 968 399 apparet
985 364 1027 392 lex
1042 372 1103 393 esse
1116 365 1158 392 ln-

372 404 514 432 terfectrix
529 407 658 441 nequitiae
675 417 682 435 :
699 408 725 435 hi
741 413 832 437 autem
850 410 959 438 indocte
978 415 1005 438 et
1023 411 1158 440 inerudite

372 451 494 484 aggressi
520 455 584 478 sunt
604 459 735 480 accusare
747 454 832 489 legem
850 463 857 481 :
877 463 910 482 ac
931 456 973 483 lex
984 455 1093 490 quidem
1108 465 1156 485 ne-

370 496 486 532 quitiam
501 498 569 530 odit.
586 498 614 525 hi
631 507 696 526 vero
710 500 796 535 legem
818 501 946 530 oderunt.
968 501 1072 530 Evertit
1095 504 1156 538 qui-

369 543 432 571 dem
464 544 685 579 superstitionem
713 546 766 578 lex,
795 546 822 573 1ιὶ
849 556 914 575 vero
942 549 1042 576 audent
1069 550 1154 585 legem

368 593 502 617 evertere.
527 589 703 625 Opponamus
728 593 810 627 igitur
831 601 887 622 res.
908 594 939 622 Si
962 595 1005 623 lex
1027 596 1155 631 nequitia:

368 634 507 661 contraria
521 639 575 668 est,
589 635 617 662 hi
633 640 724 664 autem
749 637 836 673 legem
855 645 1023 675 oppugnant,
1037 648 1153 669 succen-

367 683 429 707 sent
444 685 555 715 propter
569 682 733 717 nequitiam,
747 685 811 719 quia
835 685 878 713 lex
898 687 1046 722 nequitiam
1060 687 1154 715 crimi-

366 729 448 752 natur
473 734 480 753 :
503 727 603 754 etenim
626 728 690 763 quia
713 737 768 757 non
792 731 934 765 patiuntur
957 736 986 759 ut
1010 739 1153 761 accusetur

365 771 508 806 nequitia,
536 772 640 801 ideirco
669 775 756 810 legem
791 776 844 811 ipsi
877 784 1094 812 accusaverunt,
1122 783 1152 806 ut

365 818 506 846 accusatio
532 820 661 854 nequitia:
686 821 775 849 nullas
798 822 870 850 vires
892 823 1013 856 haberet,
1040 824 1098 860 lege
1123 825 1150 852 in

363 865 469 891 crimen
485 869 590 893 vocata.
609 865 638 893 Si
656 866 699 893 lex
712 866 785 894 idola
807 868 887 900 tollit,
902 873 929 896 et
948 869 1150 899 multitudinem

363 907 478 937 deorum
499 911 590 943 solvit,
609 910 636 938 bi
653 915 743 939 autem
758 913 812 940 tela
831 913 859 940 in
879 915 965 950 legem
986 920 1125 944 torserunt
1142 925 1149 943 :

362 959 579 983 consentaneum
601 962 671 989 erat,
693 962 723 985 ut
746 959 948 988 multitudinem
974 961 1086 989 deorum
1104 962 1151 990 de

362 1000 532 1031 nuntiarent.
549 1001 584 1030 Ut
604 1003 686 1038 igitur
706 1005 852 1033 multitudo
869 1005 982 1040 deorum
1003 1008 1152 1036 conﬁrma-

362 1050 451 1079 retur,
481 1047 550 1083 legis
577 1054 741 1085 praeceplum
779 1052 853 1086 apud
881 1060 928 1080 eos
957 1053 1071 1081 vetitum
1099 1058 1150 1088 est,

360 1092 434 1127 quod
449 1093 594 1126 aitzAudt',
608 1094 705 1129 Israel,
720 1095 850 1124 Dominus
862 1097 932 1125 Deus
947 1102 1007 1125 titul
1024 1098 1151 1127 Dominus

359 1146 429 1166 unus
445 1144 505 1171 est;
522 1145 559 1172 et,
578 1140 677 1176 Diliges
702 1142 844 1169 Dominum
867 1143 950 1171 Deum
969 1149 1042 1171 tuum
1058 1145 1099 1178 '°;
1114 1151 1150 1178 et,

361 1184 403 1212 Ne
425 1185 493 1219 forte
515 1187 643 1220 aspiciens
668 1188 695 1214 in
714 1188 827 1220 caelum,
850 1195 875 1216 et
896 1190 985 1217 uidens
1005 1191 1087 1218 solem
1101 1211 1109 1223 ,
1125 1197 1151 1219 et

360 1231 463 1263 (unum,
483 1236 509 1258 et
529 1231 636 1264 stellas,
662 1233 756 1260 adoret
776 1242 808 1261 ea
821 1235 854 1262 “.
869 1230 971 1263 Contr'a
991 1237 1048 1264 haec
1068 1238 1150 1265 verba

358 1278 413 1305 tela
433 1277 559 1313 jecerunt
572 1287 580 1311 ;
597 1282 692 1306 contra
708 1279 766 1307 haec
780 1286 915 1317 praecepta
929 1283 1082 1318 exasperati
1098 1283 1150 1310 lin-

358 1331 438 1359 guam
460 1329 589 1359 tanquam
614 1324 733 1360 gladium
756 1333 889 1354 acuerunt
914 1336 920 1354 :
944 1328 1046 1356 idcirco
1063 1336 1077 1356 a
1096 1329 1150 1356 daa-

358 1369 488 1398 monibus
502 1374 630 1406 aguntur,
650 1375 678 1399 et
698 1373 788 1399 omnia
813 1378 990 1407 venerantur,
1005 1382 1057 1402 nec
1075 1375 1148 1402 aliud

358 1414 452 1442 sciunt
466 1423 547 1450 quam
566 1416 657 1443 omnia
678 1417 792 1444 adorare
815 1425 822 1443 :
845 1425 876 1445 ac
898 1426 1005 1454 semper
1024 1427 1054 1447 se
1073 1419 1148 1447 humi

1206 278 1313 313 κήπων
1332 278 1446 314 illam,
1460 278 1504 305 ῐνα
1516 279 1554 315 μὴ
1569 279 1643 315 νόμῳ
1656 278 1825 315 χρησάμενοι
1840 280 1893 307 ὑπὸ
1907 281 1983 317 νόμον

1204 323 1384 360 ιντραπῶσιν.
1414 324 1497 351 Ἅλλά
1516 325 1575 357 πῶς
1602 325 1648 352 τδν
1676 324 1758 360 νόμον
1781 325 1982 362 ἀποσεισάμενοι

1205 367 1434 404 ἀναπιπταμινας
1444 369 1549 396 ἑαυτῶν
1561 369 1611 402 τάς
1627 370 1711 401 ἀκοὰς
1725 369 1920 405 παράσχωνται
1930 373 1984 404 ταις

1205 413 1381 449 ἑπιθυμίαιςδ
1392 413 1516 449 φαίνεται
1530 414 1559 441 δὲ
1580 415 1594 441 ό
1608 415 1690 451 νόμος
1704 415 1804 447 κακίας
1826 415 1966 451 ἀναιρέει-ης
1975 425 1982 433 ·

1204 455 1277 487 οὗτοι
1287 459 1317 486 δὲ
1326 459 1438 495 ἀμαθῶς
1451 460 1498 486 καὶ
1508 460 1677 493 ἀπαιδεύτως
1688 461 1843 488 διαϐάλλειν
1852 461 1899 488 τὸν
1909 461 1983 497 νόμον

1204 506 1444 542 ἑπικεχειρήκασιν
1453 514 1461 522 ·
1476 506 1524 532 καὶ
1533 506 1547 532 ὁ
1559 506 1607 541 μὲν
1616 507 1698 542 νόμος
1709 507 1809 535 κακίαν
1821 507 1905 542 μισεῖ,
1918 504 1984 534 οὗτοι

1203 551 1232 578 δὲ
1247 552 1329 587 νόμον
1351 551 1472 587 μισοῦσι·
1490 551 1539 578 καὶ
1553 552 1682 579 καταλύει
1699 552 1748 588 μὲν
1767 553 1816 588 τὴν
1831 552 1986 588 δεισιδαιμο-

1203 597 1263 624 νίαν
1276 598 1290 623 ό
1306 597 1401 633 νόμος·
1411 594 1484 624 οὗτοι
1495 597 1523 624 δὲ
1533 597 1606 624 λύειν
1615 598 1661 625 τδν
1672 598 1754 633 νόμον
1766 599 1911 634 τολμῶσιν.
1932 599 1985 625 Ἀν-

1202 643 1321 679 τιθῶμεν
1341 641 1388 671 οὖν
1402 644 1436 671 τὰ
1455 643 1615 680 πράγματα.
1642 643 1674 671 Et
1689 646 1704 671 6
1716 645 1798 680 νόμος
1817 645 1902 681 κακίᾳ
1914 644 1984 672 ἀντίῖ

1203 697 1308 723 κειται,
1329 687 1450 717 οὖτοι-δὲ
1470 689 1545 725 νόμῳ
1570 689 1718 725 μάχονται,
1741 690 1924 725 ἀγανακτοῦσι
1945 690 1985 718 διὰ

1201 734 1312 765 κακίαν,
1323 734 1364 761 ὅτι
1388 734 1402 760 ὁ
1419 734 1501 769 νόμος
1515 734 1612 760 κακίαν
1633 733 1787 760 διαϐάλλει·
1803 735 1840 771 μὴ
1861 735 1985 771 φέροντες

1202 779 1256 815 γὰρ
1271 779 1321 814 τὴν
1335 779 1387 814 τῆς
1403 779 1502 811 κακίας
1525 778 1663 813 διαϐολὴν,
1679 778 1727 805 τὸν
1750 779 1832 814 νόμον
1844 780 1985 816 διαϐεϐλή-

1202 833 1293 857 κασιν,
1314 825 1357 851 ἴνα
1380 826 1398 860 ἡ
1413 823 1483 852 κατὰ
1498 824 1548 860 τῆς
1568 824 1667 856 κακίας
1683 823 1793 860 διαῦολὴ
1817 825 1854 861 μὴ
1879 826 1983 862 ἰσχύσῃ,

1200 870 1247 897 τοῦ
1258 870 1340 906 νόμου
1353 870 1575 905 διασεσλημένου.
1591 871 1622 897 Et
1636 871 1650 896 ό
1662 870 1743 905 νόμος
1758 870 1793 897 τὰ
1805 871 1904 898 εἴδωλα
1913 872 1986 899 ἀναι-

1202 918 1254 952 ρεῖ,
1270 917 1316 943 καὶ
1330 916 1379 952 τὴν
1395 916 1539 943 πολυϐεἲαν
1549 916 1686 949 καταλύει,
1705 913 1777 943 οὗτοι
1791 916 1819 943 δὲ
1833 918 1905 945 ὅπλα
1919 917 1986 945 κατά

1200 962 1247 989 τοῦ
1262 963 1343 998 νόμου
1357 963 1548 998 κεκινήκασιν·
1562 962 1673 994 εἰκότως
1683 962 1828 989 πλυθεῖαν
1841 963 1986 998 κατήγγει-

1200 1008 1248 1034 λαν
1258 1015 1264 1022 ·
1283 1008 1327 1034 ἵνα
1342 1007 1396 1042 γὰρ
1409 1008 1423 1033 ὁ
1445 1006 1495 1041 τῆς
1513 1006 1657 1039 πολυθεῖας
1678 1007 1773 1043 ἰσχύσῃ
1789 1007 1878 1041 λόγος,
1895 1007 1927 1034 τὸ
1939 1008 1987 1034 τοῦ

1201 1052 1282 1087 νόμου
1298 1052 1361 1087 παρ’
1376 1052 1469 1082 αὐτοῖς
1485 1051 1637 1077 κεκώλυται
1647 1051 1829 1087 παράγγελμα
1842 1052 1874 1078 τὸ
1888 1051 1967 1086 λέγον
1977 1060 1987 1068 ’

1202 1098 1321 1129 Ἄκουε,
1342 1096 1475 1130 Ἰσραὴλ,
1487 1096 1595 1130 Κύριος
1612 1097 1629 1123 ό
1645 1096 1716 1129 Θεός
1730 1104 1799 1128 σου,
1811 1096 1921 1130 Κύριος
1944 1093 1988 1129 είς

1199 1142 1265 1169 ἐστι
1275 1151 1282 1157 ο
1298 1143 1355 1174 καὶ,
1376 1140 1556 1176 Ἀγαπήσεις
1567 1141 1676 1176 Κύριον
1684 1141 1738 1168 τὸν
1752 1142 1826 1169 Θσόν
1840 1149 1914 1169 σου·
1929 1143 1987 1174 καὶ,

1200 1189 1248 1223 Μὴ
1273 1188 1446 1222 ἀναϐλέψας
1469 1188 1514 1220 εις
1532 1187 1585 1213 τὸν
1608 1186 1748 1221 οὐραγὸν,
1773 1187 1822 1214 καὶ
1843 1187 1917 1214 ιδὼν
1935 1187 1989 1214 τὸν

1200 1233 1289 1267 ἣλιον
1307 1233 1355 1260 καὶ
1379 1233 1436 1267 τὴν
1459 1231 1609 1265 σελήνην,
1636 1231 1854 1266 προσκυνήσῃς
1873 1231 1986 1265 αὐτοῖς.

1199 1279 1271 1315 Πρδς
1280 1279 1366 1306 ταῦτα
1377 1278 1412 1305 τὰ
1422 1279 1531 1314 ῥήματα
1546 1277 1616 1305 ὅπλα
1630 1278 1790 1313 κεκινήκασι
1800 1286 1807 1293 ·
1820 1277 1891 1312 πρὸς
1903 1277 1989 1305 ταῦτα

1198 1326 1232 1353 τά
1246 1325 1465 1361 παραγγέλματα
1485 1324 1691 1360 τραχυνϐέντες,
1716 1324 1754 1356 ὡς
1778 1324 1920 1359 μάχαιραν
1939 1323 1991 1359 τὴν

1198 1370 1322 1406 γλῶσσαν
1336 1370 1473 1405 ἠκόνησαν
1483 1377 1489 1384 ·
1509 1369 1553 1396 διὰ
1569 1369 1648 1396 τοῦτο
1663 1369 1821 1404 δαιμονῶσι,
1838 1369 1887 1395 καὶ
1899 1368 1988 1395 πάντα

1198 1416 1306 1452 τιμῶσι,
1321 1416 1369 1442 καὶ
1384 1415 1460 1442 οὐδὲν
1474 1415 1574 1445 ίσασιν,
1595 1416 1620 1442 οι
1642 1414 1679 1450 μὴ
1700 1415 1787 1442 πάντα
1802 1415 1968 1450 προσκυνῶ
1979 1422 1990 1431 ·

358 1464 495 1493 sternunt,
524 1465 551 1489 et
577 1466 694 1489 mentem
722 1463 823 1491 habent
854 1465 965 1497 elatam,
999 1469 1182 1502 errantquec

1159 1471 1182 1502 ρ
1199 1462 1246 1488 καὶ
1260 1462 1302 1488 ἀεὶ
1318 1461 1448 1487 πίπτουσι
1459 1460 1546 1495 χαμαὶ
1558 1459 1605 1486 καὶ
1617 1459 1731 1495 γνώμην
1745 1459 1851 1495 ἔχουσιν
1863 1460 1988 1495 ἐπηρμέ-

358 1511 390 1532 ac
408 1509 541 1541 vagantur
562 1513 646 1534 sensu
668 1507 751 1534 animi
772 1517 778 1535 :
795 1509 886 1535 omnia
901 1516 950 1543 pro
969 1516 1017 1536 sua
1035 1509 1145 1537 licentia

356 1555 499 1578 verterunt
522 1551 549 1578 in
567 1552 635 1579 deos
656 1562 664 1580 :
682 1553 807 1580 vicerunt
829 1554 950 1588 gentiles
972 1559 999 1581 et
1019 1554 1144 1581 multitu-

355 1595 430 1628 dine,
452 1600 479 1624 et
499 1597 633 1630 vanitate,
659 1599 774 1634 gentiles
799 1606 831 1626 ex
854 1599 1002 1634 gentilibus
1022 1600 1142 1632 oriundi,

354 1646 382 1669 ct
392 1642 577 1677 magnitudine
592 1642 686 1679 ﬂagitii
699 1644 838 1680 gentilium
854 1644 1023 1680 ignorantias
1034 1645 1142 1673 illorum

355 1692 527 1723 superantes.

1197 1514 1255 1542 νην·
1274 1506 1321 1532 καὶ
1338 1504 1490 1531 πλανῶνται
1499 1505 1546 1531 καὶ
1558 1504 1703 1539 ρἑὃσνται
1712 1505 1745 1539 τῇ
1760 1503 1881 1539 διανοίᾳ-
1898 1504 1988 1532 πάντα

1197 1552 1417 1587 τεθεοποιήκασιν
1446 1551 1489 1577 ἐπ’
1506 1549 1644 1582 ἐξουσίας⁸
1659 1549 1706 1576 καὶ
1729 1549 1778 1585 τὴν
1793 1549 1898 1584 πλάνην
1912 1550 1990 1585 ἐσχη-

1196 1607 1260 1625 κασι
1273 1598 1329 1632 (57)
1339 1606 1345 1613 ·
1364 1598 1521 1632 νενικήκασι
1535 1596 1598 1628 τοὺς
1612 1596 1745 1631 ’Έλληνας
1759 1595 1799 1631 τῷ
1813 1595 1924 1631 πλήθει,
1941 1596 1989 1623 καὶ

1195 1645 1228 1679 τῇ
1252 1643 1375 1678 κενότητι
1401 1634 1683 1677 Ἕλληνες”Ελλήνων
1703 1641 1854 1675 γεγονότες,
1877 1642 1928 1669 καὶ
1949 1642 1988 1678 τῷ

1197 1687 1306 1723 μεγέθει
1321 1687 1370 1723 τῆς
1382 1687 1470 1714 αὐτῶν
1485 1686 1600 1718 ἀτοπίας
1616 1686 1668 1718 τὰς
1678 1686 1789 1713 ἐκείνων
1801 1686 1988 1722 ἀμϐλύνοντας

1195 1733 1316 1768 ἀγνοίας.
1638 1752 1644 1754 -

897 1788 961 1817 CAP.
984 1789 1051 1818 Vill.
1065 1790 1142 1819 Nihil
1150 1792 1315 1828 ﬂagitiosum
1328 1791 1356 1818 in
1369 1791 1433 1826 lege.

390 1845 429 1873 Ne
440 1845 503 1880 quis
521 1849 612 1872 autem
629 1850 686 1872 arte
703 1844 882 1873 fallacissima
899 1846 1022 1874 studiose
1043 1851 1071 1875 et
1093 1854 1141 1875 ac-

353 1895 450 1920 curate
482 1898 549 1918 usus
580 1891 667 1923 dicat,
698 1890 844 1918 Simulavit
869 1892 931 1924 lex,
961 1895 988 1919 et
1016 1893 1140 1927 quaedam

353 1936 470 1973 pulchra
488 1935 580 1963 furata
594 1956 600 1968 ,
621 1940 750 1970 tanquam
770 1943 820 1963 sua
837 1937 968 1971 protulit,
986 1944 1049 1964 cum
1063 1938 1143 1965 vellet

354 1990 406 2011 sua
420 1982 520 2017 ﬂagitia
535 1982 692 2013 honestare,
710 1986 738 2009 et
753 1986 845 2016 partes
863 1982 1015 2010 honestatis
1029 1982 1143 2010 inseruit

354 2028 446 2056 studio
467 2027 610 2064 olitegendi
636 2028 835 2062 turpitudinem
859 2029 974 2055 aliarum
1000 2029 1142 2064 partium;

353 2082 419 2110 age.
440 2074 610 2102 excutiamus
626 2074 726 2109 primo.
752 2079 842 2101 utrum
867 2074 969 2110 aliquid
994 2075 1141 2103 absurdum

1229 1848 1289 1875 Ἵνα
1300 1848 1328 1875 δὲ
1344 1848 1380 1883 μή
1391 1855 1434 1878 τις
1447 1845 1638 1882 ἀπατηλοτάτῃ
1652 1844 1738 1881 τέχνῃ
1746 1844 1919 1881 χρησάμενος
1931 1846 1987 1873 ἐπι-

1192 1893 1396 1930 τετηδευμένως
1407 1893 1485 1928 λέγῃ,
1504 1891 1722 1927 Ἐσχηματίσατο
1734 1892 1748 1917 ὁ
1758 1891 1850 1926 νόμος,
1860 1892 1912 1918 καὶ
1927 1892 1986 1919 ενια

1193 1939 1247 1966 τῶν
1268 1939 1357 1966 καλῶν
1377 1937 1534 1974 σεσυληκὼς
1551 1937 1617 1973 (58),
1635 1936 1673 1968 ὡς
1690 1936 1745 1963 ῐδια
1764 1936 1984 1972 προσηνέγκατο,

1195 1984 1325 2019 σεμνῦναι
1339 1984 1388 2016 τὰς
1406 1983 1502 2011 ἑαυτοῦ
1523 1983 1637 2014 ἀτοπίας
1650 1981 1821 2017 βουλόμενος,
1835 1982 1884 2009 καὶ
1901 1983 1986 2019 μόρια

1195 2029 1249 2056 τῶν
1268 2028 1358 2056 καλῶν
1382 2028 1534 2065 ἑνίσπιιρε,
1551 2028 1595 2055 διὰ
1619 2027 1674 2053 τῶν
1699 2027 1802 2063 μορίων
1821 2027 1877 2054 τῶν
1893 2028 1985 2055 καλῶν

1195 2075 1248 2101 τῶν
1277 2074 1344 2101 ἀλλα
1366 2073 1539 2109 κατακρύψαι
1565 2072 1755 2103 ἐσπουδακὼς·
1783 2071 1850 2107 φέρε
1875 2071 1984 2109 πρῶτον

353 2125 381 2148 et
412 2120 574 2156 ﬂagitiosum
605 2120 675 2155 apud
707 2120 964 2155 legem-appareat,
994 2125 1076 2156 atque
1105 2121 1180 2163 itan

1140 2141 1142 2148 ι
1158 2135 1180 2163 D
1194 2120 1387 2155 γυμνάσωμεν,
1407 2120 1443 2154 μή
1465 2128 1491 2145 τι
1511 2118 1610 2145 ἄτοπον
1625 2117 1701 2152 παρά
1719 2116 1759 2152 τῷ
1783 2118 1859 2153 νόμῳ
1874 2118 1981 2155 φανείῃ,

353 2166 485 2202 ﬂagitium
506 2167 621 2194 istorum
644 2166 833 2201 redarguatur.
861 2166 1000 2200 Secundo,
1014 2168 1037 2195 si
1058 2174 1141 2202 quas-

353 2212 415 2239 dam
431 2216 522 2247 partes
537 2212 594 2239 vitii
614 2212 772 2240 ulciscendo
788 2213 942 2247 dissipavit.
960 2213 1077 2241 reddens
1091 2220 1140 2241 eos

353 2259 401 2293 qui
412 2258 568 2289 credi-bant,
586 2258 686 2285 liberos
700 2259 734 2285 ab
751 2259 824 2285 omni
838 2262 915 2294 parte
927 2259 985 2286 vitii
999 2268 1006 2292 ;
1020 2267 1074 2287 non
1083 2259 1139 2293 jam

354 2304 397 2330 lex
426 2303 554 2330 simulata
578 2303 736 2337 apparebit,
762 2304 828 2338 quin
855 2304 948 2339 potius
977 2304 1087 2332 inimica
1112 2307 1140 2331 et

353 2349 442 2377 hostis
454 2349 513 2376 vitii
527 2353 553 2376 et
566 2350 704 2383 nequitim.
722 2349 825 2382 Tertio,
843 2351 866 2377 si
885 2350 1008 2385 quaedam
1024 2350 1139 2379 honesta

352 2395 614 2425 circumseminavit,
635 2399 662 2422 ct
684 2402 737 2422 non
758 2403 867 2423 omnem
888 2396 1005 2431 speciem
1029 2395 1138 2423 virtutis

352 2447 415 2468 cum
436 2440 525 2468 littera
546 2440 614 2475 legis
635 2441 787 2475 conjunxit,
811 2446 841 2468 ut
864 2441 987 2476 quadam
1012 2441 1138 2469 videatur

353 2486 514 2520 scripsisse,
546 2486 624 2521 plura
651 2494 715 2514 vero
751 2487 919 2521 reliquisse;
949 2486 1048 2514 habeat
1083 2487 1136 2514 vim

351 2532 470 2567 aliquam
497 2531 626 2559 refutatio
651 2532 727 2567 legis.
754 2532 803 2559 Sin
832 2540 895 2560 vero
921 2532 1048 2560 universa
1077 2539 1138 2567 qua:

352 2579 467 2606 honesta
491 2583 517 2606 et
541 2580 640 2606 decora
668 2583 742 2611 sunt,
763 2580 876 2606 omnino
897 2579 925 2606 in
947 2579 1047 2606 litteris
1070 2578 1137 2613 legis

350 2625 439 2660 posita
455 2629 520 2652 sunt
535 2634 541 2651 :
559 2625 727 2652 admiremur
744 2625 841 2660 legem,
856 2629 881 2652 et
902 2624 949 2651 Dei
967 2624 1051 2665 legem
1067 2631 1136 2651 con-

350 2669 487 2704 ﬁtealnur,
511 2670 689 2705 dicam-isque
705 2678 857 2698 sermonem
872 2670 919 2698 Dei
935 2678 1014 2704 esse;
1035 2671 1062 2699 in
1084 2670 1136 2699 hos

386 2748 409 2763 ⁸⁸
429 2747 508 2776 Deut.
527 2757 570 2779 vx.
587 2748 619 2780 Δ,
637 2748 662 2775 5.
700 2748 721 2763 "
745 2747 822 2776 Deut.
840 2756 878 2779 iv,
898 2748 940 2775 19.

387 2824 444 2857 (57)
462 2826 517 2853 Kal
545 2825 602 2859 τὴν
627 2825 747 2859 πλάνην
770 2825 929 2860 ἐσχήκασι.
958 2824 1022 2860 llaec
1053 2824 1135 2852 verba

349 2861 443 2888 omisit
458 2861 592 2895 interpres
606 2869 613 2889 ε
631 2862 657 2888 in
672 2869 786 2888 errarem
803 2859 959 2888 inciderunt.
974 2859 1056 2888 Bssn.

1194 2168 1239 2193 καὶ
1252 2166 1335 2197 οὕτως
1349 2166 1457 2199 ἔλεγχος
1468 2165 1516 2199 τῆς
1532 2163 1645 2195 ἀτοπίας
1658 2163 1745 2189 αὐτῶν
1757 2163 1895 2197 γιγνέσθω
1904 2172 1911 2178 ·
1925 2163 1983 2190 δεύ-

1193 2221 1281 2247 τερον,
1306 2214 1329 2238 εί
1347 2212 1403 2238 ἔνια
1417 2212 1465 2246 τῆς
1485 2210 1582 2241 κακίας
1604 2209 1672 2245 μέρη
1689 2208 1839 2242 ἐπεξελθὼν
1859 2208 1982 2236 ἀπεσκέ-

1193 2259 1282 2290 δασεν,
1307 2258 1464 2293 ἐλευθέρους
1486 2257 1548 2286 τοὺς
1567 2255 1743 2286 πιστεύοντας
1766 2254 1868 2286 παντὸς
1885 2254 1980 2290 μορίου

1194 2305 1291 2335 κακίας
1317 2304 1469 2336 ἀποδείξας,
1495 2302 1586 2329 οὐκέτι
1605 2302 1840 2336 ἐσχηματισμένος
1862 2302 1878 2328 ὸ
1900 2301 1981 2336 νόμος

1194 2351 1301 2385 φανείη,
1314 2350 1369 2376 ἀλλ’
1383 2349 1478 2384 ἐχθρὸς
1489 2349 1535 2375 καὶ¹
1554 2349 1601 2383 τῆς
1617 2347 1715 2379 κακίας
1730 2347 1876 2382 πολέμιος·
1890 2347 1979 2382 τρίταν

1192 2398 1230 2428 δὲ,
1249 2398 1271 2423 εί
1284 2397 1341 2422 ἔνια
1358 2396 1410 2422 τῶν
1427 2396 1514 2422 καλῶν
1529 2396 1714 2430 περιέσπειρε,
1731 2395 1777 2421 καὶ
1793 2395 1824 2420 οὐ
1842 2395 1898 2421 πᾶν
1911 2392 1979 2426 εἶδος

1192 2443 1240 2477 τῆς
1253 2443 1352 2477 ἀρετῆς
1366 2443 1420 2473 τοῖς
1438 2442 1581 2476 γράμμασι
1595 2440 1722 2475 συνῆψεν,
1740 2440 1793 2472 ἵνα,
1814 2440 1838 2466 εί
1856 2440 1908 2475 μὲν
1921 2440 1978 2466 ἔνια

1192 2489 1287 2523 φανείη
1311 2488 1501 2524 γεγραφηκὼς,
1525 2487 1633 2513 πλείονα
1655 2486 1683 2512 δὲ
1706 2485 1908 2517 ἀπολελοιπὼς,
1929 2485 1976 2521 ἔχη

1192 2535 1251 2559 τινὰ
1274 2535 1386 2568 δύναμιν
1407 2535 1421 2559 ὀ
1444 2534 1566 2568 ἔλεγχος·
1582 2533 1605 2559 εί
1624 2532 1652 2558 δὲ
1676 2532 1723 2558 ὅλα
1738 2531 1827 2557 διόλου
1850 2531 1887 2558 τὰ
1908 2531 1977 2558 κσλά

1192 2582 1247 2611 τοῖς
1261 2580 1421 2614 γράμμασιν
1435 2579 1548 2614 ἐπετέθη
1564 2579 1610 2604 τοῦ
1626 2578 1718 2612 νόμου,
1736 2576 1922 2612 θαυμάσωμεν
1933 2577 1976 2604 τιν

1192 2626 1282 2661 νόμον.
1300 2626 1346 2652 καὶ
1369 2626 1435 2651 Θεοῦ
1453 2626 1533 2660 νόμον
1554 2624 1782 2660 ὁμολογήσωμεν·
1802 2623 1850 2650 καὶ
1872 2623 1975 2659 Harpe;

1190 2671 1296 2705 ὁμιλίαν
1310 2674 1438 2706 φήσωμεν
1446 2680 1452 2685 ·
1464 2670 1573 2702 τούτους
1580 2670 1608 2697 δὲ
1624 2667 1881 2705 παραγραψώμεθα,
1889 2668 1976 2704 1555!;-

1225 2822 1281 2857 (58)
1303 2824 1386 2859 Ἔνια
1408 2824 1467 2852 τῶν
1481 2823 1583 2851 καλῶν
1598 2823 1789 2858 σεσυληκὼς.
1813 2823 1912 2859 Aliqua
1927 2821 1973 2850 lto-

1184 2863 1258 2887 ttuta
1273 2858 1430 2894 subripiam.
1449 2865 1476 2887 ut
1490 2859 1577 2893 turpia
1595 2858 1732 2895 obtegeret.
1747 2859 1783 2886 In.
