2131 3167
679 179 688 197 κ
732 160 916 204 suvsusus
932 173 1145 203 nauicuaos
1160 173 1226 203 Lis.
1247 174 1290 203 Ill.

1749 176 1820 208 i550

203 237 249 265 δον
266 236 377 273 γνώμην
390 237 440 264 καὶ
457 235 743 272 παρακεχαραγμένην
755 235 913 270 ἐσχηκότας.
927 233 990 261 Ὅτι
1005 235 1028 263 Α
1041 239 1044 247 ‘

981 241 990 259 t
1005 235 1028 263 Α
1041 238 1105 260 vero
1130 233 1333 261 accusationem
1355 241 1371 260 a
1390 233 1448 270 lege
1473 234 1680 269 transferamus,
1701 245 1820 272 quorum

204 283 255 320 μιν
275 280 322 310 οὖν
340 283 403 310 οὐδὲ
417 283 446 310 ἓν
463 282 558 320 μέριον
576 281 674 313 κακίας
696 280 902 316 ὲπεσπαρμένον
920 280 988 315 ἔχει.

200 327 264 355 om
290 328 382 363 μόριον
404 327 503 358 κακίας
526 325 694 362 ἀφῃρηκὼς,
723 325 825 361 ἑτέρουν
843 325 987 359 sustento-

202 373 270 401 am
280 373 400 410 καθαρὸς
412 373 462 409 μὲν
473 374 488 400 ό
501 372 583 408 νόμος
595 372 643 399 καὶ
658 372 744 406 ἅγιος,
761 371 808 398 καὶ
817 370 883 398 Θεοῦ
896 370 988 405 νόμος.

201 420 218 448 6
233 420 338 452 Παῦλος
353 419 403 456 βοᾷ
413 428 420 436 ο
434 419 504 446 ὥστε
522 419 553 446 '0
566 418 626 454 μὲν
635 419 726 453 νόμος
742 418 834 452 ἅγιος,
848 417 896 444 καί
908 417 928 451 ἡ
939 416 988 443 ὲν-

201 466 277 501 τολὴ
297 466 375 502 ἁγία,
390 465 440 493 καί
453 465 564 497 δικαία,
588 465 637 492 καὶ
651 463 746 499 ἀγυθή
757 473 763 479 -
784 464 840 496 καὶ,
861 463 990 497 οἴδαμεν

201 511 267 548 γὰρ,
279 512 326 539 ὅτι
346 513 364 539 ὀ
382 511 441 546 μὲν
454 511 547 546 νόμος
565 510 766 545 πνευματικός
783 509 849 536 ἐστι
860 516 867 524 ’
884 508 915 535 τὸ
935 507 990 543 γὰρ

201 558 290 593 ἆγιον,
311 557 359 584 καὶ
377 557 570 593 πνευματικὸν,
585 558 633 584 καὶ
649 556 750 591 ἀγαθὸν
771 556 861 590 πάσης
876 554 990 586 ἀτοπίας

199 603 373 636 ὰιωλὲλυται,
384 603 431 631 καὶ
441 603 551 638 οὐδεμιᾷ
560 603 660 638 ἀτοπίᾳ
677 602 801 637 ἀνέχεται
811 609 819 617 ι
831 600 990 636 σεμνύνεται

201 651 262 681 ταῖς
284 650 405 685 ἀρεταῖς,
420 650 466 676 καὶ
484 649 636 684 διαλέγεται
651 648 691 684 τῷ
711 647 787 683 Θεῷ’
804 648 822 683 ἡ
844 646 898 682 γὰρ
921 645 990 680 πρὸς

201 695 247 722 τὸν
259 695 324 722 Θεὸν
339 695 431 731 ὁμιλία
452 695 534 730 ἄλλης
553 695 602 731 μὲν
615 694 718 727 τάξεως
732 693 782 720 οὐκ
798 692 934 727 ἀνέχεται,
955 692 988 726 τῇ

199 743 230 771 δὲ
254 742 301 769 τοῦ
322 742 479 778 Πνεύματος
502 741 660 778 ῥυθμίζεται
685 739 843 775 ὲπιστασίᾳσ
868 738 990 773 Πνεῦμα

200 788 257 823 τὰρ
280 789 296 815 d
317 788 399 821 Θεὸς,
412 788 461 815 καί
481 788 552 821 τοὺς
575 785 823 822 προσκυνοῦντας
845 784 939 812 αὐτὸν
953 784 989 811 ὲν

201 834 347 868 πνεύματι
362 834 409 860 καὶ
427 834 553 868 ἀληθείᾳ
564 833 612 860 δεῖ
628 831 823 867 προσκυνεῖν.
835 831 989 866 Πνευματι-

201 879 250 911 τοὺς
258 879 288 906 δι
303 879 341 906 ὣν
352 881 367 906 ὀ
379 880 470 915 νόμος,
483 879 531 915 τὴν
542 878 610 914 πρὸς
622 878 688 905 Θεὸν
700 877 806 914 ὁμιλίαν
818 875 990 912 παρασκευά-

200 923 258 958 ζει·
272 924 320 952 καὶ
339 926 364 951 εί
378 924 489 952 δύναται
508 925 523 951 6
546 924 729 960 πνευματικὸς
741 923 776 950 τὰ
790 923 838 958 μὲν
847 922 914 949 ἄλλα
927 923 987 957 κρῖ-
1006 928 1025 955 [ι
1039 928 1041 945 ι

760 923 776 950 ἀ
790 922 914 958 “tvm
927 923 987 957 κρῖ·
1006 928 1025 955 ῃ
1039 921 1293 949 sermocinationem
1315 929 1377 949 cum
1406 922 1463 950 Deo
1489 929 1566 958 parat
1595 934 1601 958 ;

200 980 256 1005 ναι,
272 972 353 1004 αὐτὸς
363 971 390 998 δὲ
407 971 452 998 ὑπ’
467 970 573 1002 οὐδενὸς
589 970 778 1004 ἀνακρίνεται·
796 969 872 1003 πόσῳ
887 967 988 1003 μᾶλλον

200 1018 305 1054 ὀνόμος
318 1019 332 1044 ὁ
346 1017 538 1053 πνευματικὸς,
554 1015 636 1047 αὐτὸς
653 1016 701 1051 μὲν
713 1015 821 1043 πάντων
835 1014 889 1041 τῶν
900 1013 987 1040 ἄλλων

200 1063 263 1094 τοὺς
273 1062 368 1096 λόγους
380 1062 524 1097 ἀνακρῖναι
541 1061 662 1094 δύναται,
678 1059 759 1092 αὐτὸς
779 1059 807 1086 δὲ
825 1059 870 1086 ὑπ’
882 1058 988 1090 οὐδενὸς

201 1106 413 1142 ἁνακριθήσεται
420 1114 429 1140 ς

1040 279 1174 306 sententia
1186 278 1341 307 adulterina
1356 284 1384 307 et
1404 279 1551 315 depravata
1569 284 1621 309 est.
1639 281 1718 315 Quod
1737 283 1821 319 igitur

1039 323 1142 351 nullam
1158 328 1264 360 partem
1279 325 1339 352 vitii
1354 325 1395 353 lex
1412 325 1492 354 habet
1506 327 1708 361 inseminatam.
1730 337 1821 365 neque

1040 373 1143 404 partem
1158 371 1271 398 abstulit
1286 370 1382 404 aliain,
1402 375 1430 399 et
1447 372 1494 399 alii
1515 375 1644 409 pepercit,
1665 374 1714 403 sed
1729 376 1822 411 potius

1040 423 1107 450 pura
1123 420 1165 444 est
1179 417 1222 444 lex
1239 421 1266 445 et
1283 422 1387 450 sancta,
1403 422 1429 445 et
1444 417 1491 446 Dei
1505 419 1566 453 lex;
1580 419 1680 449 Paulus
1694 421 1794 449 clamat
1811 430 1819 450 :

1039 460 1094 488 Lex
1104 461 1208 496 quidem
1219 468 1323 497 sancta,
1336 469 1361 491 et
1376 465 1530 492 mandatum
1542 472 1661 493 sanctum
1671 471 1695 494 et
1703 467 1819 502 justum.

1039 512 1065 536 et
1076 508 1172 536 bonum
1189 510 1212 526 "
1228 519 1237 544 ;
1257 515 1285 538 et
1303 520 1310 538 :
1332 510 1437 539 Scimus
1457 513 1537 546 enim,
1554 513 1624 543 quod
1638 512 1680 540 (cz
1697 514 1822 547 spiritua-

1039 554 1073 582 lis
1091 560 1130 583 eu
1151 556 1174 574 "
1192 565 1199 584 :
1222 557 1296 592 quod
1313 557 1385 584 enim
1406 562 1531 586 sanctum
1549 562 1601 590 est.
1620 562 1647 586 et
1668 559 1820 594 spirituale,

1039 603 1066 626 et
1089 600 1201 633 bonum.
1224 602 1259 629 ab
1281 603 1355 629 omni
1374 603 1543 638 turpitudine
1562 604 1708 633 liberatum
1725 610 1778 639 esl,
1793 609 1823 634 et

1040 646 1114 673 nulla
1138 647 1218 681 culpa
1241 647 1268 674 in
1292 655 1325 675 eo
1344 649 1438 681 haeret.
1460 650 1645 685 gloriaturque
1661 651 1820 685 virtutibus,

1039 695 1141 718 etcum
1164 691 1220 720 Deo
1237 692 1368 727 loquitur.
1383 694 1582 722 Sermocinatio
1596 696 1669 722 enim
1687 704 1748 724 cum
1766 697 1821 726 Deo

1040 744 1094 764 non
1110 737 1222 772 patitur,
1239 742 1268 765 ut
1287 738 1399 766 alterius
1417 739 1524 767 ordinis
1539 741 1575 768 sit
1589 760 1597 772 .
1621 742 1667 768 sed
1684 743 1821 775 guberna-

1040 782 1114 810 tione
1137 782 1255 817 Spiritus
1275 784 1363 811 sancti
1382 789 1566 820 temperatur;
1589 786 1660 813 Deur
1678 788 1747 814 enim
1767 788 1822 823 spi-

1040 828 1109 855 ritus
1129 832 1168 855 est
1180 849 1189 861 ,
1203 835 1228 856 et
1240 829 1284 864 qui
1303 838 1361 857 eum
1377 830 1501 863 adorant,
1521 833 1547 859 in
1564 833 1659 866 spiritu
1674 838 1699 860 et
1713 834 1822 862 veritate

1040 879 1141 909 oportet
1161 874 1273 903 adorare
1287 876 1321 904 “.
1338 876 1393 905 Lex
1409 881 1500 906 autem
1524 886 1584 906 cum
1607 880 1755 914 spiritualis
1773 883 1820 913 sit.

1632 929 1658 952 et
1682 926 1704 953 si
1731 932 1820 962 potest

1041 966 1192 1000 spiritualis
1221 968 1273 994 alia
1299 968 1408 1003 quidem
1436 969 1574 1004 judicare,
1600 970 1657 1006 ipse
1687 976 1776 999 autem
1803 980 1820 999 a

1041 1012 1150 1039 nemine
1172 1012 1312 1046 iudicatur
1333 1023 1339 1040 :
1375 1021 1476 1049 quanto
1497 1016 1583 1051 magis
1607 1016 1648 1044 lex
1671 1018 1822 1052 spiritualis

1041 1060 1130 1090 potest
1144 1056 1252 1091 quidem
1270 1058 1385 1086 aliorum
1398 1059 1520 1087 omnium
1533 1068 1673 1090 sermones
1685 1062 1820 1098 judicare.

1043 1102 1101 1136 ipsa
1116 1110 1181 1130 vero
1195 1110 1210 1130 a
1228 1105 1337 1132 nemine
1347 1104 1532 1140 iudicabitur?

676 1165 741 1194 CAP.
757 1164 802 1193 IX.
819 1164 874 1193 Lex
885 1171 988 1191 omnem
1000 1162 1056 1190 uitii
1069 1163 1180 1197 speciem
1194 1163 1314 1192 abstulit.

238 1224 299 1251 ὀτι
309 1223 339 1251 δὲ
353 1223 400 1250 καὶ
413 1224 466 1250 πᾶν
487 1219 556 1255 είδος
578 1221 678 1254 κακίας
695 1220 796 1253 ἀνεῖλε,
820 1221 868 1248 καὶ
883 1219 943 1247 οὐδὲ
958 1219 987 1245 ἓν

201 1271 297 1308 μόριον
323 1269 461 1305 παρεῖδεν,
485 1269 542 1296 ἀλλ’
564 1267 695 1303 ἐπεξῆλθε
721 1267 776 1294 πᾶν
799 1265 868 1298 cibo;
888 1265 988 1297 κακίας

200 1315 333 1353 ἀναιρῶν,
351 1314 520 1347 ἀνακόπτων,
536 1313 614 1349 δῆλον
629 1314 661 1340 ὲκ
674 1313 730 1340 τῶν
746 1312 811 1348 περὶ
825 1312 875 1347 τῆς
889 1312 988 1343 κακίας

198 1364 282 1400 ὅρων,
295 1361 435 1398 τεσσάρων
449 1360 528 1388 είδῶν
541 1360 624 1387 ὗντων
643 1359 693 1394 τῆς
709 1359 818 1391 κακίας,
833 1357 1001 1401 ἀφροσύνηςή

201 1413 250 1437 καὶ
264 1407 421 1439 ἀκολασίας,
439 1407 486 1433 καὶ
508 1406 618 1438 δειλίας,
643 1405 691 1432 καὶ
705 1404 820 1437 ἀδικίας.
838 1405 870 1431 El
893 1404 943 1438 μέν
960 1411 986 1430 τι

201 1455 304 1489 φαυλον
316 1453 358 1489 εἴη
374 1454 388 1480 ὁ
405 1453 487 1487 νόμος
508 1450 697 1486 σεσιωπηκὼς,
713 1449 834 1486 ἁτελὴςό
848 1450 945 1485 νόμος
963 1449 987 1475 εί

200 1499 231 1527 ἃ
252 1498 382 1533 ἐπεξῆλθε
409 1499 456 1525 καὶ
479 1497 691 1533 ἑπεξεργάσατο,
714 1497 768 1523 πᾶν
794 1494 863 1527 εἶδος
887 1495 987 1526 κακίας

201 1543 386 1581 προαναιρῶν,
406 1543 519 1574 εἰκότως
535 1543 552 1578 ὴ
575 1542 658 1569 κακία
682 1541 853 1568 συστέλλεται
868 1541 921 1568 ὑπὸ
939 1540 987 1567 τοῦ

1075 1218 1153 1252 Quod
1178 1224 1269 1248 autem
1293 1228 1401 1249 omnem
1423 1223 1542 1258 speciem
1563 1224 1621 1251 vitii
1643 1226 1771 1258 sustulit.
1792 1231 1821 1254 et

1039 1265 1142 1293 nullam
1158 1270 1262 1302 partem
1275 1268 1450 1302 praetermisit
1463 1273 1510 1296 aut
1525 1270 1652 1305 neglexit,
1665 1271 1711 1299 sed
1729 1272 1820 1306 potius

1038 1319 1119 1340 omne
1133 1319 1222 1348 genus
1234 1312 1293 1340 vitii
1306 1313 1456 1341 vindicavit
1466 1334 1474 1347 ,
1495 1314 1596 1343 tollens
1614 1320 1642 1344 et
1657 1317 1821 1346 exscindens

1037 1357 1125 1390 illud;
1153 1363 1261 1387 constat
1281 1366 1316 1387 ex
1336 1359 1442 1395 legibus
1459 1367 1492 1388 ac
1510 1362 1612 1396 regulis
1624 1361 1657 1389 de
1672 1363 1740 1389 vitio
1755 1371 1822 1391 con-

1039 1403 1154 1434 stitutis.
1171 1403 1251 1439 cujus
1268 1408 1334 1432 sunt
1354 1406 1460 1440 species
1481 1410 1610 1441 quatuor,
1626 1407 1821 1443 imprudentia,

1040 1450 1270 1485 intemperantia,
1294 1450 1445 1484 timiditas,
1472 1457 1499 1480 et
1525 1452 1671 1488 iniustitia.
1703 1454 1731 1482 Si
1757 1456 1824 1492 quid

1040 1500 1131 1523 autem
1147 1496 1224 1531 pravi
1245 1496 1286 1525 lex
1307 1497 1475 1531 reticuisset,
1489 1498 1646 1533 imperfecta
1664 1506 1735 1528 esset
1752 1501 1795 1529 lex
1815 1512 1821 1528 :

1042 1541 1086 1569 sin
1111 1550 1176 1570 vero
1199 1546 1229 1570 ut
1250 1550 1345 1572 omnes
1371 1545 1476 1579 species
1499 1546 1627 1581 nequitiae
1651 1548 1822 1582 praecideret,

201 1590 296 1626 νόμου,
317 1589 385 1625 μηδὲ
410 1589 534 1624 λείψανον
554 1588 626 1624 ἔχειν
645 1587 887 1624 σνγκεχωρημένη.
902 1587 988 1614 Ὅπου
1003 1591 1042 1622 (ζ‹

981 1591 1026 1622 rc
1040 1595 1088 1616 eas
1113 1587 1263 1616 vindicavit
1286 1593 1314 1617 et
1337 1591 1515 1618 retractavit:
1540 1592 1664 1627 sequitur
1689 1593 1783 1621 vitium
1808 1604 1822 1621 ιι

202 1635 268 1672 γοῦν
286 1635 371 1671 ἰσχύει
391 1634 483 1670 νόμος.
498 1634 544 1660 καὶ
563 1635 597 1669 τῇ
614 1633 702 1660 πειθοῖ
717 1633 751 1660 τὰ
767 1633 850 1668 νεῦρα
872 1632 989 1664 δίδωσιν,

201 1682 265 1710 οὐδὲ
293 1681 384 1708 νοτίδα
403 1680 503 1712 κακίας
529 1679 602 1706 ἐστιν
623 1680 728 1714 εὑρεῖν·
745 1680 813 1706 ὃπου
836 1679 864 1705 δὲ
888 1679 988 1710 ἀτονεῖ,

202 1727 377 1763 περιέρχεται
389 1727 405 1761 ἠ
423 1724 539 1760 πονηρία
551 1723 716 1751 σκυλεύουσα
723 1725 771 1751 καὶ
783 1723 989 1759 κατανεμομένη

201 1773 248 1800 ὶπ*
259 1771 383 1806 ἐξουσίας
396 1771 552 1806 βαδίζουσα,
567 1770 605 1806 τῷ
617 1770 764 1806 ἀφυλάκτῳ
777 1770 827 1805 τῆς
837 1769 926 1804 ψυχῆς
939 1770 989 1804 τὴν

202 1817 327 1851 δξουσίαν
341 1816 490 1852 εὑραμένη.
505 1815 560 1851 Βοᾷ
573 1817 627 1852 γὰρ
639 1817 654 1842 ό
664 1815 744 1851 νόμος
755 1824 761 1830 ”
774 1816 808 1842 ει
821 1816 838 1842 ό
849 1816 924 1846 λαός
929 1822 989 1849 μου

201 1862 318 1898 ἤκουσέ
327 1871 397 1898 μου,
419 1862 542 1897 Ἰσραὴλ
555 1861 620 1895 ταῖς
630 1861 711 1895 ὁδοῖς
724 1870 783 1896 μου
796 1861 823 1888 εί
832 1860 988 1895 ἐπορεύθη,

201 1909 238 1937 ἐν
250 1908 291 1941 τῷ
301 1907 407 1944 μηδενί
417 1907 455 1935 ἂν
467 1908 537 1941 τοὺς
548 1907 674 1942 ἐχθροὺς
685 1906 783 1934 αὐτῶν
793 1907 988 1933 crnitur-ww

201 1955 247 1982 δτι
258 1953 313 1990 γὰρ
329 1954 414 1981 πείθει
431 1954 522 1989 νόμος,
543 1952 644 1989 ἄνευρα
666 1953 770 1987 γίνεται
784 1952 818 1979 τὰ
835 1952 920 1985 κακὰ,
939 1960 989 1987 χα-

204 2001 253 2037 μαὶ
268 2000 392 2036 κείμενα,
405 2000 452 2026 καὶ
463 1999 529 2035 μηδὲ
544 1999 742 2035 ἀντωπῆσαιτῇ
753 1998 824 2035 ψυχῇ
839 1999 987 2033 δυνάμενα.

201 2047 235 2073 El
252 2046 307 2082 γὰρ
325 2046 439 2080 λύχνος
463 2045 524 2078 τοῖς
542 2047 615 2073 ποσί
631 2054 690 2080 μου
704 2047 720 2072 ό
739 2046 830 2080 νόμος
847 2053 916 2079 σου,
941 2045 989 2072 καὶ

202 2090 265 2127 φῶς
283 2090 347 2124 ταῖς
368 2091 479 2125 τρίϐοις
489 2099 560 2126 μου,
580 2091 633 2118 πᾶν
653 2090 684 2117 τὺ
698 2090 865 2126 πρόσκομμα
887 2090 989 2126 ἀνῄρη-

200 2145 257 2169 ται,
273 2136 481 2173 ταφοηισμένης
499 2137 547 2164 καὶ
569 2135 696 2171 διαυγοῦς
708 2136 758 2171 τῆς
778 2135 892 2172 καρδίας
910 2136 988 2171 εὑρε-

201 2182 309 2218 θείσης·
324 2182 376 2209 κᾶν
388 2182 442 2218 γὰρ
451 2182 501 2217 τὴν
513 2182 577 2209 νέαν
588 2182 695 2218 ἐκείνην
709 2182 756 2209 καὶ⁸
772 2181 918 2218 ὀλισθηρὰν
938 2181 989 2218 ἔχῃ

201 2227 320 2263 ἠλικίαν,
331 2226 452 2262 φυλακὴν
465 2227 492 2253 δὲ
505 2226 559 2254 τῶν
575 2227 704 2263 ῥημάτων
716 2228 835 2264 τηρήσῃ,
849 2227 987 2254 ἀδιάπτω-

200 2281 247 2304 τος
261 2271 390 2300 διατελῶν
405 2272 546 2307 βοήσεται’
570 2273 618 2299 Ἔν
636 2273 693 2299 τίνι
714 2272 892 2306 κατορθώσει
914 2272 986 2300 νεώ-
1002 2264 1025 2292 Ῑ)

200 2326 286 2352 τερος
299 2316 356 2351 τὴν
376 2316 448 2343 ὁδὸν
461 2317 572 2349 αὐτοῦ;
593 2318 628 2344 ἐν
645 2316 685 2350 τῷ
707 2317 898 2352 φυλάξασθαι
914 2317 986 2350 τοὺς

199 2364 310 2398 λόγους
325 2371 394 2389 σου.
414 2362 533 2398 Δύναμιν
549 2363 577 2390 δὲ
593 2363 640 2390 τοῦ
662 2363 796 2399 μηδέποτε
821 2364 986 2398 σφάλλεσθαι

199 2408 382 2443 πορισάμενος
396 2407 494 2442 ἑαυτῷ,
507 2407 547 2443 τῷ
561 2407 691 2444 κρύπτειν
704 2408 753 2440 τὰς
770 2408 817 2435 τοῦ
837 2409 921 2444 νόμον
935 2418 988 2444 μα-

199 2453 292 2489 Θήσεις
309 2454 338 2479 ὲν
362 2454 395 2488 τῇ
419 2448 532 2489 διανοίᾳ,
556 2454 651 2489 φησιν’
674 2455 726 2482 Ἐν
750 2453 787 2489 τῇ
802 2455 908 2490 καρδίᾳ
926 2465 985 2490 μου

198 2499 316 2534 ἔκρυψα
331 2498 366 2525 τὰ
377 2498 463 2534 λόγιά
474 2507 543 2532 σου,
562 2499 641 2533 ὅπως
656 2499 694 2527 ἂν
708 2500 749 2535 μὴ
771 2500 890 2536 ἁμάρτω
905 2508 965 2528 σοι.

233 2586 288 2614 Καὶ
302 2586 373 2613 οὕτω
388 2587 433 2613 τὸν
445 2586 525 2621 νόμον
538 2587 597 2614 ἀντὶ
608 2587 726 2623 φρουροῦ
738 2587 786 2614 καὶ
805 2587 924 2623 φύλακος
938 2588 968 2615 θέ
977 2603 984 2608 -

198 2640 289 2668 μενος,
306 2634 414 2668 συνήσει
429 2632 486 2664 πῶς
499 2632 613 2659 ἕκαστον
626 2633 679 2660 τῶν
691 2633 806 2660 εἰδώλων
816 2634 866 2670 τῆς
884 2635 983 2668 κακίας

196 2679 212 2704 ὁ
230 2678 309 2712 νόμος
328 2677 489 2704 ἁπελαύνει”
504 2677 663 2704 ἀπελαύνων
681 2678 730 2713 μὲν
743 2678 793 2714 τὴν
814 2679 981 2714 ἀφροσύνην,

196 2721 240 2748 διὰ
255 2721 301 2748 τοῦ
325 2721 447 2756 λέγοντος
468 2722 646 2758 γράμματος·
665 2723 712 2757 Μὴ
735 2724 856 2758 γίνεσθε
877 2724 915 2757 ὡς
933 2725 982 2751 ἵπ-

197 2775 253 2801 πος
267 2768 316 2795 καί
324 2768 458 2803 ἡμίονος,
469 2767 515 2802 οἷς
524 2770 579 2796 οὐκ
590 2768 655 2796 ἔστι
666 2770 793 2804 σύνεσις
802 2779 809 2786 ’
822 2769 981 2807 ἐξοστρακί-

1040 1633 1099 1669 lege
1115 1635 1235 1662 coerceri
1251 1639 1278 1662 et
1294 1635 1416 1671 reprimi,
1434 1644 1494 1672 quae
1510 1645 1597 1672 neque
1618 1638 1747 1674 reliquias
1762 1640 1823 1675 ejus

1040 1680 1153 1714 patitur.
1174 1679 1226 1708 Ubi
1249 1680 1332 1716 igitur
1352 1682 1424 1709 valet
1443 1686 1470 1710 et
1491 1683 1563 1718 viget
1584 1684 1638 1717 lex,
1651 1689 1679 1713 et
1700 1687 1822 1714 suasioni

1039 1732 1139 1754 nervos
1156 1725 1279 1760 adhibet,
1302 1726 1339 1754 ibi
1361 1735 1450 1763 neque
1467 1728 1565 1757 humor
1586 1730 1643 1758 vitii
1663 1732 1798 1766 reperitur
1814 1743 1822 1760 :

1046 1770 1093 1798 ubi
1111 1775 1202 1813 autem
1220 1771 1387 1806 debilitatur.
1406 1773 1564 1802 obambulat
1584 1776 1704 1811 nequitia
1719 1779 1824 1813 compi-

1040 1818 1099 1844 lans
1118 1821 1145 1845 et
1163 1810 1323 1852 depascens,
1345 1819 1458 1848 licenter
1480 1810 1660 1856 gradiens-.et
1684 1823 1823 1851 licentiam

1039 1866 1119 1890 nacta
1134 1869 1245 1899 propter
1260 1864 1410 1892 custodiam
1427 1867 1526 1894 animat
1538 1868 1700 1903 neglectam.
1718 1869 1824 1898 Clamat

1040 1907 1112 1934 enim
1130 1908 1171 1935 lex
1194 1918 1200 1935 :
1225 1907 1257 1936 Si
1275 1910 1387 1943 populus
1407 1918 1479 1939 meus
1493 1912 1609 1940 audisset
1627 1922 1677 1945 me.
1693 1913 1779 1942 Israel
1794 1916 1823 1943 in

1039 1953 1088 1980 uiis
1108 1954 1172 1981 meis
1195 1954 1219 1981 si
1241 1954 1422 1988 ambulasset,
1444 1964 1492 1990 pro
1513 1958 1595 1986 nihilo
1622 1959 1743 1988 inimicos
1763 1961 1822 1996 ejus

1039 1999 1220 2027 humiliauem
1245 2001 1280 2029 ".
1303 2001 1371 2029 Cum
1390 2002 1462 2030 enim
1483 2003 1525 2030 lex
1546 2004 1701 2038 persuadet,
1723 2014 1823 2036 nervos

1040 2044 1168 2072 amittunt
1192 2045 1258 2073 vitia
1288 2046 1366 2074 humi
1388 2048 1525 2082 iacentia,
1549 2057 1608 2088 qua!
1629 2058 1679 2079 nec
1702 2052 1822 2080 animam

1039 2097 1072 2118 ex
1087 2089 1201 2118 adverso
1216 2091 1316 2119 intueri
1329 2098 1454 2128 possunt.
1467 2093 1496 2122 Si
1509 2095 1581 2122 enim
1594 2094 1703 2124 lucerna
1713 2098 1822 2132 pedibus

1039 2136 1102 2163 meis
1115 2136 1157 2163 lea:
1172 2142 1228 2168 tua.
1241 2143 1265 2165 et
1276 2138 1365 2167 lumen
1378 2140 1479 2168 semitis
1491 2141 1555 2168 meis
1569 2141 1603 2173 ⁵⁸,
1631 2143 1720 2171 omnis
1735 2144 1822 2172 oll‘en-

1039 2182 1080 2209 sio
1103 2182 1211 2210 sublata
1234 2187 1286 2216 est,
1311 2185 1463 2214 illuminato
1484 2187 1567 2214 ecrde
1586 2191 1613 2215 et
1639 2188 1820 2224 splendente;

1040 2228 1091 2255 etsi
1115 2228 1188 2255 enim
1214 2230 1276 2265 quis
1298 2234 1378 2259 atate
1407 2231 1454 2259 illa
1488 2232 1679 2262 adolescentia;
1715 2235 1820 2263 lubrica

1039 2273 1086 2305 sit,
1107 2274 1259 2302 custodiam
1280 2281 1371 2304 tamen
1393 2277 1539 2305 verborum
1561 2283 1704 2307 conservet
1727 2289 1821 2316 perse-

1038 2325 1136 2345 verans
1157 2325 1274 2353 erectus,
1299 2321 1428 2349 clamabit
1451 2331 1457 2349 :
1480 2321 1514 2349 In
1528 2331 1578 2358 quo
1601 2324 1708 2359 corrigit
1731 2326 1821 2353 adole-

1043 2365 1159 2392 scentior
1192 2366 1261 2393 viam
1294 2369 1394 2396 suam?
1423 2369 1451 2395 iu
1485 2369 1654 2396 custodiendo
1689 2377 1819 2398 sermones

1038 2414 1096 2437 tuos
1122 2411 1156 2438 ⁸⁷.
1187 2410 1271 2440 David
1305 2415 1469 2450 comparatis
1496 2415 1548 2443 sibi
1573 2415 1677 2444 viribus
1703 2417 1737 2445 ad
1764 2425 1820 2446 non

1038 2456 1195 2489 iubendum,
1212 2458 1337 2487 abdendo
1395 2464 1485 2488 mente
1501 2461 1660 2497 disciplinas
1675 2462 1742 2498 legis
1757 2463 1821 2491 aie-

1038 2500 1084 2528 bat
1105 2511 1111 2528 :
1135 2501 1168 2529 In
1190 2503 1268 2531 corde
1289 2512 1345 2532 meo
1368 2505 1493 2533 abscondi
1511 2506 1616 2535 eloquia
1640 2512 1695 2541 tua,
1717 2512 1745 2534 ut
1767 2516 1820 2536 non

1036 2554 1136 2582 peccem
1151 2548 1197 2575 tibi
1210 2549 1244 2578 ⁸⁸.

1072 2595 1159 2629 Atque
1181 2595 1217 2622 ita
1230 2596 1276 2632 qui
1291 2596 1376 2632 legem
1392 2604 1441 2632 pro
1461 2598 1576 2625 custode
1590 2598 1754 2631 adhibuerit,
1771 2600 1818 2627 in-

1035 2639 1148 2675 telligit.
1173 2643 1310 2676 quomodo
1336 2643 1378 2670 lex
1395 2643 1516 2678 singulas
1534 2644 1638 2679 species
1653 2645 1712 2672 vitii
1734 2645 1819 2680 abigit

1036 2687 1063 2711 et
1079 2684 1163 2719 ejicit.
1190 2685 1400 2718 Imprudentium
1424 2687 1533 2722 quidem
1558 2696 1606 2723 per
1627 2687 1816 2724 Scripturam.

1035 2737 1095 2763 qua:
1106 2730 1144 2757 ait
1156 2740 1163 2757 ε
1177 2730 1266 2759 Nolite
1281 2733 1340 2766 [reri
1355 2733 1422 2759 sicut
1431 2741 1510 2768 equas
1518 2738 1543 2760 et
1553 2734 1652 2767 mulus,
1663 2734 1756 2770 quibus
1765 2743 1817 2762 non

1034 2780 1072 2802 est
1081 2776 1228 2805 intellectus
1243 2778 1276 2806 ¹⁹.
1304 2778 1487 2807 Tintiditatem
1498 2787 1562 2808 vero
1574 2787 1622 2816 per
1633 2780 1815 2816 ScripturamI

234 2838 352 2885 Triton);
368 2839 480 2885 mihi}.
502 2839 686 2885 I”_i_bid.nﬂ.
724 2840 746 2858 "
765 2840 844 2869 Joan.
862 2849 898 2875 tv,
918 2841 963 2870 il.
1003 2844 1026 2861 "
1044 2845 1116 2876 Psal.
1136 2855 1217 2881 Lux,
1237 2849 1280 2877 Η.
1319 2851 1341 2868 ⁸⁸
1360 2850 1433 2879 Psal.
1449 2858 1544 2885 cxmt,
1563 2850 1623 2879 l05.
1661 2850 1683 2868 "
1704 2851 1772 2880 ibid.
1789 2852 1808 2881 9

196 2875 220 2892 "
239 2875 304 2903 ibid.
326 2875 367 2903 il.
404 2874 427 2892 ”
447 2873 519 2904 Psal.
539 2882 612 2909 χιιι,
630 2874 656 2903 9.
