2131 3167
225 172 292 202 ιιι-ι

220 278 342 314 αἰσχρὸν,
356 277 374 312 ἡ
392 274 461 304 εἶναι
477 275 525 303 καὶ
547 274 693 302 ,λανθάνειν
703 283 710 290 ·
732 275 874 310 γινόμενος
891 275 946 312 γὰρ
959 277 1007 303 καὶ

219 320 365 353 λανθάνων.
385 321 475 349 ἐδεδίει
500 321 626 356 μάρτυρα
652 319 697 346 τὸν
716 320 798 346 Θεόν·
817 319 954 356 νομισθεὶς
967 320 1007 352 δὲ,

219 367 329 403 ἠρκεῖτο
351 367 392 402 τῷ
419 367 525 402 ἑπόπτῃ
547 367 729 402 μαρτυροῦντι
750 367 806 398 τοῖς
825 366 1006 402 γιγνομένοις.

218 411 275 440 Καὶ
289 413 340 448 τῆς
359 412 409 447 μὲν
428 411 605 447 σωφροσύνης
621 411 773 447 ὑπόδειγμα
788 411 876 439 τοῦτο.

253 457 310 492 Τῆς
329 457 358 484 δὲ
372 456 498 491 ἀνδρείας
515 457 600 484 πολλά
615 458 665 493 μὲν
678 458 725 485 καὶ
741 457 819 491 ἄλλα,
831 458 922 484 ἱκανὸν
934 457 963 484 δὲ
977 458 1007 484 τδ

217 502 266 538 τῆς
282 501 388 533 Ὶουδὶθ,
404 502 446 528 ὅτι
465 501 576 535 γύναιον
598 500 648 537 ἦν,
675 502 723 529 καὶ
746 501 859 533 ἀσθενὲς
884 499 936 536 ἦν,
959 500 1008 528 καὶ

217 546 332 581 ἄτολμον
347 543 392 581 ἦν,
418 546 478 572 ἐπεὶ
499 546 610 580 γύναιον
628 544 671 582 ἦν.
690 546 826 581 Εὕτολμον
843 546 872 573 δὲ
898 545 945 572 καὶ
961 545 1008 572 ἀν-

217 592 316 628 δρεῖον,
331 591 393 619 ἐπεὶ
405 592 499 619 πιστὸν
514 591 548 628 ἦν
557 601 564 608 ·
578 593 620 620 δτι
637 593 671 619 τὰ
684 592 803 620 ἀδύνατα
815 593 874 624 ταῖς
893 591 1007 627 προσδο-

219 638 292 669 κίαις
308 637 362 664 τῶν
374 638 525 674 ἀνθρώπων
539 639 640 667 δυνατά
654 640 686 674 τῇ
700 639 810 674 ἀνδρείᾳ.
826 638 1003 665 ἀποδέδωκεν·

217 683 259 711 ὃτι
279 683 313 710 τά
329 683 519 719 ἀπροσδόκητα
540 685 580 716 είς
604 684 696 711 πίστιν
717 684 763 710 κα).
787 683 884 710 ἐλπίδα
902 684 1006 718 ἢγαγεν

218 728 328 765 ἀνδρεία
343 729 433 756 πίστει
456 731 622 765 κεκερακυία
632 738 638 744 ·
653 729 688 756 τὰ
702 729 757 765 γὰρ
766 729 855 763 τειχία
872 727 1006 764 ἀνεῴγον-

217 783 261 806 το,
280 774 327 801 καὶ
342 774 416 810 ἐξῄει
431 776 448 810 ἡ
466 776 574 806 νεᾶνις·
596 776 643 802 καὶ
663 774 731 810 μετά
752 774 898 809 παιδίσκης
922 774 1006 809 μόνης

217 819 300 856 ιξῄει,
322 821 352 847 οὐ
374 820 404 847 τδ
418 820 537 847 ὕποπτον
556 821 603 847 τοῦ
623 820 738 852 κάλλους
761 819 898 851 δειλιῶσα,
920 820 950 845 οὐ
971 819 1005 845 τὰ

216 865 280 902 ξίφη
297 866 482 902 εὐλαϐουμένη
493 887 500 899 ,
518 867 547 892 οὺ
564 866 712 902 φοϐηθεῖσα
737 866 774 901 μὴ
795 865 943 900 λαγνεύσῃ,
967 865 1004 900 μὴ

730 171 918 202 Λυγειιευε
936 173 1152 204 HANICHEOS
1169 175 1234 203 LIB.
1248 175 1293 204 111.

222 231 398 267 βουληθέντα·
426 230 533 258 κάλλιον
552 229 606 265 γὰρ
630 229 771 263 ἐλογίσατο
796 229 827 256 τὸ
847 230 1007 266 νομισθῆναι
1022 235 1042 261 Α

1770 176 1840 206 1258

1057 231 1141 260 latere
1156 242 1163 260 :
1190 233 1214 260 si
1227 233 1301 261 enim
1318 238 1390 261 esset
1405 238 1431 262 et
1459 235 1564 270 lateret,
1586 237 1724 265 metuebat
1744 240 1840 265 testem

1058 276 1158 312 Deum;
1170 277 1213 306 sin
1224 285 1288 306 vero
1299 279 1455 312 haberetur,
1464 285 1608 309 contentus
1616 285 1675 309 erat
1689 285 1756 310 teste
1769 281 1840 310 facta

1058 322 1238 358 inspectante.
1278 323 1367 360 Atque
1403 326 1541 361 pudicitia:
1573 327 1682 362 quidem
1717 327 1770 355 hoc
1804 327 1841 355 sit

1057 370 1221 405 exemplum.
1482 369 1486 372 ”

1093 457 1271 486 Fortitudinis
1287 465 1352 486 vero
1370 458 1454 486 multa
1480 459 1588 494 quidem
1608 463 1672 487 sunt
1689 460 1751 492 alia,
1773 458 1839 487 satis

1057 511 1122 531 vero
1135 511 1209 532 nunc
1221 505 1257 532 sit
1271 504 1337 532 illud
1356 503 1459 539 Judith,
1474 513 1534 541 quae
1551 505 1708 533 muliercula
1731 510 1800 536 erat,
1812 509 1841 532 et

1057 549 1165 576 inﬁrma
1180 555 1248 583 erat,
1272 556 1299 578 et
1315 559 1369 578 non
1393 551 1481 578 audax
1502 555 1571 584 erat,
1593 551 1656 587 quia
1679 550 1840 578 muliercula

1056 597 1126 622 erat.
1139 595 1233 622 Audax
1249 600 1340 623 tamen
1356 597 1407 623 fuit
1421 601 1448 624 et
1466 596 1554 629 fortis,
1574 597 1638 632 quia
1663 596 1793 624 credibile
1813 595 1839 623 ei

1055 639 1117 671 fuit,
1132 647 1192 675 qua:
1218 642 1421 676 exspectatione
1450 642 1590 670 hominum
1620 641 1676 669 ﬁeri
1702 649 1755 668 non
1780 648 1839 676 pos-

1055 689 1130 717 sunt,
1139 693 1219 720 posse
1235 685 1410 720 fortitudine;
1425 695 1485 722 quae
1498 694 1559 714 cum
1575 687 1625 714 ﬁde
1637 687 1762 714 mistaaac
1774 690 1841 714 tem-

1056 735 1159 765 perata,
1175 731 1209 758 ad
1225 730 1304 758 fidem
1328 737 1355 758 et
1372 740 1446 767 spem
1463 732 1577 759 adduxit
1597 732 1733 766 insperata
1750 731 1839 758 :muri

1056 775 1129 803 enim
1145 776 1231 810 aperti
1248 780 1324 807 sunt,
1339 780 1367 803 et
1381 776 1466 803 exivit
1487 776 1702 807 adolescentula,
1723 779 1750 803 et
1775 783 1839 802 cum

1057 819 1115 846 sola
1135 819 1234 846 ancilla
1257 821 1353 852 exivit,
1377 828 1432 847 non
1465 820 1614 848 formidans
1629 820 1703 855 quod
1727 824 1786 847 erat
1809 820 1838 847 in

1057 865 1260 900 pulchritudine
1274 869 1431 900 suspectum
1442 874 1449 898 ;
1462 873 1515 893 non
1525 871 1646 893 metuens
1653 865 1769 900 gladios,
1782 872 1838 893 non

216 911 262 947 βίᾳ
276 911 422 938 ἀγολισὶαν
436 912 569 947 ὑπομείνῃ
581 920 587 926 ”
605 912 642 947 μὴ
659 911 785 938 δειλιῶη
803 912 840 946 μή
858 920 884 937 τι
903 911 956 937 ἀπὸ
968 910 1007 942 ξί-
1021 911 1041 938 Β
1056 915 1057 920 ‘

996 924 1007 929 -
1021 911 1041 938 Β
1056 910 1154 936 timens
1169 917 1203 937 ne
1223 910 1251 936 in
1264 910 1378 937 libidine
1389 914 1472 943 esset,
1492 918 1527 938 ne
1541 910 1581 937 vis
1593 910 1739 937 inferretur
1758 908 1837 945 pudi-

216 965 282 992 φους
292 957 446 989 ἑξαπίναιον
461 956 551 992 πάθῃ·
572 956 641 983 ἀλλὰ
656 956 686 983 τὸ
705 956 754 991 μὲν
773 955 887 992 φοϐερὸν
902 955 948 982 τοῦ
968 955 1006 987 ξί-

216 1011 282 1037 φους
293 1004 327 1038 τῇ
338 1003 450 1039 ἀνδρεία
461 1002 575 1034 νικῶσα,
593 1004 624 1030 τὸ
636 1003 665 1029 δὲ
681 1002 778 1034 κάλλος
791 1002 830 1037 τῷ
844 1001 903 1037 Θεῷ
917 1010 1006 1036 παρα-

215 1047 361 1083 τιθεμένη·
384 1046 539 1080 ἀξιόπιστον
557 1047 611 1082 γὰρ
634 1047 680 1073 τὸν
699 1047 765 1074 Θεὸν
786 1046 893 1080 φύλακα
911 1047 1005 1080 ἡγεῖτο

214 1090 262 1117 τοῦ
275 1090 405 1122 κάλλους*
424 1091 550 1126 φρύγανα
569 1091 597 1117 δὲ
611 1090 658 1117 καὶ
671 1091 797 1126 πάπυρον
810 1090 845 1116 τά
866 1090 930 1125 ξίφη
945 1090 1003 1117 ἐλο-

215 1135 317 1170 γίζετο,
334 1137 510 1170 πεπατηκυῑα
526 1135 565 1170 τῷ
578 1135 731 1171 φρονήματι
753 1136 803 1169 τῆς
817 1135 939 1170 ἀνδρείας
956 1134 1004 1169 τὴν

214 1179 332 1206 δειλίαν
357 1180 404 1206 καὶ
431 1180 570 1216 παρῆλθεν
591 1181 607 1212 ὴ
629 1180 708 1215 γυνὴ,
733 1180 779 1206 καὶ
800 1180 934 1215 τολμηρὸν
954 1179 1003 1206 οὐκ

215 1225 322 1261 ικρίθηρ
341 1225 407 1252 Οὐδὲ
421 1225 590 1261 τραχύτητος
617 1225 742 1261 ἔγκλημα
760 1225 814 1260 (59)
839 1226 1001 1260 ὑπέμεινεν·

214 1268 275 1296 οὔτε
286 1269 341 1305 γὰρ
356 1269 439 1304 ἀτελῆ
455 1270 489 1296 τὰ
507 1270 644 1305 κριθέντα,
667 1271 710 1296 ἴνα
728 1270 895 1306 τραχύτητος
909 1271 1003 1307 ἐγκλη-

215 1314 266 1350 οῇ·
283 1316 458 1351 πεπεραίωκε
478 1315 511 1342 τὰ
533 1316 746 1351 βεϐουλευμένα·
771 1316 811 1347 είς
831 1316 916 1352 πέρας
931 1316 1002 1352 ῆχθη

214 1359 249 1387 τὰ
263 1361 429 1396 ἐσκεμμένα.
445 1361 495 1388 Διά
509 1361 588 1388 τοῦτο
604 1361 790 1397 θαυμάζεται,
815 1362 856 1389 ὅτι
873 1362 1002 1397 φρόνησιν

214 1406 325 1442 ἀνδρείᾳ
339 1406 429 1442 ἔμιξεν
439 1415 446 1422 ·
463 1409 505 1438 ὅτι
518 1408 568 1435 ὅσα
580 1407 768 1438 ἐϐουλεύσατο,
782 1408 822 1439 είς
839 1407 925 1443 πέρας
936 1408 1003 1442 ὴγά-

215 1458 288 1486 γετό.

1055 954 1125 981 cilia:
1141 963 1148 987 ;
1165 962 1219 981 non
1234 954 1386 982 formidans
1406 963 1441 983 ne
1465 955 1531 991 quid
1551 955 1722 990 repentinum
1736 963 1770 982 ex
1782 955 1839 990 gla-

1055 997 1100 1025 dio
1124 998 1260 1026 accideret
1278 1009 1285 1026 :
1303 1000 1370 1034 quin
1394 1000 1484 1034 potius
1505 1004 1635 1028 terrorem
1658 1000 1740 1036 gladii
1761 999 1840 1026 forti-

1055 1045 1149 1073 tudine
1166 1045 1288 1078 vincens,
1316 1046 1515 1075 formositatem
1533 1055 1598 1074 vero
1627 1046 1682 1075 Deo
1701 1054 1840 1074 commen-

1054 1090 1134 1118 dans.
1152 1090 1236 1118 Deum
1251 1092 1324 1119 enim
1340 1092 1483 1120 custodem
1499 1093 1710 1128 pulchritudinis
1728 1093 1840 1127 dignum

1055 1135 1100 1163 cui
1116 1135 1226 1169 lideret,
1255 1137 1429 1164 existimabat
1453 1145 1527 1171 esse;
1555 1138 1660 1173 gladios
1688 1145 1752 1165 vero
1778 1145 1840 1165 sar-

1056 1184 1147 1208 menta
1167 1185 1193 1209 et
1203 1189 1335 1218 papyrum
1354 1183 1483 1216 ducebat,
1502 1184 1585 1211 animi
1604 1183 1763 1212 fortitudine
1783 1183 1840 1211 for-

1056 1227 1186 1256 midinem
1211 1236 1367 1263 superans:
1385 1230 1513 1258 transivit
1539 1231 1648 1262 mulier,
1670 1235 1697 1258 et
1713 1238 1767 1258 non
1792 1233 1836 1258 est

1054 1271 1206 1306 iudicatum
1233 1274 1416 1306 temerarium,
1443 1276 1516 1309 quod
1541 1283 1607 1304 ausa
1632 1279 1684 1303 est.
1703 1275 1762 1302 Non
1787 1275 1839 1302 fuit

1056 1317 1085 1344 in
1103 1325 1135 1344 ea
1159 1319 1316 1346 criminatio
1346 1319 1472 1352 duritiae;
1506 1327 1556 1348 nec
1582 1321 1655 1348 enim
1682 1321 1839 1355 imperfecta

1055 1362 1176 1395 fuerunt,
1187 1371 1248 1398 qua:
1263 1363 1370 1392 fuerant
1378 1364 1501 1399 judicata
1513 1369 1540 1393 et
1559 1365 1679 1396 decreta.
1695 1371 1724 1393 ut
1738 1366 1839 1393 duritia

1056 1413 1200 1436 accusetur
1217 1418 1224 1436 :
1239 1409 1353 1444 perfecit
1366 1417 1410 1443 ea,
1424 1410 1459 1437 de
1474 1411 1574 1445 quibus
1585 1411 1765 1438 deliberatum
1780 1411 1841 1439 fue-

1057 1457 1101 1479 rat
1117 1462 1124 1480 :
1142 1453 1176 1479 ad
1193 1453 1272 1481 linem
1287 1454 1419 1488 perducta
1435 1459 1500 1481 sunt
1526 1454 1711 1483 considerata.
1735 1454 1840 1482 Idcirco

215 1498 245 1527 in
270 1499 452 1528 admiratione
474 1505 528 1534 est,
555 1501 621 1536 quia
645 1500 820 1536 prudentiam
847 1500 1001 1529 fortitudini
1021 1500 1178 1533 admiscuit,
1196 1501 1261 1537 quia
1273 1509 1354 1529 omne
1377 1502 1521 1530 consilium
1549 1507 1669 1538 emptum
1688 1502 1722 1529 ad
1737 1502 1840 1530 exitum

216 1545 352 1579 perduxit.

250 1591 306 1618 Kal.
319 1591 369 1626 τῆς
383 1591 508 1626 ἀνδρείας
523 1592 626 1628 ταύτης
647 1593 796 1628 ὑπόδειγμα
809 1592 946 1625 λαϐόντες,
961 1592 1008 1619 καὶ
1020 1593 1043 1624 C

997 1592 1043 1624 ιο
1095 1591 1152 1620 Hoc
1167 1591 1337 1619 fortitudinis
1352 1592 1477 1626 exemplo
1491 1596 1610 1626 sumpto,
1625 1592 1741 1627 justitiae
1757 1594 1838 1622 etiam

214 1637 264 1672 τῆς
291 1637 464 1673 δικαιοσύνης
493 1639 645 1674 ληψόμεθα.
676 1639 759 1666 Ὅταν
788 1639 925 1674 ἀμύνηται
955 1640 1004 1674 μὲν

216 1681 352 1718 Ἀδραὰμ,
367 1684 413 1710 καὶ
432 1684 662 1720 ύπερμαχήσηται
675 1685 730 1712 τῶν
741 1685 936 1721 ἀδικουμένων,
957 1685 1004 1712 καὶ

218 1728 354 1764 βοηθήσας
373 1730 476 1766 ἀκούσῃ
495 1731 570 1767 παρά
586 1731 640 1758 τῶν
656 1731 907 1766 ἐλευθερωθέντων
932 1731 1005 1759 Λάδε

217 1775 267 1810 τὴν
279 1774 363 1802 ἵππον
379 1776 425 1803 καὶ
438 1777 526 1803 πάντα
540 1777 645 1813 σεαυτῷ
655 1785 662 1792 ·
678 1778 725 1804 καὶ
738 1776 823 1804 ταῦτα
831 1777 947 1809 ἀκούων,
967 1777 1003 1813 μὴ

217 1819 286 1855 πρὸς
299 1820 345 1847 τὸν
361 1822 550 1857 χρηματισμὸν
567 1822 684 1857 βλέπων.
697 1822 764 1850 ἀλλὰ
775 1823 842 1859 πρὸς
855 1823 886 1850 τὸ
902 1822 1004 1849 δίκαιον

217 1864 366 1898 ἀτενίζων,
384 1867 431 1893 καὶ
447 1867 655 1902 συγγινώσκων,
676 1869 716 1895 ὅτι
730 1868 834 1904 δωρεὰν
851 1868 940 1899 ἔλαϐε,
958 1869 1005 1894 καὶ

218 1909 278 1942 πῶς
295 1910 419 1946 πωλῆσαι
431 1912 480 1948 τὴν
491 1912 594 1948 δωρεὰν
614 1913 665 1939 οὐκ
681 1913 800 1947 ὀφείλει,
820 1913 860 1939 ὅτι
882 1913 1005 1948 χάρισμα

218 1957 423 1992 πιπράσκεσθαι
434 1959 485 1985 οὐκ
495 1959 621 1994 ἀνέχεται
632 1969 638 1976 ·
649 1960 690 1986 ὅτι
702 1960 788 1986 ἄδικοι
802 1961 826 1986 οἱ
840 1960 887 1992 τὰς
902 1960 1004 1996 δωρεὰς

219 2002 407 2038 ἀποδεδομένα
423 2005 508 2031 εἰσίν·
525 2005 565 2031 ὅτι
585 2005 615 2031 οὐ
638 2005 749 2037 δικαίως
765 2005 798 2032 τὰ
812 2005 878 2031 ὥνια
891 2006 938 2031 καὶ
957 2006 1005 2036 τὰς

218 2047 377 2083 εὐεργεσίας
387 2050 471 2076 πωλεί
480 2059 530 2082 τις.
549 2050 665 2085 Ἱμάτιον
681 2051 727 2077 καὶ
736 2050 876 2085 κειμήλιον
889 2051 931 2076 ἐπ’
940 2051 1004 2085 ἀγο-

220 2093 269 2128 ρᾶς
289 2096 503 2130 πιπρασκέσθω·
522 2097 642 2132 ἀπρατος
658 2097 716 2132 au)
739 2096 880 2132 εὐεργεσία
903 2097 1005 2130 μενέτω

218 2138 258 2175 τῷ
277 2140 457 2177 μεγαλοψύχῳ
478 2142 527 2176 τῆς
545 2142 674 2174 διανοίας,
699 2143 814 2177 προῖκας
829 2141 868 2175 τῷ
887 2141 1006 2176 δεομένῳ

218 2184 352 2222 διδομένη.
376 2187 430 2214 Καὶ
452 2187 571 2214 τοιοῦτον
589 2188 650 2223 ἔχον
670 2188 719 2223 μὲν
734 2188 784 2223 τῆς
805 2187 923 2218 διανοίας
945 2187 1006 2213 ὑπό-

219 2229 328 2266 δειγμα,
348 2232 389 2258 ὅτι
403 2232 452 2264 τὰς
466 2232 569 2268 δωρεὰς
582 2233 629 2260 καὶ
647 2233 695 2264 τὰς
706 2232 864 2267 εὐεργεσίας
886 2232 1003 2267 μεγάλου

218 2278 359 2313 χρήματος
373 2279 575 2314 πιπράσκεσθαι
586 2280 615 2306 ού
633 2279 681 2311 δεῖ,
700 2278 767 2306 ἀλλὰ
777 2280 870 2314 τηρεῖν
880 2278 928 2314 τὴν
939 2279 1003 2306 ἑκά-

220 2331 281 2349 στου
296 2324 388 2360 τιμὴν,
407 2325 444 2360 μὴ
455 2325 728 2361 προδιαφθεινόμενον
742 2326 775 2360 τῇ
792 2325 862 2351 δόσει
874 2325 928 2351 τῶν
936 2333 1003 2360 χρη-

220 2369 323 2404 μάτων.

1055 1638 1208 1673 exemplum
1221 1644 1373 1664 sumamus.
1389 1636 1456 1664 Cum
1469 1637 1604 1664 Abraham
1620 1637 1719 1672 injuria
1728 1638 1840 1667 allectos

1056 1684 1192 1711 ulciscens
1207 1691 1256 1718 pro
1274 1683 1315 1710 eis
1330 1683 1468 1718 pugnavit,
1490 1687 1518 1710 et
1536 1690 1598 1710 cum
1623 1686 1685 1718 post
1706 1685 1839 1712 auxilium

1055 1730 1166 1758 allatum
1182 1729 1289 1756 audiret
1309 1736 1323 1755 a
1338 1729 1463 1758 liberatis
1480 1728 1596 1764 :Accipe
1618 1729 1668 1756 tibi
1688 1730 1840 1765 equitatum

1054 1780 1081 1803 et
1097 1775 1206 1808 omnia;
1226 1782 1281 1802 non
1305 1774 1332 1802 in
1349 1778 1484 1810 qumstum
1498 1775 1613 1810 aspexit,
1636 1775 1684 1802 sed
1702 1775 1838 1810 justitiam

1055 1821 1189 1854 attendit;
1208 1820 1346 1856 quomodo
1356 1821 1484 1848 conscius
1495 1828 1525 1847 se
1543 1820 1629 1856 gratis
1644 1821 1760 1856 cepisse.
1783 1829 1838 1848 non

1055 1868 1169 1895 debebat
1194 1867 1312 1894 vendere
1333 1866 1433 1893 donum
1451 1875 1457 1893 ε
1475 1866 1538 1900 quia
1564 1867 1652 1902 gratia
1688 1874 1743 1894 non
1771 1867 1841 1902 pati~

1055 1918 1099 1940 tur
1130 1916 1159 1940 ut
1182 1911 1385 1944 venumdetur;
1412 1911 1546 1946 siquidem
1571 1911 1667 1946 injusti
1698 1917 1770 1944 sunt,
1792 1912 1840 1948 qui

1059 1959 1129 1986 dona
1149 1958 1286 1990 vendunt;
1301 1962 1329 1985 et
1345 1964 1399 1985 non
1414 1957 1488 1992 justo
1500 1958 1562 1993 quis
1577 1957 1682 1985 venalia
1706 1962 1732 1985 et
1758 1958 1841 1986 liene-

1057 2005 1116 2032 ficia
1136 2005 1292 2032 venumdat.
1316 2004 1408 2032 Vestis
1439 2008 1467 2031 et
1497 2012 1542 2031 res
1569 2004 1687 2038 pretiosa
1708 2003 1841 2032 vendatur

1056 2051 1083 2078 in
1100 2050 1180 2078 foro:
1202 2050 1364 2078 beneficium
1380 2057 1457 2081 vero,
1478 2057 1512 2077 ne
1536 2050 1669 2077 habeatur
1693 2050 1840 2083 vendibile,

1056 2097 1128 2131 quod
1147 2103 1247 2131 magno
1266 2095 1358 2122 animo
1384 2095 1471 2130 gratis
1503 2095 1634 2130 indigenti
1661 2094 1722 2121 dari
1749 2095 1839 2122 debet.

1056 2141 1121 2169 Tale
1140 2141 1293 2176 exemplum
1310 2141 1459 2172 habemus,
1478 2140 1549 2167 dona
1587 2145 1614 2167 et
1630 2139 1761 2167 beneficia
1786 2147 1841 2166 non

1055 2191 1182 2222 oportere
1196 2187 1282 2214 multa
1295 2187 1410 2222 pecunia
1423 2186 1550 2219 vendere,
1563 2186 1610 2213 sed
1625 2194 1735 2214 servare
1745 2193 1840 2221 quem-

1057 2240 1110 2268 que
1131 2233 1262 2260 honorem
1289 2239 1380 2265 suum,
1409 2235 1436 2259 et
1452 2240 1505 2259 non
1533 2232 1608 2267 prius
1637 2231 1751 2259 oecuuia
1779 2238 1840 2259 cor-

1056 2286 1154 2314 rumpi.

713 2427 777 2455 CAP.
799 2427 842 2454 Χί.
865 2426 1061 2454 Concordantia
1073 2425 1136 2460 legis
1148 2429 1173 2451 el
1187 2424 1330 2459 Evangelii.

254 2484 309 2510 Καὶ
322 2483 406 2510 ταῦτα
422 2484 470 2519 μὲν
487 2484 574 2516 οὕτως
591 2485 787 2517 ἐπεξελθόντες,
806 2485 1007 2511 κατεσκευάσα-

221 2537 284 2564 μιεν·
304 2530 345 2556 ὅτι
362 2529 451 2556 πάντα
464 2530 493 2556 ἐν
507 2530 581 2565 νόμῳ
595 2533 694 2563 κεῖται,
718 2531 764 2557 καὶ
780 2531 877 2561 κακίας
898 2530 1007 2565 ἀναίρε-

220 2584 274 2607 σις,
286 2575 332 2602 καὶ
348 2575 447 2611 ἀρετῆς
467 2576 649 2611 κατόρθωσις·
666 2578 712 2604 καὶ
735 2577 836 2603 τούτων
849 2577 931 2603 ὄντων
947 2577 1006 2602 ἱκασ

220 2620 273 2648 νῶν
290 2620 358 2656 πρὸς
370 2621 501 2657 ἐντροπὴν
516 2621 564 2648 καὶ
575 2622 740 2657 δυσώπησιν,
760 2624 806 2649 καί
825 2631 852 2648 τε
870 2622 900 2648 τὸ
913 2623 1004 2656 ὅμοιον

220 2665 394 2700 ἀποδίδομεν·
415 2667 439 2692 εί
457 2666 512 2701 γὰρ
534 2667 616 2702 μηδὲν
641 2666 712 2703 εἶχεν
732 2670 746 2694 ό
772 2669 852 2703 νόμος
877 2668 932 2694 ἴσον
957 2666 1004 2693 τοῦ

220 2711 459 2745 Εὑαγγελίου,τοῦ
482 2713 609 2747 ἀνομοίου
635 2714 650 2748 ἡ
679 2713 829 2748 κατηγορία
855 2711 904 2748 ἦν’
931 2713 954 2738 εί
976 2716 1004 2738 ut

220 2757 346 2792 ὁμοιότης
368 2758 440 2790 ἐστὶ,
459 2757 485 2785 τί
503 2758 549 2784 ἐπὶ
565 2759 612 2792 τῆς
625 2759 782 2794 δμοιάτητος
804 2758 983 2793 διαφερόμεθα
997 2778 1004 2789 ,

220 2801 271 2838 τῆς
289 2803 446 2839 ὁμοιότητος
460 2803 634 2839 διαφέρεσθαι
658 2803 700 2842 μὴ⁶
716 2804 897 2839 ἀνεχομένηςς
918 2805 970 2839 lto;
990 2804 1004 2829 ὀ

1094 2482 1181 2517 Atque
1205 2482 1262 2509 haec
1283 2482 1393 2516 quidem
1421 2485 1551 2509 hactenus
1577 2480 1724 2515 persecuti,
1741 2480 1839 2515 proba~

1059 2529 1146 2556 vimus
1163 2533 1308 2562 utrumque
1322 2535 1384 2555 esse
1402 2528 1428 2554 in
1457 2527 1527 2562 lege,
1549 2531 1576 2553 et
1594 2527 1651 2553 vitii
1666 2526 1840 2561 exstirpatio-

1057 2582 1128 2605 nem,
1149 2577 1176 2600 et
1190 2574 1299 2600 virtutis
1318 2572 1434 2599 ofﬁcium
1449 2576 1530 2607 atque
1543 2572 1763 2599 exercitationem
1779 2580 1785 2603 ;
1800 2575 1840 2597 at-

1057 2626 1110 2653 que
1133 2619 1189 2646 luec
1219 2618 1328 2653 quidem
1358 2618 1426 2645 satis
1454 2625 1524 2649 esse,
1543 2622 1573 2644 ut
1599 2617 1643 2644 isti
1665 2617 1838 2644 erubescant.

1058 2666 1166 2700 Aliquid
1191 2665 1281 2693 simile
1296 2665 1435 2692 reddimus
1457 2664 1484 2690 i‘n
1511 2663 1657 2698 Evangelia
1674 2666 1701 2690 et
1720 2662 1787 2697 lege.
1811 2660 1838 2688 Si

1058 2711 1129 2738 enim
1156 2714 1248 2738 essent
1273 2709 1428 2744 Evangelia.
1451 2712 1478 2736 ct
1491 2712 1563 2736 esset
1584 2709 1637 2739 lex.
1668 2711 1696 2735 et
1711 2707 1778 2734 nihil
1798 2707 1840 2733 lex

1058 2757 1169 2783 haberet
1187 2756 1289 2791 aequale
1312 2755 1469 2790 Evangelio.
1498 2754 1607 2781 crimini
1622 2753 1733 2780 daretur
1756 2751 1840 2780 dissi-

1059 2802 1192 2829 militudo.
1213 2802 1262 2829 Sin
1277 2807 1367 2829 autem
1385 2801 1537 2828 similitudo
1551 2800 1677 2835 est.qnid
1692 2799 1726 2826 de
1741 2796 1839 2826 simili-

256 2880 314 2916 (59)
337 2881 521 2915 Τραχύτητος
536 2880 618 2910 erm.
641 2879 744 2908 Duritia
760 2880 831 2908 cnim
852 2880 958 2915 stupori
974 2879 1071 2908 similis
1088 2878 1245 2914 patientiam
1266 2876 1397 2905 imitatur.
1416 2876 1499 2904 Tum.
