2131 3167
566 235 682 265 CAPU'I'
699 236 846 267 νιιηιυι.

384 308 585 332 CWIMIA
599 313 634 333 ιιι
648 313 712 333 τιτι
729 313 864 336 ιλιειιιι
877 315 1025 337 IAIIA'I’IO.

347 365 402 400 Qui
416 374 491 396 anno
504 367 558 395 874
575 369 672 397 saltem
686 371 863 399 centonarius
875 379 893 400 e
906 371 978 401 vivis
999 379 1098 401 oues-

312 411 361 445 ait.
375 412 533 447 Marcellus,
546 422 620 443 anno
630 416 742 444 circiter
756 416 822 448 απ,
840 418 990 446 Aureliano
1007 426 1099 446 rerum

313 456 446 492 potiente,
467 462 551 487 natus
568 462 605 487 sit
619 464 739 495 oportet.
757 462 854 489 eodem
870 462 956 491 ferme
975 466 1100 498 tmpore

313 510 370 538 quo
384 502 488 532 Paulus
512 504 723 539 Samosateaus,
748 507 830 542 cujus
852 507 969 536 heresin
991 512 1100 536 restau-

312 556 392 578 rasae
406 549 496 578 fertur
508 550 663 584 lsrcetlus,
676 552 847 581 Antiochea:
862 554 928 582 sedo
938 555 1036 589 pulsus
1044 559 1098 582 est.

312 593 384 622 Ante
397 601 501 622 unum
508 595 561 623 δη
569 596 597 623 in
607 596 784 632 Ancyranum
793 598 952 634 episcopum
965 598 1098 632 adiectus.

312 640 466 676 Ancyrana
477 641 584 676 synodo
596 642 692 670 eodem
708 650 782 671 anno
798 644 943 672 celebrata
959 644 1097 674 interfuit.

311 683 382 715 Hinc
393 685 422 713 in
437 684 547 714 Nicena
563 686 671 722 synodo
684 687 712 715 in
723 688 819 716 Arium
833 693 861 716 et
869 690 1100 719 asseclasacriter

311 730 447 763 invectus.
468 739 563 759 eorum
580 733 608 760 in
628 741 659 761 se
681 733 862 762 inﬂammavit
884 735 959 762 odia.
974 735 1100 763 Excitata

310 783 377 806 vero
393 778 530 806 nissensio
545 778 573 806 in
584 783 709 814 apertum
722 780 823 808 bellum
838 781 941 815 erupit,
951 788 1013 809 cum
1022 783 1100 809 Aste-

311 823 355 851 rio
367 824 491 859 sophista
506 825 672 853 Arianorum
688 825 798 853 vindice
814 826 842 853 ia
855 826 931 854 edito
938 827 973 854 ab
987 835 1016 855 se
1029 827 1100 854 libro

311 869 474 898 catholicam
483 870 561 898 tidem
568 876 752 906 oppugnante,
761 871 1010 908 larceiluslnsigni
1018 880 1101 908 opere

311 915 450 943 Asterium
469 915 593 948 adortus,
612 916 776 945 Arianorum
796 918 979 954 primipilares
1002 926 1098 946 omnes

311 961 470 995 exagitavit.
486 960 549 988 Hac
562 962 695 997 princeps
709 970 793 990 causa
808 964 924 995 irarum,
934 963 960 990 hi
974 964 1037 991 sevi
1054 964 1099 991 do-

314 1004 388 1033 lores
402 1006 579 1038 Arianorum.
595 1007 643 1042 qui
657 1007 756 1035 exinde
770 1008 917 1035 classicum
940 1008 968 1035 in
985 1008 1100 1036 Marcel-

309 1050 367 1078 lum
383 1055 526 1083 canentes,
542 1059 604 1079 eum
623 1055 651 1080 et
665 1053 778 1088 scriptis
790 1057 818 1080 et
833 1053 1018 1081 moliminihus
1033 1058 1100 1081 sunt

312 1097 445 1132 aggressi.
472 1096 612 1132 Siquidem
639 1098 805 1126 ulciscenda
826 1099 934 1133 injuria:
958 1100 1097 1134 cupidine,

312 1143 400 1177 primo
418 1142 627 1179 Jerosolymam.
644 1148 713 1171 teste
725 1143 848 1176 Socrate.
862 1144 1019 1171 Marcellum
1032 1153 1099 1172 evo-

312 1190 387 1217 cant,
406 1194 517 1214 causam
533 1188 689 1221 dicturum;
706 1188 804 1216 deinde
819 1197 884 1217 vero
905 1189 1099 1216 Constantino-

313 1232 386 1267 polin
409 1238 565 1271 accersunt.
596 1234 818 1270 abnuentemque
842 1235 952 1269 ejurare
971 1235 1097 1267 hmresin,

314 1286 396 1313 quam
412 1278 440 1305 in
453 1280 522 1306 libro
542 1280 602 1314 ejus
616 1280 706 1318 efie‘rri
722 1281 933 1311 contendebant.
952 1282 1037 1316 gradu
1051 1282 1099 1309 do-

312 1323 419 1358 iiciunt.
434 1324 541 1359 ipsique
562 1324 692 1351 Basilium
707 1325 867 1360 subrogant.
878 1325 947 1353 Hinc
961 1325 1098 1354 Eusebius

311 1369 489 1398 Cmariensis
513 1370 621 1398 duobus
645 1375 742 1398 contra
766 1371 924 1399 Marcellum
949 1372 1026 1400 libris
1048 1372 1098 1399 tri-

312 1415 417 1450 busque
429 1416 491 1444 aliis
507 1416 583 1443 vario
596 1416 677 1444 titulo
691 1417 857 1444 Arianorum
868 1426 912 1445 res
927 1418 1074 1445 vindicavit
1089 1427 1096 1445 :

314 1466 397 1496 atque
409 1462 446 1488 ita
459 1462 615 1499 gregalibus
630 1463 688 1490 suis
705 1464 795 1490 oblata
808 1464 923 1490 crimina
937 1464 1052 1499 depulit.
1068 1468 1099 1491 ut

312 1515 342 1534 se
358 1507 416 1541 ipse
429 1497 554 1541 proderet
571 1508 714 1535 Arianum.
729 1507 797 1535 Tum
808 1509 907 1536 ibidem
923 1513 1019 1536 contra
1028 1509 1099 1536 Mar-

313 1553 411 1580 cellum
427 1560 483 1580 rem
506 1557 616 1580 strenue
631 1555 725 1588 gessit,
745 1562 825 1589 quem
839 1555 944 1582 violata».
958 1563 1031 1582 sana:
1048 1556 1099 1583 do-

313 1598 409 1625 ctrinm
426 1605 502 1625 reum
521 1598 575 1632 egit
592 1608 599 1625 :
616 1605 647 1625 ac
663 1599 807 1626 instaurati
822 1600 947 1626 Pauliani
962 1606 988 1627 et
1008 1600 1100 1627 Sabel-

313 1643 380 1670 liani
397 1644 500 1670 erroris
514 1644 663 1670 accusavit.
682 1644 737 1671 liae
752 1649 843 1671 autem
864 1646 890 1671 in
909 1653 938 1672 re
951 1653 1005 1673 non
1020 1653 1099 1681 pror-

314 1696 363 1717 sus
377 1688 497 1716 infausto
514 1694 614 1716 conatu
632 1689 790 1717 Marcellum
801 1690 913 1718 adortus
926 1697 963 1718 est
980 1701 985 1718 :
1002 1691 1100 1719 exinde

315 1741 437 1768 namque
453 1742 506 1761 non
523 1735 602 1761 modo
617 1735 725 1762 Arianis
743 1737 847 1763 imisus
858 1756 864 1767 ,
887 1738 934 1763 sed
949 1738 1030 1765 etiam
1047 1738 1099 1764 Ca-

316 1779 479 1805 tholicorum
502 1779 594 1806 multis
611 1786 756 1813 suspectus
772 1789 832 1808 esse
847 1782 939 1816 carpit.

352 1824 410 1851 Sub
424 1825 481 1851 haec
496 1824 625 1852 defuncto
639 1825 830 1859 Constantino,
845 1835 907 1854 cum
925 1828 985 1854 aliis
999 1828 1100 1855 exsuli-

316 1871 368 1898 bus
381 1870 525 1897 Marcellus
538 1870 594 1897 sedi
610 1872 764 1905 restitutus,
782 1880 836 1899 non
855 1873 914 1900 sine
936 1874 1053 1900 tumultu
1069 1882 1101 1901 ac

316 1915 438 1943 aedibus
463 1916 553 1943 locum
578 1917 696 1950 repetiit.
725 1917 779 1944 Nec
799 1918 845 1944 diu
869 1923 962 1953 postea
982 1920 1101 1947 extorris

315 1962 405 1989 denuo
423 1961 521 1994 factus,
545 1962 577 1989 ad
595 1961 697 1989 Julium
718 1970 814 1997 papam
838 1968 977 1999 receptum
995 1965 1100 1991 habuit.

317 2008 354 2035 lbi
370 2008 455 2035 fidens
471 2007 641 2035 adversarios
657 2013 787 2042 provocat
807 2009 839 2035 ad
862 2009 1007 2044 judicium,
1029 2010 1102 2038 Julio

317 2053 379 2080 fidei
395 2061 450 2080 sua:
466 2053 608 2080 formulam
623 2053 711 2086 oll‘ert,
729 2054 813 2086 nullo.
827 2060 857 2082 ut
867 2056 977 2090 planum
987 2061 1040 2088 est,
1058 2057 1101 2083 vi-

316 2099 356 2125 tio
373 2099 539 2126 laborantem
558 2109 563 2126 :
584 2107 662 2139 suum
683 2104 779 2127 contra
789 2101 927 2128 Asterium
937 2102 1037 2129 librum
1054 2102 1103 2131 de-

317 2143 414 2175 fendit,
432 2148 545 2171 truncas
565 2146 717 2172 sententias
741 2145 776 2172 ab
801 2145 965 2174 Eusebianis
987 2155 1101 2182 pravum

318 2188 346 2214 in
360 2196 469 2215 sensum
477 2189 609 2220 detortas,
620 2189 800 2216 adulteratam
809 2191 954 2218 verborum
964 2194 1064 2219 seriem
1073 2194 1100 2219 in

942 182 988 211 DE
1008 182 1089 211 VI‘I‘A
1106 183 1152 213 E‘I'
1168 183 1326 213 SCRIPTIS

1153 241 1235 270 nibus
1251 241 1404 270 secundum
1420 241 1576 269 ureticam
1588 240 1753 269 enuntiata
1765 240 1914 276 explicaret
1929 247 1941 273 ;

1150 287 1208 315 sive
1223 288 1289 322 quia
1305 287 1441 315 Photinus
1454 287 1516 321 ejus
1526 286 1681 323 discipulus
1694 292 1787 322 parem
1808 286 1942 321 impieta-

1150 336 1216 365 tem,
1231 331 1288 359 imo
1311 332 1478 368 graviorem.
1498 331 1589 367 palam
1601 335 1630 359 et
1646 331 1674 359 In
1688 330 1811 359 Ecolaia
1830 331 1943 366 depra-

1148 376 1265 409 dtearet.
1279 383 1336 412 qua
1347 376 1382 405 de
1392 383 1478 405 causa
1491 383 1542 404 nec
1551 376 1599 405 diu
1619 380 1714 412 postea
1726 376 1874 404 d-aatas
1888 375 1942 404 de-

1149 423 1313 458 positusque
1337 426 1400 455 est;
1424 421 1490 449 hinc
1518 421 1640 450 lareelti
1664 421 1736 449 fama
1757 421 1786 449 ia
1812 421 1941 450 «laetius

1148 474 1228 496 versa
1237 477 1244 495 :
1254 468 1396 495 crescebat
1403 467 1431 494 in
1439 467 1499 495 dies
1505 467 1637 502 suspicio.
1647 466 1725 494 multi
1732 466 1940 496 Ciboiicorlm

1149 514 1238 549 palam
1259 513 1408 545 hominem,
1425 517 1457 541 ut
1475 512 1594 541 Sabellio
1607 512 1727 546 afﬁnem.
1744 512 1912 541 dunabaut
1927 522 1938 541 :

1149 567 1251 595 resque
1267 559 1315 586 illo
1327 558 1445 587 deducta
1460 563 1514 592 est,
1526 562 1557 586 ut
1565 558 1648 586 etiam
1656 559 1817 591 Athanasio,
1824 559 1938 594 quicum

1150 605 1204 641 ipsi
1219 605 1353 632 hactenus
1369 603 1548 632 necessitudo
1565 608 1594 631 et
1613 603 1788 632 familiaritas
1802 605 1938 632 interces-

1151 654 1237 682 serat.
1251 655 1397 685 suspectus
1411 651 1473 678 esse
1493 649 1619 685 ceperit.
1639 648 1733 684 Neque
1746 654 1848 681 tamen,
1867 658 1938 677 nar-

1149 695 1275 723 rantibus
1291 696 1354 723 licet
1366 694 1471 723 Hilario
1480 699 1508 723 et
1527 693 1649 729 Sulpicio
1670 693 1781 728 Severo,
1798 695 1832 722 ab
1852 695 1939 722 Atha-

1150 741 1229 768 nasio
1244 746 1311 768 tunc
1334 740 1492 773 damnatus,
1516 744 1544 768 et
1561 747 1577 766 ι
1595 740 1790 768 communione
1812 744 1938 768 remotus

1151 786 1213 817 luit,
1227 791 1257 814 ut
1275 793 1339 813 mox
1352 785 1626 814 commonstrabitur.
1636 783 1785 812 Postremis
1792 785 1937 813 Athanasii

1149 832 1212 859 vita
1237 831 1319 859 annis
1344 838 1415 859 nova
1441 831 1620 866 omniumque
1639 829 1709 858 forte
1729 830 1891 865 gravissima
1909 832 1938 859 in

1150 875 1308 903 Marcellum
1326 879 1477 910 tempestas
1491 874 1627 903 excitatur
1645 883 1652 901 :
1671 882 1733 901 cum
1752 874 1869 903 Basilius
1888 876 1936 903 ille

1115 912 1136 940 Β
1151 921 1265 957 Magnus
1280 926 1307 948 et
1319 921 1365 948 alii
1381 921 1450 948 bene
1463 921 1544 948 multi
1558 920 1645 948 coorti
1658 924 1733 952 sunt,
1744 921 1866 948 etvirum
1880 921 1934 948 im~

1150 966 1260 1002 pietatis
1276 973 1361 993 causa
1372 965 1568 993 'damnandum
1590 965 1740 1000 pradicant
1754 975 1761 993 :
1773 969 1831 993 tum
1848 966 1937 993 Atha-

1148 1013 1228 1041 nasio
1243 1017 1372 1040 auctores
1387 1015 1463 1044 sunt.
1479 1016 1508 1039 ut
1531 1012 1668 1040 hominem
1690 1019 1706 1039 a
1726 1012 1862 1039 catholica
1881 1012 1939 1040 ﬁde

1149 1059 1267 1087 alienum
1285 1059 1319 1086 ab
1340 1058 1468 1086 Ecclesiae
1490 1059 1683 1086 communione
1696 1057 1825 1094 depellat.
1842 1057 1939 1086 Sensit

1150 1104 1296 1132 Marcellus
1315 1105 1356 1132 vir
1380 1103 1582 1131 annosissimus
1608 1108 1636 1132 et
1661 1111 1730 1138 pene
1749 1104 1938 1135 centenarius,

1147 1149 1203 1183 jam
1222 1150 1375 1184 proximum
1391 1156 1453 1176 esse
1464 1153 1494 1175 ut
1506 1148 1674 1176 Athanasius
1688 1149 1745 1180 ille,
1755 1149 1818 1176 olim
1829 1149 1938 1177 amicus

1149 1199 1175 1222 et
1195 1194 1369 1221 fortunarum
1390 1202 1517 1227 consors,
1549 1196 1714 1222 sententiam
1738 1194 1882 1222 adversum
1907 1202 1940 1223 se

1148 1240 1263 1272 diceret,
1279 1244 1307 1267 et
1323 1247 1385 1266 cum
1402 1240 1457 1274 jam
1478 1239 1630 1273 periculum
1644 1239 1865 1274 portenderetur,
1888 1239 1935 1267 sui

1148 1290 1175 1313 et
1185 1287 1268 1313 totius
1285 1285 1437 1321 Ancyranm
1454 1285 1583 1313 Ecclesiae.
1591 1286 1700 1313 nomine
1709 1284 1859 1320 Eugenium
1872 1285 1935 1312 dia-

1148 1339 1247 1359 conum
1275 1332 1400 1366 aliosque
1429 1332 1464 1359 ad
1489 1331 1669 1359 Athanasium
1695 1337 1820 1359 oratores
1840 1331 1936 1363 mittit.

1148 1377 1380 1405 commendatitiis
1402 1378 1597 1412 episcoporum
1624 1377 1736 1404 Graec-im
1759 1381 1785 1405 et
1806 1376 1935 1404 Macedo-

1149 1421 1210 1452 niae.
1225 1422 1391 1456 quibuscum
1406 1422 1499 1456 pacem
1510 1426 1537 1449 et
1549 1421 1706 1449 societatem
1731 1421 1838 1451 fovebat
1848 1422 1937 1449 Διιιλο

1148 1467 1254 1498 nasius,
1273 1466 1373 1494 litteris
1394 1467 1544 1494 instructos
1561 1476 1568 1494 :
1584 1468 1631 1502 qui
1657 1467 1771 1494 recitata
1793 1459 1937 1494 fidei-sua:

1150 1510 1280 1543 formula,
1299 1512 1403 1539 erroris
1422 1512 1455 1538 ab
1471 1520 1500 1540 se
1521 1516 1548 1539 et
1570 1519 1660 1547 pravae
1685 1512 1823 1547 opinionis
1843 1511 1936 1546 suspi-

1149 1555 1257 1581 cionem
1272 1554 1443 1582 dimoverent
1461 1564 1468 1582 :
1484 1555 1549 1589 quia
1563 1562 1629 1582 vero
1648 1555 1705 1581 hac
1722 1554 1782 1582 fidei
1798 1554 1936 1589 professio

1150 1599 1177 1626 in
1191 1599 1320 1627 omnibus
1338 1600 1397 1627 suis
1412 1600 1535 1634 partibus
1549 1600 1681 1628 catholica
1697 1605 1749 1632 est,
1773 1601 1936 1635 ascriptam-

1149 1652 1204 1679 quc
1221 1644 1350 1672 Marcello
1368 1645 1483 1672 heresin
1500 1647 1673 1672 anathemate
1691 1646 1764 1677 ferit,
1792 1645 1825 1672 ab
1848 1645 1935 1672 Atha-

1150 1692 1228 1719 nasio
1257 1695 1284 1718 et
1308 1690 1445 1726 Egyptiis
1468 1691 1604 1726 episcopis
1629 1691 1759 1724 admissa.
1783 1699 1936 1726 eorumque

1150 1735 1287 1770 suliragiis
1303 1735 1408 1761 munita
1424 1738 1476 1762 est.
1494 1734 1704 1762 Hallueinantur
1720 1743 1787 1770 ergo
1799 1736 1845 1770 qui
1861 1735 1934 1762 Mar-

1149 1781 1248 1808 cellum
1277 1785 1373 1815 putant
1401 1780 1436 1807 ab
1462 1780 1613 1807 Athanasio
1638 1779 1732 1807 Basilii
1759 1781 1937 1816 insligatione

1150 1827 1321 1857 damnatum.
1334 1833 1349 1853 e
1365 1833 1482 1861 quorum
1499 1833 1614 1853 numero
1631 1825 1831 1854 Tillemontius.
1852 1825 1935 1858 Nam,

1151 1877 1181 1899 ut
1195 1873 1222 1898 iu
1237 1872 1289 1898 hoc
1304 1871 1415 1906 egregio
1426 1872 1561 1906 opusculo
1576 1871 1680 1903 videas,
1697 1872 1875 1902 Athanasius,
1888 1870 1950 1913 qui;

1151 1918 1281 1945 Ecclesia;
1298 1918 1451 1953 Ancyranze
1467 1918 1623 1945 oratoribus
1636 1918 1774 1953 postulata
1795 1917 1936 1947 concedit,

1151 1971 1301 1998 eorumque
1317 1963 1377 1991 ﬁdei
1388 1963 1511 1990 formula:
1519 1963 1694 1997 astipulatur,
1707 1963 1789 1990 etiam
1799 1970 1857 1992 eas.
1866 1970 1936 1996 quas

1152 2008 1543 2042 expetunt.commendatitias
1561 2009 1667 2034 litteras
1694 2007 1765 2033 haud
1786 2007 1868 2034 dubie
1888 2007 1938 2034 de-

1151 2053 1222 2080 derit
1242 2060 1354 2080 necessc
1368 2057 1419 2080 est.
1436 2052 1493 2080 Sub
1508 2053 1564 2079 ha-c
1585 2057 1673 2079 autem
1694 2052 1765 2079 diem
1784 2052 1852 2079 obiit
1864 2051 1937 2078 hlar-

1151 2099 1249 2130 cellus,
1263 2098 1342 2126 annis
1352 2098 1462 2126 circiter
1477 2098 1586 2125 duobus
1603 2102 1749 2132 antequam
1766 2096 1937 2132 Epiphanius

1152 2144 1186 2171 de
1200 2143 1383 2171 Marcellianis
1401 2144 1428 2171 in
1448 2143 1569 2171 Partario
1589 2143 1731 2174 scriberet,
1749 2142 1853 2170 scilicet
1863 2149 1937 2169 anno

1152 2189 1267 2215 circiter
1275 2188 1337 2216 δτι.
1348 2188 1426 2220 Nam.
1440 2196 1502 2215 cum
1515 2188 1682 2223 Epiphanius
1696 2187 1842 2213 Panan‘um
1854 2195 1934 2214 suum

317 2234 439 2261 Romana
453 2235 487 2261 50
501 2234 693 2269 episcoporum
715 2235 820 2269 synodo
837 2237 1009 2271 comprobat,
1028 2237 1100 2264 dicta
1116 2239 1140 2268 ι)
1153 2234 1188 2261 sit
1203 2241 1284 2261 orsus
1295 2241 1367 2261 anno
1382 2234 1444 2267 575,
1459 2238 1489 2261 ιιι
1505 2234 1666 2261 testiﬁcatur
1681 2234 1749 2268 ipse,
1766 2238 1793 2260 et
1804 2241 1876 2259 anno
1892 2241 1936 2260 se-

316 2283 409 2306 tuetur
430 2284 453 2306 el
472 2280 589 2314 explicat
609 2289 615 2306 :
631 2280 795 2315 demumque
815 2281 848 2307 ab
862 2280 934 2308 Julio
952 2287 978 2309 et
994 2283 1101 2316 episco-

316 2326 359 2360 pis
375 2325 407 2351 ad
423 2326 643 2352 communionem
660 2329 689 2352 ut
704 2327 832 2354 innoxius
854 2327 1008 2354 admittitur
1030 2336 1102 2355 anno

316 2373 379 2400 ΜΞ.
394 2373 502 2399 Arianis
523 2379 587 2399 vero
605 2380 659 2399 non
681 2373 897 2407 quiescentibus,
920 2373 1100 2401 detrectanti-

317 2419 422 2454 busque
443 2418 595 2445 Romanum
620 2418 771 2453 judicium,
792 2427 884 2454 parem
902 2420 953 2447 sub
975 2420 1031 2447 haec
1048 2420 1102 2448 for-

318 2468 411 2491 tunam
426 2469 554 2499 erpertus
569 2469 611 2491 est
634 2465 661 2491 in
683 2464 838 2492 Sardicensi
855 2466 961 2501 synodo
981 2473 1102 2493 acume-

318 2511 379 2537 nica
397 2520 402 2536 ε
421 2511 466 2537 ubi
484 2515 627 2545 postquam
645 2511 1101 2547 causamdixerat.purgatusipse,

316 2556 410 2583 Ariani
433 2557 563 2590 praesules
586 2557 706 2583 damnati
731 2557 957 2592 anathemateque
977 2558 1102 2592 percussi

318 2606 391 2629 sunt.
406 2601 465 2628 Iam
481 2609 564 2636 prona
580 2601 707 2628 Marcello
723 2602 813 2628 omnia
824 2607 904 2629 erant
920 2612 926 2628 :
942 2606 969 2629 et
988 2606 1051 2637 post
1064 2603 1104 2630 di-

316 2657 325 2674 (
335 2653 389 2674 Hm
399 2647 547 2674 secundum
557 2648 644 2682 ipsum
657 2646 764 2674 duabus
773 2647 800 2674 in
808 2647 918 2682 synodis
927 2649 1100 2680 sententiam,

317 2702 380 2729 spes
391 2694 534 2721 videbatur
540 2701 601 2721 esse
611 2694 747 2721 neminem
755 2693 957 2721 Catholicorum
970 2702 1102 2722 ausurum

322 2740 393 2767 ultra
410 2739 443 2767 de
452 2740 558 2767 sincera
571 2739 631 2774 ejus
640 2739 691 2767 fide
702 2739 837 2767 dubitare.
855 2738 951 2767 Verum
965 2748 1046 2768 secus
1060 2748 1103 2767 res

318 2785 402 2812 cessit
419 2794 426 2812 :
441 2792 502 2812 nam
518 2786 576 2812 sive
592 2785 656 2821 quia
671 2784 828 2817 Marcellus.
850 2793 910 2820 quae
925 2786 952 2812 iu
968 2786 1038 2813 libro
1051 2794 1103 2814 suo

319 2830 356 2858 ita
371 2830 703 2866 adtemperateennutiata
712 2835 791 2858 erant
803 2835 832 2857 ut
843 2835 956 2866 possent
966 2831 992 2857 in
1003 2831 1101 2857 bonam

319 2876 451 2904 malamve
468 2881 570 2909 partem
589 2877 705 2910 deﬂecti,
725 2877 750 2904 in
769 2876 937 2911 quotidinuis
958 2876 1102 2905 fabulatio-

1152 2284 1253 2314 quente
1269 2280 1320 2307 376
1334 2280 1367 2307 ad
1383 2280 1591 2308 Manichaeorum
1601 2280 1714 2307 haeresin
1727 2279 1852 2314 (numero
1863 2280 1935 2314 var)

1152 2327 1303 2358 devenerit,
1326 2333 1353 2354 ut
1371 2327 1470 2354 ibidem
1489 2327 1567 2362 legis,
1586 2326 1680 2353 eodem
1699 2334 1770 2352 anno
1785 2325 1937 2352 Marcellia-

1153 2380 1251 2400 uorum
1265 2373 1380 2400 heresin
1393 2373 1518 2407 (numero
1539 2373 1623 2405 usu)
1645 2371 1791 2406 scripsisse
1815 2371 1933 2402 videtur.

1153 2419 1200 2446 ubi
1218 2423 1311 2445 narrat
1328 2426 1341 2445 a
1357 2419 1466 2446 duobus
1483 2419 1596 2445 circiter
1612 2418 1692 2444 anuis
1707 2417 1811 2444 abiisse
1820 2417 1935 2445 Marcel-

1153 2465 1219 2491 lum.
1237 2464 1301 2491 Erat
1317 2472 1398 2500 porro
1414 2469 1470 2491 tum
1487 2463 1643 2497 Marcellus,
1662 2467 1691 2490 ut
1711 2463 1829 2494 videtur,
1845 2468 1936 2491 cente-

1153 2511 1231 2538 nario
1244 2511 1340 2545 major.
1360 2515 1453 2546 utpote
1463 2510 1508 2545 qui
1527 2510 1582 2544 jam
1593 2518 1665 2536 anno
1673 2509 1724 2536 336
1735 2517 1830 2540 senex,
1838 2516 1934 2540 canus,

1153 2562 1180 2584 ct
1196 2558 1223 2584 in
1239 2558 1398 2592 episcopatu
1413 2556 1594 2583 consenuisse
1618 2556 1726 2582 dicatur
1748 2555 1783 2582 ab
1804 2555 1934 2585 Eusebio.

1153 2604 1299 2638 itidemque
1316 2604 1349 2629 ab
1369 2602 1520 2629 Athanasio
1541 2613 1546 2629 :
1563 2610 1622 2636 qua:
1640 2602 1769 2636 frequens
1788 2601 1936 2629 senectutis

1152 2649 1278 2683 rcpclitio
1304 2648 1484 2683 sexagenario
1511 2647 1640 2681 majorem
1665 2653 1789 2683 spectare
1811 2651 1933 2681 putatur.

1152 2694 1217 2722 Post
1235 2695 1353 2720 Marcelli
1368 2695 1521 2724 decessum,
1540 2695 1665 2727 discipuli
1691 2694 1761 2727 ejus,
1784 2694 1936 2728 Ancyram!

1152 2739 1281 2768 Ecclesia:
1295 2741 1398 2771 clerici,
1419 2740 1451 2767 ad
1466 2740 1609 2774 episcopos
1627 2743 1652 2765 et
1670 2738 1843 2766 confessores
1875 2737 1936 2763 Dico

1152 2793 1277 2813 cessarem
1290 2789 1402 2820 agentes
1416 2785 1554 2817 adierunt,
1576 2785 1745 2820 prolatisque
1760 2782 1931 2811 commenda‘

1154 2831 1221 2859 titiis
1236 2831 1389 2862 Athanasii,
1402 2838 1482 2867 quem
1493 2831 1691 2866 τρισμακάριον
1704 2834 1812 2863 vocant,
1824 2829 1935 2860 litteris,

1154 2876 1272 2910 dataque
1290 2877 1349 2905 fidei
1367 2877 1483 2905 formula
1505 2877 1568 2904 huic
1588 2885 1642 2904 non
1657 2876 1786 2906 absimili.
1808 2874 1856 2903 scd
1875 2875 1938 2902 bre-
