2131 3167
207 202 277 232 1185

836 201 1014 232 MARCELLI
1034 199 1220 230 ANCYRANI.

1765 204 1832 232 l288

207 261 295 289 suain
306 280 315 293 ,
333 260 435 289 habere
452 260 543 289 docet.
562 260 677 294 Verum,
693 262 716 290 si
739 262 862 290 Marcelli
878 261 938 290 loca
964 262 999 288 ab
1013 262 1035 291 A
1049 265 1105 288 tres
1131 261 1301 289 substantias
1316 264 1458 296 separatas
1473 264 1501 289 et
1523 260 1646 296 dispares
1670 261 1832 297 intelligere.

208 306 326 334 Eusebio
339 307 422 334 allata
432 307 505 335 serio
517 307 718 342 expendantur,
733 316 787 336 non
803 308 840 335 ita
857 307 938 336 facile
951 312 994 336 est

207 352 235 380 in
247 351 405 380 Marcellum
421 353 586 381 sententiam
600 353 703 387 dicere,
715 359 745 382 ut
768 362 831 382 mox
852 363 994 384 common-

206 396 350 424 strabitur.

478 446 481 447 ⁷
508 453 623 482 CAPUT
646 454 690 483 tu.

206 519 240 540 ΔΙ
254 519 394 539 Ιηεῑιιο
408 519 552 540 ηειῐιιτυε
567 519 656 540 ιιιοιι
673 520 700 540 ll
716 520 778 539 EH35
793 519 899 540 CONTRA
913 519 993 540 ητι-

347 555 412 574 IIUI
426 555 505 574 ιιιιιο
520 555 688 575 νενιιιιίεκοι
705 555 850 576 νοτυειιτ.

207 604 230 634 1.
252 604 372 632 Asterius
396 611 444 638 pro
466 603 575 630 Ariani;
602 604 713 635 scribit,
739 609 833 631 contra
858 604 991 630 Asterium

240 639 401 671 Harcelltta,
423 648 498 674 quem
523 640 621 674 refutat
638 639 780 666 Eusebius.
806 639 838 666 ll.
862 640 901 665 An
916 638 993 664 Mar-

240 675 322 702 cellus
348 673 553 702 dicat'Patrem
574 680 599 701 et
620 675 733 701 Verbum
756 675 821 701 solis
843 673 993 701 nominibus

240 710 378 743 distingui.
394 709 434 737 tll.
455 710 496 736 An
518 710 615 736 dixerit
633 709 746 736 Verbum
759 709 906 743 ἀγέννητον
923 717 989 740 esse,

240 718 378 743 auungui.
394 718 434 737 ιιι.
455 718 496 736 an
518 718 615 736 uixerit
637 718 746 736 remum
759 718 776 736 α
797 718 906 743 εννητον
923 718 989 740 esse,

239 749 265 772 et
281 743 383 771 Filium
399 753 450 771 non
462 745 544 778 fuisse
559 750 620 772 ante
634 744 760 771 Mariam.
778 718 824 771 Ῐν.
848 743 903 771 Cur
921 744 993 770 dicat

246 779 357 806 Verbum
373 785 429 813 post
445 780 652 806 incarnationem
665 785 767 806 tantum
782 787 838 806 esse
853 779 993 813 imaginem

238 814 305 845 Dei,
323 820 348 842 et
362 807 563 849 primogenitum
579 815 665 841 omnia
689 819 827 841 creatum.
855 814 886 841 V.
905 807 938 840 ln
961 814 994 840 li-

240 849 286 876 bro
299 849 424 877 Marulli
438 848 505 877 nihil
518 855 607 884 aperte
621 857 759 876 erroneum
777 849 860 883 fuisse
879 848 992 876 videtur.

205 904 346 932 I.Aaterius
354 913 399 938 pro
407 906 503 931 Arianls
514 906 607 938 scribit,
619 909 704 938 contra
719 898 841 930 Asterium
852 905 993 936 Marcellus,

440 943 515 968 quem
525 937 616 962 refutat
627 936 757 962 Eusebius.

236 984 361 1014 Asterius
369 985 414 1013 ille
426 985 550 1020 sophista
566 985 725 1016 circulator,
740 985 796 1020 qui.
815 988 844 1011 ut
859 984 897 1012 ait
909 984 990 1012 Atha-

202 1031 308 1062 nasius,
320 1037 463 1066 grassante
474 1031 501 1058 in
516 1031 690 1059 Christianos
712 1030 871 1062 Maximino,
885 1030 989 1058 Christi

201 1075 308 1112 ejurata
332 1076 399 1110 ﬁde,
424 1076 506 1105 idolis
536 1077 742 1109 immolaverat,
771 1077 893 1104 nascenti
909 1077 989 1103 Aria-

201 1122 294 1150 nismo
318 1131 418 1151 nomen
444 1123 538 1156 dedit,
567 1123 724 1159 librumque
749 1123 906 1158 evulgavit,
933 1131 988 1159 quo

201 1167 365 1196 catholicam
404 1167 557 1195 doctrinam
597 1168 763 1203 impeteret,
804 1167 988 1203 Arianarnque

200 1213 361 1241 vindicaret.
377 1213 520 1242 Marcellus
538 1221 602 1241 vero
626 1214 737 1242 Arianis
756 1221 771 1241 a
793 1214 929 1249 principio
946 1213 987 1242 in-‘

200 1257 394 1291 lensissimus,
411 1259 548 1288 Asterium
577 1260 651 1287 edito
678 1261 810 1295 opusculo
835 1260 985 1293 reiutavit,

200 1305 421 1340 Arianorumque
450 1306 588 1341 principes
619 1305 766 1334 Eusebium
795 1306 986 1334 Nicomedien-

200 1357 269 1382 sem,
283 1350 428 1378 Eusebium
446 1350 653 1382 Caesariensem,
669 1350 813 1378 Paulinum
829 1350 903 1386 Tyri,
915 1350 985 1377 Nar-

199 1393 302 1421 cissum
327 1393 488 1422 Neroniadis
503 1399 530 1422 et
545 1395 612 1422 alios
628 1396 728 1430 passim
753 1395 846 1422 eodem
864 1396 890 1422 in
913 1396 984 1424 libro

199 1439 337 1467 lacessivit
354 1449 360 1467 :
387 1448 441 1475 qua
462 1448 492 1468 re
514 1445 655 1476 permotus
679 1440 813 1468 Eusebius
831 1440 977 1468 Cmsarien-

199 1486 250 1518 sis,
263 1487 384 1522 quinque
399 1487 484 1514 libros
507 1487 593 1514 edidit
607 1496 613 1514 :
629 1487 673 1514 ubi
691 1487 854 1514 Arianorum
871 1494 982 1514 causam

199 1539 249 1568 pro
263 1533 369 1560 viribus
382 1532 540 1562 defendens.
556 1541 651 1561 eorum
667 1533 862 1567 antesignanos
879 1539 894 1559 a
912 1533 984 1559 Mar-

199 1578 269 1606 cello
285 1579 435 1613 exagitatos
452 1578 579 1606 laudibus
594 1578 625 1605 ad
645 1578 735 1606 sidera
751 1579 839 1610 tollit,
863 1578 891 1605 in
912 1578 983 1605 Mar-

200 1624 353 1658 cellumque
368 1623 571 1652 Sabellianismi
583 1625 693 1652 nomine
710 1625 811 1652 acriter
833 1624 982 1652 invehitur.

200 1668 258 1696 Sub
275 1671 331 1697 haec
343 1675 434 1697 autem
450 1670 483 1697 de
496 1669 615 1698 Marcelli
649 1671 784 1698 sententia
806 1671 887 1698 etiam
916 1672 986 1698 inter

199 1716 356 1744 Catholicos
385 1717 553 1751 disputatum
582 1720 643 1743 est:
661 1717 723 1744 aliis
747 1717 810 1751 jure
824 1722 985 1744 accusatum

200 1761 357 1789 Marcellum
387 1762 588 1797 pugnantibus;
616 1763 677 1790 aliis
709 1770 804 1790 sanam
835 1763 896 1798 ejus
924 1771 986 1790 esse

200 1806 281 1834 ﬁdem
308 1807 457 1834 tuentibus.
483 1808 538 1835 Nos
557 1808 649 1842 igitur,
676 1809 833 1843 ponderatis
853 1808 935 1835 rebus
958 1813 986 1836 et

199 1853 327 1888 expensis
346 1853 455 1880 Eusebii
484 1854 707 1882 accusationibus
719 1874 726 1887 ,
752 1855 817 1890 quid
836 1855 872 1881 sit
889 1855 935 1881 illa
951 1855 985 1882 de

200 1906 230 1926 re
244 1899 416 1926 sentiendum
432 1899 633 1934 indagabimus.

200 1954 230 1980 ll.
242 1955 281 1981 An
290 1953 420 1981 Marcellus
431 1957 495 1981 dicat
509 1957 606 2011 Psitrsm
619 1959 646 1993 et
656 1957 765 1982 Verbum
777 1957 836 1982 solis
847 1956 985 1982 nominibus

551 1994 563 2011 s
574 1994 651 2011 ruunt.

551 1994 651 2018 strugut.

234 2033 309 2060 Hanc
325 2033 413 2068 primo
436 2034 463 2060 in
489 2033 646 2061 Marcellum
671 2034 890 2062 criminationem
906 2034 984 2062 allert

199 2077 333 2106 Eusebius
350 2078 388 2113 (p.
415 2079 453 2114 5).
473 2078 545 2113 quod
563 2079 673 2110 dixerit,
699 2078 817 2107 Verbum
833 2080 868 2107 ab
883 2085 984 2107 sterno

199 2132 282 2152 unum
304 2132 365 2152 esse
382 2132 444 2152 cum
469 2124 549 2152 Patre
564 2126 642 2160 οὐσίᾳ
657 2125 704 2151 καὶ
719 2125 876 2156 ὑποστάσει.
890 2134 984 2153 essen-

199 2170 236 2197 tia
249 2174 276 2198 ct
288 2170 428 2205 bypostasi
440 2179 447 2203 ;
465 2171 501 2197 ita
517 2175 546 2197 ut
556 2171 622 2198 solis
635 2171 791 2198 nominibus
802 2176 897 2198 mutuo
911 2172 984 2199 ditl'e-

199 2208 261 2243 ran't
277 2226 283 2243 :
300 2224 416 2251 esseque
442 2216 561 2244 Verbum
593 2223 721 2244 internum
753 2221 780 2245 et
808 2217 982 2252 ingenitum:

1048 313 1130 333 unam
1147 310 1252 333 tantum
1270 305 1440 341 hypostasin,
1454 305 1521 336 sive,
1542 309 1571 332 ut
1593 305 1632 333 illi
1647 306 1832 341 explicabant,

1047 351 1229 380 substantiam
1245 351 1273 378 in
1293 350 1348 378 Deo
1362 359 1424 379 esse
1447 352 1663 385 contendebant;
1690 352 1727 379 ita
1741 357 1832 380 tamen

1046 402 1075 424 ut
1090 397 1209 428 Patrem.
1227 397 1325 424 Filium
1347 402 1374 424 et
1398 397 1529 432 Spiritum
1545 402 1681 428 sanctum.
1706 398 1791 425 alium
1805 401 1832 429 et

1045 442 1129 469 alium
1146 447 1172 469 et
1189 444 1271 470 alium
1285 450 1346 470 esse
1361 443 1568 477 proﬁterentur;
1586 443 1632 469 alii
1648 450 1711 470 vero
1728 443 1832 470 iormu-

1045 486 1099 514 lam
1114 487 1195 514 trium
1209 488 1396 523 hypostasium
1413 488 1446 515 ad
1462 488 1544 515 trium
1561 488 1765 515 distinctionem
1781 496 1831 523 op-

1045 537 1188 567 portunam
1212 534 1358 566 admisere,
1375 533 1440 560 dum
1467 541 1546 560 trnam
1576 534 1680 569 pariter
1702 534 1830 562 substan-

1044 578 1110 604 tiam
1132 579 1159 605 in
1172 578 1227 606 Deo
1241 587 1303 607 esse
1315 580 1447 607 dicerent.
1463 579 1629 607 Athanasius
1643 583 1733 607 autem
1747 580 1829 607 modo

1045 630 1138 656 uuam,
1167 623 1247 651 modo
1272 629 1327 651 tres
1345 625 1372 651 in
1400 624 1456 652 Deo
1475 625 1635 659 hypostases
1652 625 1736 658 dicit;
1758 629 1786 652 et
1800 626 1829 653 in

1045 668 1150 702 synodo
1165 668 1349 695 Alexandrina
1365 669 1427 695 anni
1443 668 1505 701 562,
1520 669 1564 696 cui
1580 673 1696 704 praeerat
1708 669 1830 696 Athana-

1045 714 1113 745 sius.
1133 714 1248 742 liberum
1273 722 1334 742 esse
1351 715 1480 742 delinitur
1494 717 1533 742 vel
1560 724 1641 743 unam
1667 716 1828 752 hypostasin

1044 760 1146 791 dicere,
1165 760 1229 787 dum
1246 761 1328 788 trium
1343 760 1483 798 distinctio
1499 767 1632 794 servetur,
1648 763 1691 790 vel
1706 767 1761 790 tres
1778 763 1829 798 hy-

1044 809 1168 840 poslases
1194 806 1335 841 proﬁteri,
1363 807 1428 834 dum
1459 815 1513 834 una
1540 813 1643 835 tantum
1672 809 1827 836 substantia

1044 850 1161 878 dicatur.
1181 850 1240 878 Non
1259 851 1410 887 culpandus
1433 859 1498 887 ergo
1512 852 1666 885 Marcellus,
1685 854 1756 888 quod
1771 853 1826 880 Pa-

1046 899 1114 923 trem
1131 900 1158 923 et
1174 895 1291 924 Verbum
1308 897 1447 932 hypostasi
1462 905 1546 925 unum
1561 906 1622 926 esse
1635 899 1743 930 dixerit.
1759 898 1826 926 dum

1007 935 1031 964 Β
1044 941 1127 969 alium
1152 945 1179 969 et
1193 942 1276 969 alium
1291 950 1353 971 esse
1369 944 1510 978 professus
1532 944 1578 976 sit,
1603 952 1654 971 nec
1670 945 1826 972 distinctio-

1041 993 1102 1013 nem
1116 987 1271 1014 abstulerit.
1290 987 1318 1015 ld
1343 996 1408 1016 vero
1420 997 1454 1016 ex
1465 986 1555 1016 allatis
1569 989 1603 1017 ab
1623 989 1740 1017 Eusebio
1753 990 1825 1017 Mar-

1039 1031 1101 1058 celli
1125 1031 1194 1059 locis
1209 1032 1419 1060 examinandum
1435 1033 1518 1061 venit.
1543 1035 1588 1061 Ait
1609 1035 1691 1069 igitur
1709 1034 1824 1062 Marcel-

1040 1075 1082 1103 lus
1104 1076 1142 1112 (p.
1169 1077 1228 1111 35),
1256 1078 1392 1105 referente
1417 1078 1533 1107 Eusebio
1548 1090 1555 1107 ;
1571 1080 1675 1106 Οὐκοῦν
1696 1080 1750 1116 πρὸ
1773 1081 1823 1115 μιν

1038 1123 1084 1149 τοῦ
1100 1124 1248 1157 κατελθεῖν,
1271 1126 1319 1151 καὶ
1334 1124 1377 1151 διὰ
1393 1125 1442 1159 τῆς
1457 1125 1594 1161 Παρθένου
1611 1125 1748 1161 τεχθῆναι,
1772 1127 1824 1153 Λόλ-

1037 1177 1085 1203 γος
1104 1167 1138 1205 ἦν
1166 1170 1255 1205 μόνον.
1279 1171 1353 1197 Ἐπεὶ
1366 1171 1391 1197 τί
1408 1171 1501 1206 ἕτερον
1520 1168 1564 1205 ἦν,
1585 1171 1638 1206 πρὸ
1651 1171 1697 1197 τοῦ
1711 1172 1760 1207 τὴν
1781 1172 1825 1199 ἀνι

1038 1215 1175 1251 θρωπίνην
1190 1216 1333 1242 ἀναλαῆεῖν
1352 1216 1450 1251 σάρκα,
1465 1217 1496 1243 τὸ
1509 1217 1637 1244 κατελθὸν
1651 1218 1694 1243 ἐπ’
1711 1217 1823 1252 ἔσχατον

1035 1261 1089 1287 τῶν
1106 1261 1226 1296 ἡμερῶν,
1240 1262 1279 1292 ὡς
1297 1263 1342 1288 καὶ
1356 1262 1435 1294 αὐτὸς
1447 1262 1575 1299 γέγραφε,
1590 1264 1635 1289 καὶ
1648 1264 1678 1289 τὸ
1694 1263 1822 1299 γεννηθὲν

1035 1308 1067 1333 ὲκ
1084 1307 1133 1342 τῆς
1148 1308 1302 1344 Παρθένου;
1319 1309 1402 1335 Οὑὸὲν
1425 1308 1516 1343 ἕτερον
1531 1309 1546 1344 ἢ
1565 1309 1660 1342 Λόγος.
1685 1308 1741 1336 Hoc
1757 1314 1798 1337 est
1806 1319 1819 1339 .:

1035 1351 1128 1387 Itaque
1154 1354 1306 1388 priusquam
1326 1353 1503 1386 descenderet,
1527 1359 1552 1381 et
1584 1362 1616 1381 ea:
1643 1354 1748 1389 Virgine
1772 1363 1822 1381 na-

1034 1403 1159 1428 sceretur,
1181 1397 1290 1424 Verbum
1314 1403 1371 1424 erat
1387 1397 1561 1425 solummodo.
1582 1397 1653 1424 Nam
1667 1398 1729 1432 quid
1747 1397 1822 1425 aliud

1033 1447 1102 1474 erat,
1127 1444 1282 1477 priusquam
1311 1443 1454 1469 humanam
1479 1451 1584 1470 carnem
1612 1447 1773 1475 assumeret,
1794 1442 1822 1470 id

1033 1487 1101 1523 quod
1116 1488 1141 1514 in
1159 1488 1306 1514 novissimis
1334 1488 1425 1515 diebus
1442 1488 1574 1515 descendit
1589 1489 1820 1523 (quemadmodum

1034 1533 1088 1566 ipse
1113 1533 1226 1564 scribit),
1241 1538 1266 1559 et
1286 1534 1354 1568 quod
1369 1536 1401 1560 de
1431 1533 1534 1569 Virgine
1558 1539 1649 1560 natum
1664 1535 1725 1561 est.”
1743 1534 1821 1561 Nihil

1035 1578 1109 1604 aliud
1133 1587 1211 1613 quam
1242 1578 1364 1607 Verbum.
1390 1579 1535 1608 Marcellus
1560 1588 1636 1613 sane,
1654 1581 1701 1615 qui
1725 1586 1821 1608 contra

1037 1623 1183 1650 Sabellium
1202 1631 1296 1658 agens,
1316 1623 1423 1651 Patrem
1452 1630 1532 1659 negat
1557 1626 1738 1657 incarnatum,
1763 1626 1821 1653 haec

1037 1670 1158 1697 scribere
1182 1677 1235 1696 non
1261 1671 1359 1704 potuit,
1376 1670 1442 1705 quin
1458 1669 1576 1698 Verbum
1593 1679 1609 1698 a
1623 1670 1703 1698 Patre
1722 1671 1820 1700 distin-

1036 1719 1111 1742 ctum
1128 1715 1260 1742 crederet.
1277 1714 1310 1741 Et
1330 1717 1424 1749 paucis
1439 1716 1606 1750 interpositis
1629 1717 1686 1743 haec
1700 1716 1818 1745 Marcelli

1036 1760 1117 1787 verba
1133 1760 1301 1787 aﬂeruntur:
1319 1761 1410 1787 Discat
1425 1761 1514 1796 igitur,
1535 1761 1645 1788 Verbum
1659 1762 1717 1795 Dei,
1727 1770 1778 1789 non
1792 1768 1819 1789 et

1035 1805 1076 1832 illi
1091 1806 1189 1837 uolunt.
1210 1805 1320 1832 Verbum
1337 1807 1563 1842 καταχρηστικῶς
1578 1807 1757 1841 appellatum;
1770 1807 1816 1835 sed

1035 1850 1103 1885 quod
1115 1858 1213 1882 revera,
1225 1851 1262 1881 ὡς
1277 1850 1393 1885 ἀληθῶς,
1404 1852 1554 1883 exsistebat,
1573 1851 1693 1879 Verbum.
1708 1852 1769 1884 libi,
1785 1853 1819 1880 il-

1036 1895 1092 1927 lud,
1108 1904 1208 1927 revera,
1225 1895 1341 1923 Verbum
1363 1897 1502 1924 exstitisse
1525 1905 1586 1924 vere
1599 1902 1625 1924 et
1640 1905 1688 1932 per
1711 1906 1750 1931 se,
1768 1906 1819 1925 nec

1035 1949 1118 1968 unum
1142 1947 1169 1968 et
1195 1942 1265 1968 idem
1289 1949 1351 1969 cum
1374 1939 1456 1969 Patre
1482 1941 1576 1974 fuissm
1602 1942 1729 1976 denotat,
1746 1943 1819 1970 Alibi

1034 1995 1098 2014 vero
1118 1987 1155 2022 (p.
1174 1987 1218 2022 39)
1235 1987 1272 2013 ait
1297 1987 1441 2014 Marcellus
1457 1988 1531 2023 ίῐῖρὸ
1552 1988 1606 2024 γὰρ
1621 1988 1671 2023 τῆς
1691 1989 1821 2024 δημιουρ-

1034 2032 1096 2066 γίας
1110 2032 1217 2067 ἀπάσης
1233 2032 1331 2066 ἡσυχία
1356 2041 1396 2063 τις
1411 2030 1456 2067 ἦν,
1479 2032 1517 2063 ὡς
1534 2033 1617 2064 εἰκὸς,
1641 2033 1670 2058 ὲν
1696 2032 1734 2067 τῷ
1760 2032 1820 2067 Θεῷ

1033 2078 1080 2104 τοῦ
1095 2078 1181 2111 Λόγου
1196 2077 1281 2108 ὄντος.
1294 2077 1350 2104 lloc
1366 2082 1407 2105 est
1420 2087 1426 2104 ε
1443 2078 1510 2104 Ante
1523 2086 1624 2104 omnem
1639 2086 1727 2104 rerum
1746 2086 1820 2105 crea-

1036 2124 1130 2150 tionem
1156 2128 1224 2155 erat,
1242 2128 1276 2149 ut‘
1291 2130 1340 2157 par
1360 2128 1399 2150 ert
1418 2123 1532 2155 credere,
1551 2125 1622 2159 quies
1647 2125 1674 2151 in
1694 2125 1758 2157 Deo,
1774 2133 1820 2152 ea:-

1033 2169 1138 2196 rirtente
1168 2169 1236 2202 apud
1263 2168 1347 2195 Deum
1378 2169 1471 2196 Verbo.
1506 2169 1557 2197 Ubi
1585 2170 1652 2197 nihil
1685 2178 1739 2196 non
1767 2170 1820 2197 Ca-

1034 2214 1164 2240 tholicum
1191 2213 1402 2247 deprehendas:
1421 2222 1482 2241 nam
1505 2215 1578 2249 quod
1603 2214 1671 2241 dicit
1699 2214 1819 2242 Verbum

199 2261 283 2295 quod,
302 2265 331 2288 ut
357 2262 396 2288 ait
428 2262 483 2293 ille,
507 2262 643 2297 ipsissima
671 2266 712 2290 est
737 2262 846 2290 Sabellii
878 2263 980 2298 opinio.
998 2271 1021 2299 ο
1034 2267 1095 2288 esse
1107 2259 1135 2286 in
1145 2259 1199 2286 Deo
1215 2261 1255 2287 vel
1271 2260 1342 2295 apud
1356 2259 1450 2292 Deum,
1462 2260 1575 2288 Joannis
1589 2266 1640 2288 est.
1655 2261 1761 2289 Etenim
1773 2262 1818 2288 alii

199 2307 276 2340 Quod
301 2311 391 2334 autern
414 2306 495 2334 Pater
508 2312 535 2335 et
551 2307 669 2335 Verbum
691 2308 769 2343 οὐσίᾳ
792 2308 849 2336 sive
862 2310 982 2348 essentia

200 2361 284 2380 unum
300 2358 403 2386 essent,
419 2354 445 2381 id
461 2354 593 2381 Catholici
616 2362 711 2382 omnes
726 2354 852 2382 dicebant
866 2364 872 2388 ;
886 2355 983 2382 Ariani

198 2406 264 2426 vero
283 2399 406 2427 diversas
429 2400 457 2427 in
473 2399 553 2427 Patre
571 2405 598 2428 et
615 2399 703 2427 Verbo
722 2406 749 2428 et
765 2404 904 2435 separatas
923 2401 983 2428 dis-

198 2451 332 2478 paresque
358 2446 495 2472 essentias
513 2452 575 2472 esse
590 2445 792 2472 contendebant
821 2454 828 2472 :
849 2445 983 2480 idipsum-

198 2497 251 2522 que
265 2494 365 2525 pugnat
382 2490 517 2518 Eusebius
530 2495 560 2517 ut
572 2491 599 2517 in
613 2490 838 2525 praeliminaribus
857 2491 890 2517 ad
905 2498 983 2517 com-

194 2536 332 2562 mentaria
345 2536 372 2562 in
389 2535 511 2563 Paulino:
534 2537 739 2571 comprobatum
755 2540 805 2563 est.
832 2536 869 2563 De
894 2537 983 2571 hypo-

199 2580 277 2612 stasi,
300 2581 457 2614 ὑποστάσει,
486 2589 551 2610 vero
575 2584 690 2617 qttaastio
715 2586 773 2610 erat
804 2583 885 2610 etiam
910 2583 980 2609 inter

199 2626 374 2654 Catholicos;
390 2635 506 2662 quorum
527 2629 573 2656 alii
597 2634 653 2656 tres
670 2629 829 2664 hypostases
845 2629 872 2656 in
888 2628 981 2655 Trini-

199 2676 255 2700 tate
274 2673 482 2708 proﬁtebantur,
497 2674 543 2702 alii
562 2682 654 2707 unam,
678 2682 731 2702 non
753 2683 791 2707 re,
807 2674 855 2702 sed
870 2675 980 2701 nomine

199 2724 304 2747 tantum
326 2721 396 2747 inter
410 2728 440 2748 se
455 2720 653 2756 discrepantes.
674 2721 741 2748 Nam
757 2729 818 2748 cum
836 2722 930 2748 Ariani
950 2721 983 2748 ab

199 2772 295 2794 exortu
312 2766 447 2794 hereseos
468 2771 525 2794 tres
545 2767 705 2803 hypostases
724 2767 750 2794 in
769 2767 900 2794 Trinitate
917 2775 981 2802 pro-

200 2811 266 2840 fessi
286 2817 389 2843 essent,
412 2819 444 2839 ac
470 2812 628 2844 ὑηόστασις,
645 2817 713 2840 teste
735 2813 896 2844 Athanasio,
917 2813 983 2840 sub-

200 2858 328 2885 stantiam
343 2865 376 2885 ex
393 2866 423 2886 se
441 2857 593 2894 signiﬁcet;
608 2859 685 2886 multi
705 2858 910 2886 Catholicorum
926 2866 981 2885 non

199 2904 284 2934 nescii
314 2905 441 2936 Arianos.
459 2904 523 2932 dum
549 2908 604 2933 tres
630 2904 789 2938 hyoostases
813 2904 980 2937 proferrent.

1035 2313 1068 2334 ex
1090 2304 1140 2333 SS.
1156 2305 1292 2338 Patribus,
1317 2306 1342 2333 in
1358 2306 1457 2341 quibus
1472 2307 1638 2334 Athanasius
1660 2308 1772 2342 passim,
1792 2310 1820 2334 ct

1034 2353 1214 2388 Augustinus,
1228 2352 1346 2387 idipsurn
1360 2360 1432 2384 esse,
1451 2351 1518 2387 πρὸς
1533 2352 1580 2378 τὸν
1592 2352 1658 2379 Θεὸν
1673 2352 1720 2378 καὶ
1739 2353 1768 2378 ἐν
1780 2351 1820 2387 τῷ

1034 2399 1104 2434 Θεῷ,
1118 2398 1187 2432 apud
1203 2397 1287 2424 Deum
1303 2403 1327 2424 et
1342 2398 1369 2424 in
1387 2397 1441 2424 Deo
1457 2405 1518 2424 esse
1533 2397 1656 2424 dicebam
1671 2406 1678 2428 :
1694 2397 1740 2424 alii
1756 2405 1820 2424 vero

1034 2452 1061 2474 et
1073 2446 1182 2481 quidem
1201 2452 1300 2480 magno
1313 2453 1437 2476 numero,
1456 2445 1521 2472 illud
1540 2445 1568 2471 ἐν
1580 2444 1618 2479 τῷ
1629 2444 1698 2479 Θεῷ,
1712 2445 1774 2478 quia
1792 2444 1819 2470 in

1035 2491 1180 2526 Evangelio
1190 2491 1225 2518 ita
1234 2499 1287 2517 non
1300 2491 1578 2526 legitur,‘suspeclum
1589 2490 1742 2517 trahebant:
1758 2496 1820 2515 nam

1034 2538 1106 2574 quod
1118 2538 1250 2569 Pauliani,
1263 2537 1420 2569 Sabelliani,
1441 2536 1617 2567 Marcelliani,
1627 2539 1654 2562 et
1665 2534 1819 2562 Photiniani

1035 2585 1158 2620 lorteque
1169 2584 1225 2616 alii,
1244 2584 1333 2611 omnis
1344 2584 1413 2610 inter
1424 2582 1533 2609 Patrem
1546 2586 1572 2608 et
1587 2580 1684 2607 Filium
1696 2580 1821 2608 tollenda:

1034 2631 1221 2659 distinctionis
1235 2638 1330 2661 causa,
1345 2631 1396 2657 hac
1410 2628 1537 2664 loquendi
1556 2628 1661 2655 ratione
1676 2628 1822 2654 abuteren-

1035 2681 1090 2708 tur,
1116 2677 1182 2704 illud
1208 2678 1237 2703 ἐν
1260 2677 1298 2712 τῷ
1321 2675 1574 2712 Θεῷη-εῇεἱεὺτηιῑ.
1600 2673 1679 2706 Quod
1705 2680 1769 2700 vero
1784 2673 1822 2699 ait

1034 2722 1188 2755 Marcellus,
1209 2727 1272 2750 ante
1284 2723 1450 2750 creationem
1467 2721 1553 2748 fuisse
1575 2720 1694 2755 quietem
1712 2719 1738 2745 in
1756 2717 1821 2751 Deo,

1035 2769 1092 2796 sive
1111 2768 1258 2799 silentium,
1276 2772 1304 2794 ut
1318 2768 1387 2796 alias
1409 2767 1550 2802 loquitur;
1573 2765 1598 2792 id
1623 2772 1717 2792 sanam
1742 2763 1821 2791 [idem

1035 2815 1102 2841 nihil
1117 2814 1197 2841 lazdit.
1214 2813 1290 2841 Licet
1308 2814 1379 2841 enim
1394 2813 1421 2840 in
1437 2812 1492 2839 Deo
1510 2812 1583 2839 nulla
1600 2809 1766 2837 conditionis
1780 2809 1822 2836 vel

1034 2863 1123 2888 statas
1149 2860 1264 2887 mutatio
1282 2866 1345 2886 vere
1368 2858 1496 2891 exsistat,
1520 2862 1547 2885 et
1567 2856 1687 2884 Verbum
1710 2853 1822 2890 perinde

1035 2910 1110 2936 ante.
1133 2913 1215 2935 uuam
1240 2909 1301 2934 nost
1325 2904 1492 2933 creationem
1507 2907 1534 2931 et
1554 2901 1771 2931 incarnationem
1794 2900 1821 2927 in
