2131 3167
807 189 981 217 MARCELLI
999 188 1186 218 ANCYRANI.

1691 191 1798 226 ,1390

179 258 228 278 τον
248 249 306 278 sive
322 257 375 277 non
390 249 503 284 factum,
520 251 603 283 atque
623 247 692 275 adeo
712 246 812 274 factum
828 253 854 275 et
870 247 965 275 condi-
979 249 1004 277 A
1017 246 1062 275 ille
1077 254 1092 275 a
1104 247 1240 275 catholica
1253 246 1378 274 doctrina
1393 245 1563 280 oetiectebat,
1581 250 1610 274 ut
1623 246 1799 281 conspicuum

181 299 239 324 tum
258 295 345 324 fuisse
367 295 505 323 dicebant.
529 293 630 321 Eadem
657 300 722 321 vero
746 293 851 322 ratione
876 294 965 330 potuit

180 341 317 371 Eusebius
337 340 466 369 Marcello
482 339 517 367 de
541 338 612 366 Filio
638 339 760 374 loquenti
776 347 869 367 vocem
884 339 966 374 ἀγιν-

180 396 271 423 νητον,
293 387 351 416 sive
375 386 557 421 non-genitam
576 383 723 420 aﬂingere;
748 385 795 421 qui
822 386 966 421 ἀγένητον,

181 435 240 463 sive
255 433 422 470 non-facturn
442 432 567 460 dixisset.
590 432 623 460 Et
637 439 704 460 sane
717 432 765 467 qui
780 439 843 460 vere
856 430 965 459 Patrem

181 483 209 508 et
228 479 327 508 Filium
343 479 371 506 in
385 477 520 506 Trinitate
543 477 674 509 admittit.
690 481 721 505 ut
747 476 902 510 Marcellus,
918 484 966 513 ge-

180 526 349 553 nerationem
364 524 490 551 admittat
502 531 614 552 necesse
633 528 690 556 est;
714 530 801 558 neque
818 526 906 559 potest
923 522 966 549 di-

181 578 243 598 cere
255 569 354 597 Filium
369 577 431 598 esse
444 570 590 606 ἀγέννητον
607 571 663 599 sive
677 570 871 605 non-genitum.

181 624 222 650 ιν.
234 625 282 651 Cur
300 625 365 650 dicat
380 624 487 650 Verbum
507 628 563 657 post
582 627 774 651 incarnationem
797 627 891 650 tantum
910 631 967 650 esse

241 656 373 687 imaginem
385 656 433 681 Dei
445 660 472 681 et
486 658 676 689 primogenitum
687 656 766 682 omnis
777 658 904 681 creaturas.

215 706 316 743 Adjicit
347 707 482 736 Eusebius
512 708 616 737 dixisse
641 708 816 742 Marcellum,
846 707 967 736 Verbum

181 757 248 780 tunc
260 754 348 781 solum
367 754 512 790 imaginem
528 754 574 782 Dei
592 754 738 784 invisibilis
752 760 780 784 et
802 755 966 791 primogeni-

181 803 240 827 tum
263 800 352 827 omnis
375 806 508 828 creaturae
526 800 629 828 factum
657 801 754 833 fuisse,
772 809 835 829 cum
857 809 967 829 carnem

181 846 340 881 assumpsit.
350 844 412 873 Haec
427 853 492 874 vero
503 846 605 874 diserte
614 845 696 874 habet
707 845 850 873 Marcellus
858 845 966 881 (p.24):

181 890 347 927 Consequens
369 899 425 919 esse
448 891 565 919 arbitror
584 892 676 927 paucis
693 892 726 918 de
751 891 864 926 imagine
888 891 969 918 disse-

182 944 254 969 rere;
274 937 380 971 scripsit
397 938 466 964 enim
491 935 636 974 [Asterius]
650 947 657 964 :
669 937 746 965 Atius
770 942 859 965 autem
879 942 918 964 est
936 945 968 964 ea:
983 928 1005 955 Β

182 983 239 1018 ipso
253 984 367 1019 genitus,
382 984 427 1018 qui
440 988 480 1010 ut
499 985 585 1019 imago
602 983 651 1010 Dei
665 983 814 1010 invisibilis.
827 983 891 1010 Ideo
905 983 970 1010 ima-

182 1028 251 1064 ginis
275 1028 325 1056 Dei
348 1029 487 1056 invisibilis
510 1029 627 1056 meminit
651 1029 790 1064 Asterius,
813 1034 843 1056 ut
863 1029 967 1061 doceat,

183 1073 268 1101 Deum
293 1081 310 1100 a
334 1073 418 1101 Verbo
447 1079 550 1101 tantum
574 1075 700 1109 diﬁ'erre.
728 1079 857 1110 quantum
879 1075 969 1110 αἰπεῖα

183 1119 260 1147 homo
272 1119 304 1147 ab
316 1119 492 1155 imaginante.
506 1120 538 1148 Et
549 1121 689 1149 nonnullis
700 1121 854 1156 interiectis
870 1122 965 1150 addit:

183 1164 281 1192 Palam
294 1166 375 1200 igitur
388 1171 437 1198 est,
454 1166 576 1200 Verbum,
587 1172 727 1202 antequam
742 1175 836 1202 corpus
849 1172 968 1196 nostrum

183 1210 376 1245 auumpsiuet.
393 1218 438 1245 per
449 1219 477 1238 se
489 1219 540 1238 non
552 1212 685 1239 exstitisse
692 1212 834 1247 imaginem
849 1213 968 1240 invisibi-

183 1256 218 1284 lis
231 1255 290 1283 Dei.
305 1256 374 1289 Quia
389 1256 471 1292 igitur
485 1257 578 1285 Ariani
597 1257 649 1286 hoc
663 1256 813 1293 Scriptura:
829 1259 900 1292 loco,
917 1258 967 1286 Est

181 1302 268 1337 imago
288 1301 338 1329 Dei
353 1302 508 1335 invisibilis.
532 1303 566 1331 ad
587 1311 664 1331 suam
688 1304 830 1331 tutandam
851 1305 965 1332 haaresin

181 1347 377 1381 abutebantur;
402 1348 545 1377 Marcellus
559 1354 635 1378 ratus
647 1349 791 1385 imaginem
808 1350 854 1378 Dei
871 1351 967 1379 invisi—

181 1391 253 1424 bilis,
279 1394 412 1422 visibilem
436 1402 508 1428 esse,
521 1403 572 1423 nec
588 1403 645 1423 rem
665 1395 826 1424 iuvisibilem
842 1396 968 1432 imaginis

181 1438 315 1466 rationem
333 1439 466 1472 obtinere,
483 1441 557 1468 hunc
572 1441 662 1468 locum
684 1441 718 1469 de
743 1441 854 1469 Christo
876 1443 967 1470 incar-

182 1487 248 1511 nato
270 1488 298 1512 et
315 1485 415 1512 visibili
441 1485 558 1520 proferri
579 1490 692 1521 pugnat,
709 1490 740 1513 ut
766 1486 865 1514 Asterii
887 1495 968 1523 argu-

182 1534 275 1557 mento
291 1530 417 1558 obsistat.
433 1530 491 1559 Etsi
506 1538 570 1558 vero
587 1531 632 1558 hic
645 1530 795 1567 Scriptum
810 1532 886 1560 locus
898 1541 964 1561 con-

182 1577 327 1612 grueutius
349 1577 434 1613 possit
448 1577 483 1604 ad
506 1577 883 1613 argutationem_Arianoruut
900 1586 966 1606 con-

181 1622 323 1650 futandam
348 1623 494 1658 explicari,
523 1631 555 1651 eo
579 1628 670 1651 tamen
687 1624 798 1652 nurnine
822 1603 1001 1653 Marcellusc

183 1676 237 1696 non
253 1669 353 1697 erroris
368 1669 542 1697 accusandus
563 1673 615 1700 est,
631 1670 695 1697 dum
710 1678 744 1698 ne
758 1670 966 1698 similitudinem

182 1721 246 1742 cum
268 1714 354 1742 Patre-
374 1715 530 1747 sustuicrit;
552 1715 624 1750 quod
649 1723 683 1742 ne
706 1716 855 1743 credideris
882 1717 969 1744 admi-
989 1743 996 1749 ,

184 1760 255 1788 lisse
272 1770 279 1787 :
296 1768 375 1788 nemo
397 1761 469 1788 enim
496 1769 614 1796 unquam
634 1760 789 1789 Marcelium
807 1762 876 1789 inter
894 1763 968 1790 Ano-

184 1813 271 1834 mtnos
287 1807 464 1842 computavit.
481 1806 547 1839 Qua:
562 1815 627 1834 vero
644 1807 725 1834 fuerit
740 1815 771 1835 ea
796 1808 823 1835 in
842 1816 871 1836 re
887 1809 967 1843 plana

183 1857 210 1880 et
236 1853 379 1888 perspicua
407 1852 524 1880 Marcelli
548 1854 701 1885 sententia,
727 1861 760 1881 ex
788 1854 884 1889 paucis
908 1863 968 1890 quae

184 1902 330 1933 supersunt
343 1899 489 1933 excerptis,
503 1898 638 1934 expiscari
653 1907 708 1927 non
727 1907 874 1934 pessumus
887 1910 893 1927 :
906 1909 967 1928 nam

184 1943 330 1971 verisimile
349 1949 393 1971 est
414 1943 559 1971 Eusebium
576 1944 660 1970 multa
681 1945 806 1971 consulto
822 1947 941 1973 tacuisse
960 1955 966 1973 :

184 1994 290 2016 certum
311 1990 375 2017 item
397 1991 647 2023 est,.narrantibus
663 1991 776 2026 synodis
799 1990 922 2019 Romana
942 1995 969 2020 et

185 2035 353 2066 Sardicensi.
369 2035 429 2063 loca
447 2035 594 2064 Eusebium
611 2036 726 2064 subdole
739 2036 929 2070 detruncasse,
943 2042 971 2066 et

185 2081 296 2109 mutilas
310 2083 458 2110 sententias
471 2083 606 2111 attulisse.
624 2087 653 2109 ut
671 2083 776 2109 facilius
796 2089 887 2118 posset
902 2083 970 2111 Mar—

185 2127 255 2155 cello
272 2127 329 2154 haec
345 2133 372 2155 et
382 2127 426 2154 illa
443 2135 492 2163 pro
507 2127 618 2155 libidine
639 2128 705 2156 initio
718 2132 835 2156 vertere.
853 2128 971 2157 Pariter-

186 2181 239 2209 que
264 2174 290 2200 in
317 2173 543 2208 interpretatione
567 2174 632 2200 dicti
657 2174 749 2206 illius,
775 2173 970 2209 Prinzogcnitus

184 2219 270 2247 omnis
287 2222 413 2246 creatura:
426 2219 446 2250 ³,
463 2218 529 2246 nihil
540 2219 674 2246 Ixatrescos
683 2219 880 2254 deprehendas.
898 2219 972 2252 Quo-

1015 296 1067 320 εει.

1015 353 1045 379 ν.
1056 353 1083 379 lu
1092 353 1155 379 libro
1166 354 1276 380 Marcelli
1287 354 1348 380 nihil
1360 358 1445 386 aperte
1457 361 1588 380 erroneum
1606 355 1638 380 fui
1646 362 1681 380 ise
1694 355 1798 381 videtur.

1052 404 1091 433 Ex
1106 405 1150 433 bis
1165 414 1249 441 porro
1260 406 1362 442 liqueat
1377 406 1405 434 in
1418 406 1535 434 Marcelli
1551 411 1648 434 contra
1662 407 1800 435 Asterium

1016 451 1087 479 libro
1099 452 1167 480 nihil
1184 453 1288 480 erroris
1315 458 1363 480 aut
1381 452 1516 479 haeretica:
1530 453 1683 484 sententiae,
1707 457 1802 488 aperte

1016 497 1112 525 saltem
1139 498 1339 533 deprehensum
1357 497 1443 525 fuisse
1459 507 1466 524 :
1484 505 1548 525 nam
1578 505 1640 533 quae
1665 498 1800 526 Eusebius

1017 543 1105 575 ail'ert.
1120 543 1154 571 ad
1175 551 1270 571 sanam
1287 543 1440 571 doctrinam
1463 543 1557 572 reduci
1576 543 1654 572 facile
1673 548 1800 579 possunt.

1015 588 1119 621 Quodsi
1145 589 1210 624 quid
1236 589 1348 621 ulterius
1378 593 1475 623 praeter
1514 592 1616 616 rectam
1645 590 1802 625 opinionem

1016 634 1131 662 dixisset
1155 634 1317 667 Marcellus,
1343 633 1371 661 id
1394 641 1461 662 sane
1486 642 1540 662 non
1565 637 1802 671 praetermissurus

1016 686 1076 708 erat
1092 680 1237 714 Eusebius,
1254 681 1301 716 qui
1315 682 1344 708 in
1355 681 1511 709 Marcellum
1535 687 1689 712 commotus
1700 687 1727 711 et
1744 684 1803 711 nul-

1018 726 1071 753 lam
1086 734 1142 754 non
1158 730 1279 755 sectatus
1294 726 1409 754 laedendi
1426 727 1508 758 riam,
1520 735 1576 755 non
1594 728 1682 756 solum
1698 736 1730 756 ea
1742 737 1804 765 quae

1017 779 1080 799 cum
1097 771 1189 799 colore
1205 772 1302 800 saltem
1316 772 1408 807 aliquo
1428 771 1502 806 carpi
1516 773 1544 798 et
1557 772 1719 806 reprehendi
1736 781 1802 808 pos-

1018 819 1093 850 sunt,
1109 816 1157 844 sed
1180 817 1262 844 etiam
1279 824 1310 844 ea
1328 824 1388 852 qua
1413 824 1479 845 sana
1501 820 1530 844 et
1554 818 1704 845 orthodoxa
1725 823 1802 851 sunt,

1018 863 1137 898 exagitat
1153 866 1181 890 et
1197 863 1344 897 impietatis
1355 867 1477 890 accusat.
1491 863 1559 891 Cum
1572 868 1663 892 autem
1681 864 1804 900 synodus

1019 909 1141 936 Romana
1158 909 1210 936 sub
1229 908 1301 936 Julio
1320 917 1393 937 anno
1408 909 1471 942 542,
1492 914 1520 937 et
1538 909 1710 939 Sardicensis
1731 917 1804 938 anno

1019 955 1082 987 547,
1113 955 1212 982 librum
1239 954 1376 988 Marcelli,
1403 956 1566 984 examinatis
1596 961 1623 984 et
1645 956 1804 988 ponderatis

1019 1001 1175 1032 sententiis,
1188 1008 1280 1028 errore
1290 1009 1407 1028 vacuum
1422 1001 1633 1033 declaraverint,
1646 1010 1701 1030 non
1714 1005 1805 1037 potest

1020 1048 1048 1074 in
1066 1047 1185 1074 Marcelli
1212 1047 1311 1075 librum
1337 1049 1472 1076 sententia
1490 1049 1555 1076 dici.
1574 1048 1674 1076 Verum
1695 1049 1805 1076 aliunde

1019 1097 1094 1120 tanta
1106 1097 1148 1121 est
1160 1094 1281 1121 virorum
1294 1094 1453 1129 insignium,
1466 1094 1513 1129 qui
1525 1095 1669 1122 adversum
1682 1098 1805 1127 tuentur.

1019 1139 1180 1170 auctoritas,
1190 1143 1220 1166 ut
1230 1139 1275 1167 vix
1287 1132 1420 1167 excusare
1432 1139 1589 1168 Marcellum
1605 1140 1695 1168 liceat.
1707 1140 1807 1173 Quam~

1018 1183 1112 1211 obrem
1128 1184 1267 1217 existimo,
1283 1193 1340 1212 rem
1357 1186 1394 1213 ita
1410 1190 1577 1222 temperasse
1592 1186 1761 1218 Marcellum,
1776 1190 1806 1213 ut

1019 1229 1042 1256 si
1055 1228 1121 1263 quid
1141 1237 1231 1264 prava:
1247 1231 1384 1265 opinionis
1399 1232 1426 1258 in
1447 1232 1516 1259 libro
1533 1239 1584 1259 suo
1601 1231 1759 1263 inseruerit,
1777 1232 1804 1260 id

1016 1274 1163 1302 verborum
1183 1275 1345 1311 ambagibus
1365 1280 1392 1303 et
1412 1277 1620 1305 circuitionibus
1639 1277 1804 1309 involutum.

1018 1319 1097 1347 facile
1121 1321 1242 1355 potuerit
1270 1322 1298 1348 in
1327 1322 1426 1349 bonam
1452 1327 1555 1357 partem
1585 1321 1710 1356 deﬂecti;
1741 1330 1805 1349 cuin

1017 1369 1109 1392 autem
1134 1366 1180 1393 ille
1209 1366 1237 1393 in
1265 1366 1447 1395 familiaribus
1472 1367 1617 1402 colloquiis
1634 1367 1668 1394 ad
1694 1375 1805 1403 pravam

1018 1411 1185 1438 sententiam
1203 1411 1278 1438 dicta
1302 1419 1352 1439 sua
1369 1413 1512 1444 derivarit.
1530 1412 1594 1440 hinc
1609 1413 1639 1440 in
1657 1413 1804 1440 multarunt

1017 1455 1197 1484 on‘ensionem
1211 1456 1376 1488 incurrisse,
1391 1463 1421 1484 ut
1436 1458 1507 1484 infra
1527 1458 1636 1486 dicitur.

1325 1512 1441 1540 CAPUT
1462 1513 1507 1541 IV.

1018 1576 1072 1596 ιωιι
1092 1577 1249 1598 ιίΑιιεειιυε
1268 1578 1394 1598 ειιιιυιιειι
1414 1579 1447 1598 DE
1468 1579 1554 1599 \‘ERBO
1572 1580 1608 1600 ετ
1627 1581 1698 1600 ῖιιιο
1718 1580 1760 1600 DEI
1782 1580 1808 1600 ιι(

1063 1612 1183 1633 ιιεευιιςυ
1201 1613 1271 1632 νιτίε
1293 1613 1360 1633 νοεε
1380 1614 1429 1633 νει
1450 1614 1562 1634 SCRIPTO
1581 1615 1756 1636 TRADIDERlT.

1019 1660 1038 1688 Ι.
1058 1660 1223 1699 diducitur
1232 1660 1338 1699 Pltotirti
1348 1661 1473 1699 discipuli
1484 1662 1592 1691 hwrcsis
1601 1664 1628 1691 in
1635 1666 1808 1699 suspicione»:

1054 1695 1232 1734 adduxit.
1258 1697 1290 1734 lu
1321 1697 1459 1734 colloquiis
1482 1698 1536 1731 ipse
1554 1707 1655 1728 errores
1680 1695 1808 1734 sparsisse

1052 1736 1172 1763 putatur.
1187 1731 1230 1758 lll.
1242 1732 1405 1759 Athanasius
1421 1741 1479 1759 eum
1490 1741 1538 1767 pro
1550 1741 1680 1767 suspecto,
1691 1731 1809 1765 Basilius

1053 1774 1111 1802 pro?
1122 1766 1354 1802 ltwreticoitabttit.
1370 1767 1415 1794 ιν.
1425 1767 1570 1795 Marcellus
1588 1766 1613 1796 et
1639 1769 1809 1800 Marcelliani

1048 1802 1080 1828 in
1093 1801 1155 1835 ﬁdei
1169 1802 1377 1835 professionibus
1400 1803 1526 1830 catholice
1550 1805 1702 1839 loquuntur.

1019 1856 1038 1881 Ι.
1062 1856 1204 1881 Marcellum
1226 1856 1324 1881 Pbotini
1344 1858 1458 1913 disgpul:
1479 1858 1579 1884 haeresis
1598 1860 1624 1884 in
1645 1861 1810 1891 suspicionem

1356 1895 1370 1912 a
1405 1895 1446 1913 uxt
1460 1907 1467 1913 .

1356 1895 1467 1913 anauxtt.

1056 1938 1200 1966 Marcellus
1230 1939 1398 1975 syncdorutn
1429 1939 1559 1969 Romanis
1588 1947 1615 1970 et
1640 1943 1811 1973 Sardicensis

1019 1983 1124 2019 judicio
1138 1984 1292 2016 absolutus.
1310 1989 1340 2012 ut
1355 1985 1459 2013 dictum
1476 1990 1528 2018 est,
1542 1991 1680 2023 utcunque
1698 1990 1810 2022 sarcito,

1022 2030 1095 2065 quod
1112 2031 1140 2057 in
1162 2030 1234 2057 fama
1258 2030 1367 2063 tulerat,
1383 2030 1557 2064 detrimento,
1572 2033 1629 2067 jam
1655 2035 1811 2069 suspicione

1023 2075 1092 2103 liber
1111 2080 1138 2102 et
1163 2083 1267 2102 vacuus
1286 2075 1435 2103 videbatur.
1461 2075 1562 2104 Verum
1576 2086 1627 2106 nec
1638 2079 1685 2106 diu
1706 2083 1810 2114 postea,

1023 2122 1101 2149 novis
1113 2121 1192 2148 ctiam
1207 2121 1411 2149 Catholicorum
1437 2124 1660 2152 accusationibus
1673 2125 1812 2161 impetitus

1023 2172 1076 2195 cst.
1091 2167 1206 2194 Occasio
1224 2167 1275 2194 fuit
1297 2171 1391 2195 exorta
1414 2167 1525 2196 Photini
1547 2169 1659 2198 haeresis
1674 2180 1679 2196 :
1696 2171 1720 2198 is
1739 2172 1812 2200 enim

1026 2213 1078 2240 sub
1106 2213 1226 2240 Marcelli
1251 2214 1397 2248 disciplina
1423 2214 1585 2248 institutus,
1611 2223 1642 2242 ac
1663 2216 1761 2244 deinde
1785 2218 1812 2245 in

187 2266 270 2297 circa,
284 2264 391 2297 sicille,
411 2266 608 2291 sanctissimum
632 2264 703 2291 istud
725 2264 836 2292 Verbum
856 2273 908 2291 nos
928 2265 972 2291 di-
990 2269 1011 2297 ι)
1027 2259 1203 2288 Sinuinnsem
1231 2261 1389 2295 episcopum
1418 2261 1552 2295 adiectus,
1577 2269 1656 2297 quem
1682 2264 1814 2298 magistro

186 2311 294 2338 eebatur
325 2315 385 2338 ante
419 2311 644 2342 incarnationem,
668 2311 856 2344 printogcnitus
888 2312 972 2338 omnis

187 2363 326 2384 creatura.
340 2356 409 2382 Num
420 2356 549 2391 quomodo
561 2357 619 2390 ﬁeri
630 2361 741 2389 poterat,
759 2362 784 2381 ut
802 2357 833 2387 is,
849 2356 893 2390 qui
905 2365 971 2383 scm-

186 2411 233 2436 ρει·
255 2408 328 2434 erat,
349 2401 462 2435 alicujus
484 2406 549 2428 esset
572 2402 759 2436 primogenitus
775 2404 786 2427 ﬁt
805 2402 850 2428 sed
873 2403 972 2436 primus

187 2448 233 2475 ille
245 2455 326 2474 novus
341 2447 427 2478 homo,
448 2447 473 2473 in
488 2455 564 2481 quem
578 2449 666 2474 omnia
681 2448 781 2473 uolebat
796 2447 862 2474 Deus
875 2448 976 2474 instau-

189 2502 260 2524 rare.
275 2501 359 2521 sacra:
376 2492 522 2527 Scriptum:
535 2494 736 2526 primogenitum
751 2495 835 2518 (ttttrfts
847 2498 975 2519 creatura:

191 2539 331 2574 appeiiant.
353 2538 485 2565 Nimirum
503 2538 594 2565 Ariani
614 2540 664 2565 hoc
689 2538 800 2570 dictum,
821 2539 977 2573 primogeni-

191 2591 245 2612 tum
268 2585 352 2612 omnia
373 2590 510 2616 creutura’,
526 2585 559 2610 ad
580 2592 660 2610 suum
675 2585 709 2611 de
728 2584 815 2611 \‘uilio
836 2584 879 2611 Dei
899 2590 978 2611 tuen-

190 2632 254 2658 dum
283 2639 402 2658 errorem
427 2630 593 2664 usurpabant
613 2640 618 2656 :
636 2638 669 2657 co
693 2631 763 2656 enim
789 2633 978 2664 processerant

191 2676 339 2710 impietatis
356 2682 382 2701 ιῖι
401 2677 533 2703 dicerent.
551 2673 672 2700 Verbum
692 2673 738 2700 Dei
755 2675 827 2700 inter
843 2681 885 2700 res
901 2681 977 2701 crea-

191 2725 234 2749 tas
257 2723 373 2756 primum
396 2729 467 2748 csse.
494 2719 585 2752 Quare
616 2719 759 2747 .‘larccllus
786 2721 813 2746 in
840 2720 976 2747 hominem

192 2768 333 2796 Christum
346 2768 412 2794 dicti
425 2768 507 2800 huius
523 2766 774 2799 interpretationem
793 2766 933 2792 dcrivabat
951 2772 978 2793 xit

191 2813 291 2842 Asterii
316 2816 504 2848 argumentatur
531 2813 698 2846 depelleret:
720 2821 773 2847 qua
804 2814 830 2839 in
857 2821 885 2840 re
911 2814 977 2840 nilnl

230 2892 240 2906 '
260 2891 399 2920 C-ti()§§.J,
418 2890 458 2915 lii.

354 2937 489 2966 PATIIOL.
506 2936 565 2966 Gn.
585 2936 696 2967 Xi'lli.

1027 2313 1077 2333 suo
1116 2307 1283 2340 ascripserat
1307 2306 1442 2334 Eusebius
1470 2315 1589 2335 errorem
1608 2308 1662 2335 late
1686 2317 1815 2345 spargere

1028 2353 1120 2386 coepit,
1133 2351 1272 2379 Christum
1288 2360 1342 2379 non
1365 2357 1427 2380 ante
1444 2358 1533 2380 ortum
1556 2362 1589 2381 ex
1604 2353 1689 2381 Maria
1705 2354 1816 2391 Virgine

1029 2397 1128 2424 Filium
1146 2397 1193 2424 Dei
1217 2397 1302 2425 fuisse
1322 2398 1472 2426 dictitans:
1489 2407 1574 2433 quare
1601 2400 1647 2428 ille
1671 2400 1765 2428 multis
1789 2410 1814 2427 sn

1029 2437 1298 2477 sfnodis-damnatus
1313 2443 1510 2479 abdicatusque
1523 2448 1565 2471 est
1580 2454 1585 2471 2
1606 2444 1639 2471 Et
1655 2445 1702 2472 hoc
1720 2454 1814 2480 ipsum,

1030 2489 1117 2523 inquit
1133 2487 1270 2523 Sulpicius
1286 2489 1413 2522 Severus,
1432 2490 1589 2517 Marcellum
1603 2492 1739 2526 gravabat,
1753 2494 1816 2526 quia

1031 2534 1160 2561 Photinus
1176 2534 1283 2561 auditor
1299 2535 1355 2568 eius
1368 2536 1451 2570 fuisse
1465 2536 1492 2562 in
1511 2535 1689 2564 adolescentia
1712 2538 1815 2564 videtin.

1031 2586 1083 2606 tur.
1101 2579 1234 2607 ilaustum
1251 2588 1265 2607 a
1282 2579 1399 2607 Photino
1413 2588 1445 2608 ex
1459 2580 1578 2608 .‘iarcelli
1599 2581 1755 2617 magisterio
1766 2590 1817 2610 er—

1031 2633 1119 2653 rorem
1144 2626 1328 2660 opinabantur
1354 2627 1453 2653 multi:
1474 2635 1535 2654 cum
1560 2627 1687 2657 maxime.
1705 2627 1767 2654 licet
1789 2627 1817 2654 i't

1031 2679 1081 2699 suo
1098 2672 1229 2699 adrersus
1247 2672 1383 2699 Asteriuzn
1401 2673 1470 2699 libro
1485 2672 1620 2707 ejusmodi
1642 2673 1711 2699 nihil
1726 2676 1818 2706 aperte

1031 2719 1221 2754 proﬁteretur;
1237 2719 1328 2752 aliqua
1349 2721 1440 2745 tamen
1464 2722 1566 2748 essent.
1582 2725 1642 2753 qua:
1660 2718 1818 2746 viderentur

1031 2773 1091 2792 eam
1113 2768 1140 2791 in
1158 2770 1263 2800 partem
1282 2764 1461 2799 propendere.
1479 2763 1636 2798 importune
1659 2764 1741 2799 igitur
1758 2770 1819 2790 ma-

1031 2813 1118 2849 gistro
1139 2811 1251 2843 accidit,
1277 2815 1304 2836 nt
1326 2818 1410 2845 quam
1435 2811 1479 2838 ille
1502 2810 1655 2837 doctrinam
1677 2810 1821 2838 tradidisse

1645 2934 1682 2964 Ιιι
