2131 3167
347 187 411 216 1291

962 183 1008 213 DE
1020 182 1105 211 VITA
1122 181 1167 210 ET
1187 180 1346 211 SCRIPTIS

1893 182 1966 211 ".92

345 249 492 275 accusatus
513 245 614 277 fuerat.
629 243 752 272 eamdem
767 241 919 277 discipulus
940 241 1030 276 palam
1045 240 1132 268 disse-
1147 241 1171 269 Α
1183 237 1242 265 Non
1261 238 1345 265 alium
1362 245 1428 266 sane
1450 238 1551 266 librum
1573 238 1681 266 videtur
1697 244 1811 273 carpere
1825 237 1964 266 Basilius:

346 293 472 319 minaret.
506 290 575 317 llinc
598 289 691 316 multis
720 291 865 322 suspectus
897 286 1041 314 Marcellus
1071 293 1132 313 esse

345 337 441 372 capit,
457 335 529 371 quod
544 338 674 370 putarent
688 332 836 361 Pbotinum
848 339 941 360 eorum
957 331 1132 366 interpretem

345 390 435 418 agere,
460 389 522 417 qua:
546 380 691 408 Ilarcellus
715 379 812 406 doctor
835 378 949 405 obscure
971 379 998 403 et
1020 375 1133 404 subdole

344 428 515 464 scripsisset.

462 483 493 509 ll.
506 483 534 508 In
544 483 672 513 colloquiis
683 487 781 506 errores
790 480 908 511 sparsisse
917 480 1024 510 putatur.

379 536 440 563 Alia
457 535 522 563 item
534 534 679 562 intervenit
689 530 978 568 suspicandioccasio;
989 529 1132 556 Marcellus

346 582 421 611 enim
431 590 497 609 nova
507 580 629 617 quadam
640 580 758 610 miscere,
770 583 793 606 et
802 577 930 612 ambiguis
938 575 1133 610 prwdicau’oni—

346 628 405 660 lina,
428 627 484 662 ejus
504 626 530 653 in
547 634 626 661 quam
649 624 779 652 Photinus
796 624 893 657 erupit,
908 622 1036 649 doctrina:
1062 622 1131 647 viam

349 681 465 711 interere
475 672 649 704 deprehensas
671 674 709 698 est
724 670 773 705 (li.
791 669 878 696 Homo
891 668 991 703 quippe
1006 666 1132 702 garrulus

346 710 374 747 et
388 710 611 754 loquacissimus,
637 719 668 743 ut
696 715 776 742 habet
806 713 951 745 Eusebius,
969 717 996 739 et
1021 719 1053 739 ex
1072 710 1132 746 ejus

344 773 406 801 qua:
421 766 570 799 supersunt
583 761 743 797 fragmentis
765 759 859 787 videre
872 765 924 790 est,
943 758 1006 785 dum
1022 757 1049 784 in
1067 763 1133 792 quo-

344 810 457 838 tidianis
484 807 700 836 fabulationibus
724 809 751 833 et
772 804 927 839 colloquiis,
939 803 1084 830 obscurius
1103 802 1131 828 in

343 856 436 884 libello
450 855 552 882 tradita
568 853 739 889 explanaret,
753 852 786 879 ad
799 859 858 879 eam
874 858 956 885 quam
979 850 1005 876 in
1022 847 1131 884 synodis

343 902 467 930 Romana
482 905 509 928 et
527 899 689 927 Sardicensi
700 897 902 933 repudiaverat,
917 894 1073 930 opinionem
1088 901 1131 920 rc—
1147 908 1169 936 Β

342 947 435 975 cidere
449 946 518 973 forte
526 944 754 979 comperiebatur.
772 942 841 969 Hinc
857 942 921 972 late,
936 947 984 975 per
992 938 1130 967 Orientem

342 993 471 1025 maxime,
494 999 609 1027 sparsus
634 997 729 1017 rumor
745 987 903 1015 Marcellum
920 986 1001 1020 impie
1017 985 1050 1012 de
1063 983 1131 1012 Filio

341 1039 390 1067 Dei
402 1039 514 1069 sentire,
527 1036 678 1070 cadentque
694 1036 752 1069 ipsa
772 1033 871 1061 docere
889 1039 950 1067 qua:
969 1032 997 1058 in
1016 1031 1132 1058 Ariano—
1149 1059 1151 1062 η

341 1092 405 1112 rum
430 1081 654 1111 accusationibus
680 1079 849 1107 lerebantur.
878 1076 938 1104 Non
963 1083 1018 1103 una
1041 1080 1132 1102 tamen

342 1132 395 1159 fuit
411 1130 534 1158 omnium
553 1128 587 1155 de
597 1125 731 1154 Marcello
749 1123 902 1155 sententia;
922 1130 996 1155 nam,
1014 1121 1131 1157 Epipha-

342 1178 389 1205 nio
408 1179 489 1207 teste,
514 1174 592 1201 multi
616 1180 665 1208 pro
691 1171 820 1198 Marcello
836 1169 956 1201 stabant,
979 1169 1008 1195 in
1030 1167 1132 1203 quibus

341 1223 475 1251 Paulinus
499 1219 688 1248 Antiochenus
716 1217 863 1252 episcopus
886 1225 893 1242 :
917 1214 999 1249 idque
1022 1214 1131 1249 signum

341 1273 383 1297 cst
400 1267 589 1297 manifestum,
613 1272 668 1292 non
691 1263 779 1299 palam
801 1266 829 1289 et
851 1264 945 1295 aperte
974 1259 1131 1286 Marcellum

341 1315 423 1349 impia
437 1312 586 1349 protulisse
597 1310 723 1345 dogmata
734 1307 797 1341 ;sed
810 1307 847 1334 ita
862 1306 988 1341 perplexe
999 1305 1130 1338 locutum,

341 1365 373 1389 ut
385 1360 450 1387 hinc
465 1358 625 1394 opinionum
648 1355 720 1382 facta
735 1354 791 1382 sint
810 1352 943 1384 divortia;
958 1351 1017 1379 aliis
1042 1350 1133 1378 catho-

342 1408 403 1439 lice.
418 1411 545 1441 perverse
564 1406 592 1431 et
614 1401 696 1437 impie
718 1400 780 1428 aliis
802 1399 905 1428 sentire
924 1398 1013 1426 virum
1037 1402 1133 1433 putan-

341 1452 427 1480 tibus.

341 1519 384 1546 lli.
397 1518 545 1544 Athanasius
564 1524 622 1543 eum
640 1517 830 1571 probitaspifclo.
842 1514 948 1539 Basilius
960 1520 1004 1546 pro
1015 1513 1132 1538 heretico

738 1554 752 1571 υ
777 1565 782 1570 .

738 1554 782 1571 υιι.

376 1591 474 1618 Gravis
494 1591 557 1617 item
570 1588 698 1616 Marcello
714 1587 779 1615 hinc
800 1591 877 1622 parta
889 1585 991 1613 invidia
1010 1585 1128 1617 videtur,

342 1646 403 1664 t'um
422 1637 477 1663 duo
499 1635 626 1663 Ecclesia
652 1634 755 1661 lumina
780 1632 947 1659 Athanasius
964 1635 991 1659 et
1012 1630 1129 1658 Basilius

341 1691 433 1710 crrol‘c
450 1681 581 1709 iniectum
597 1680 734 1708 hominem
750 1678 883 1713 suspicati
899 1681 972 1705 sttnt.
997 1676 1034 1703 De
1048 1676 1130 1703 Atha-

342 1731 421 1756 nasio
438 1729 539 1763 quippe
552 1728 610 1754 bxuc
628 1726 789 1754 testiﬁcatur
809 1724 977 1760 Epiphanius
991 1722 1129 1758 ιἭρόμην

341 1777 369 1802 δὲ
383 1776 463 1807 αὐτὸς
479 1774 534 1808 ἐγὼ
547 1774 634 1809 χρόνῳ
645 1773 699 1799 τινὶ
714 1773 759 1798 τὸν
773 1771 927 1807 μακαρίτην
940 1770 1032 1796 πάπαν
1051 1768 1129 1794 Ἀϐα-

342 1822 433 1848 νὰσιον
446 1822 510 1856 περὶ
520 1820 615 1847 τούτου
629 1818 676 1846 τοῦ
691 1817 863 1853 Μαρκέλλου,
876 1816 934 1847 πῶς
950 1815 982 1842 ἂν
995 1814 1050 1850 ἔχοι
1064 1814 1128 1849 περὶ

341 1866 434 1894 αὑτοῦ.
465 1866 495 1892 '0
515 1865 543 1891 δὲ
567 1864 627 1891 οὔτε
655 1862 931 1899 ὑπεραπελογήσατο,
960 1860 1021 1886 οὔτε
1048 1859 1129 1886 πάλιν

342 1912 410 1948 πρὸς
426 1911 506 1938 αὑτὸν
519 1910 644 1944 ἀπεχθῶς
658 1908 761 1943 ἠνέχθη
770 1916 776 1922 ·
790 1907 869 1942 μόνον
885 1906 913 1932 δὲ
925 1905 969 1932 διὰ
981 1905 1029 1931 τοῦ
1046 1912 1129 1939 προσ-

341 1959 415 1985 ώπου
441 1957 582 1992 μειδιάσας
614 1955 747 1990 ὑπέφηνε,
780 1952 930 1988 μοχθηρίας
958 1951 995 1986 μὴ
1022 1950 1129 1984 μακρὰν

342 2002 422 2029 αὐτὸν
446 1999 525 2032 εἶναι,
541 2001 589 2026 καὶ
605 1999 642 2031 ὡς
658 1997 899 2032 ἀπολογησάμενον
921 1994 986 2031 εἶχε.
1015 1994 1041 2021 Id
1065 1999 1127 2021 est:

342 2048 409 2075 Cum
427 2046 571 2082 aliquando
593 2045 696 2071 beatum
711 2051 807 2079 papam
826 2043 999 2069 Athanasium
1017 2042 1129 2067 interro-

340 2100 443 2129 garem,
457 2091 519 2127 quid
534 2090 566 2118 de
580 2089 707 2117 Marcello
725 2089 900 2119 existimaret,
916 2087 961 2114 ille
974 2094 1052 2121 neque
1064 2094 1128 2120 pur-

342 2139 411 2174 gavit
429 2138 570 2168 hominem,
591 2144 670 2171 neque
687 2143 744 2162 vero
763 2135 881 2170 asperius
896 2134 994 2161 notavit
1010 2141 1019 2159 .'
1034 2133 1078 2159 sed
1093 2133 1129 2159 le-

342 2185 411 2212 niter
432 2183 564 2215 arridens,
588 2191 640 2209 non
664 2182 775 2208 multum
794 2181 826 2207 ab
846 2179 1012 2214 improbitate
1034 2179 1130 2205 abliur-

342 2232 429 2259 ruisse
449 2229 608 2265 signiﬁcavit
625 2237 633 2255 :
649 2233 673 2255 et
689 2228 715 2254 in
738 2235 828 2254 eorum
848 2226 915 2258 loco,
933 2226 978 2261 qui
996 2233 1052 2251 sese
1065 2232 1130 2259 pur-

342 2280 459 2312 gauerit,
478 2275 579 2301 habuit.
604 2274 694 2309 Longe
712 2274 801 2299 acrior
817 2272 945 2302 Basilius,
971 2270 1127 2297 Mart-ellum

343 2331 394 2359 pro
418 2322 546 2349 lnrretico
574 2321 663 2354 habet,
693 2320 752 2354 ejus
775 2319 939 2353 impietatem
966 2319 1072 2343 {trinum
1096 2325 1128 2343 ex

342 2368 478 2397 diametro
503 2366 655 2401 oppositam
679 2366 805 2396 mstimat,
832 2364 1016 2390 damnandum
1041 2362 1128 2389 homi—

343 2414 444 2441 m'tncm
463 2416 567 2442 censet,
583 2413 645 2445 quia
662 2412 821 2445 unigenitum
840 2411 943 2444 quidem
959 2411 1011 2435 dici
1026 2410 1128 2435 verbum

344 2460 437 2490 tradit,
456 2465 583 2493 quatenus
600 2458 635 2483 ad
658 2466 732 2483 usum
758 2462 781 2483 ct
807 2456 840 2482 ad
865 2462 963 2490 tempus
983 2448 1078 2489 prodit,
1101 2462 1129 2479 ac

342 2514 436 2532 rursus
453 2509 484 2530 tl.l
501 2513 558 2530 cum
570 2512 601 2530 ex
618 2512 667 2537 quo
685 2504 779 2536 prodiit
797 2503 934 2529 mertitur
948 2511 955 2527 :
973 2510 1051 2535 neque
1072 2505 1131 2526 ante

343 2560 486 2586 egressum,
505 2559 571 2581 esse,
597 2558 640 2575 nec
656 2555 712 2582 post
739 2558 895 2584 rcgrrsmm,
918 2548 1058 2573 subsistere
1082 2548 1129 2572 nit.

344 2598 427 2631 (iuius
442 2598 477 2622 rei
493 2601 674 2630 argumentum
696 2600 754 2621 sunt
772 2596 868 2629 iniquu-
884 2595 956 2620 illius
975 2593 1129 2627 “yngraphw

343 2644 418 2673 libri.
434 2645 538 2670 (Inuera
561 2643 688 2676 superias
710 2643 788 2667 allata
814 2646 887 2667 sunt.
902 2640 960 2666 Jam
978 2647 1040 2666 vero
1058 2647 1131 2673 (ιιι-υ-

346 2696 423 2718 ratttr
440 2698 502 2717 num
523 2690 614 2723 iniqua
642 2689 684 2713 illa
713 2688 866 2723 συγγραφή,
893 2694 973 2721 quam
1002 2689 1132 2712 memorat

348 2736 475 2766 Basilius,
494 2736 564 2762 idem
593 2737 649 2769 ipse
667 2736 734 2762 liber
753 2735 797 2764 sit.
823 2734 871 2768 qui
896 2735 921 2759 iu
947 2732 1058 2767 synodis
1080 2731 1132 2757 llo-

347 2790 426 2811 mana
448 2789 473 2810 et
496 2783 652 2809 Surdiccnsi
675 2789 767 2809 errore
784 2788 885 2808 vacuus
902 2780 1056 2808 declaratus
1079 2783 1130 2806 est.

382 2884 420 2916 (1)
439 2883 525 2911 Hilar.
544 2884 651 2918 Pref/nt.

1184 290 1238 310 non
1261 283 1360 317 legitur
1389 283 1462 310 enim
1488 283 1646 311 Marcellum
1674 283 1758 310 alium
1783 281 1903 309 edidisse
1928 282 1965 309 li-

1183 328 1274 360 brum,
1299 335 1381 362 quam
1404 328 1480 355 illum
1499 333 1595 356 contra
1618 329 1766 360 Asterium.
1788 327 1832 355 cui
1857 327 1966 359 titulus.

1183 373 1222 401 De
1232 374 1395 409 subjecu'one
1411 373 1529 407 Domini,
1546 379 1616 402 teste
1638 374 1752 402 Hilario.
1774 373 1875 402 Verum
1893 373 1970 401 dicet

1183 421 1330 456 quispiam,
1353 427 1388 447 an
1410 420 1529 448 Basilius
1546 421 1704 449 haereticum
1726 427 1758 448 ac
1779 418 1966 448 damnandum

1182 465 1283 492 librum
1305 468 1426 496 censeat,
1443 465 1490 499 qui
1509 465 1536 491 in
1557 464 1670 500 synodis
1686 465 1808 492 Romana
1824 468 1852 493 et
1870 463 1968 492 Sardi-

1183 510 1257 538 censi
1286 514 1317 536 ut
1347 509 1517 549 orthodoxus
1538 510 1674 538 admissus
1689 510 1780 538 fuerit.
1797 510 1865 538 Huic
1884 517 1969 546 argu-

1183 560 1274 583 mento
1294 560 1325 583 ut
1353 561 1537 588 occurratur,
1560 557 1707 591 repetenda
1728 557 1774 584 illa
1799 564 1859 592 quae
1882 563 1969 592 supra

1182 601 1313 635 diximus,
1333 602 1490 629 Marcellum
1508 597 1644 630 'videlicet
1667 603 1705 630 ita
1735 611 1791 631 rem
1814 607 1971 638 temperare

1183 646 1315 680 potuisse,
1334 647 1447 673 utdicta
1466 646 1527 681 ejus
1541 651 1654 682 possent
1668 647 1812 675 itLbonam
1832 648 1970 674 malamve

1182 696 1286 726 partem
1305 691 1420 719 deﬂecti.
1437 692 1507 720 Cum
1520 695 1611 720 autem
1622 692 1667 720 ille
1682 693 1850 728 synodorum
1863 692 1968 727 judicio

1182 744 1303 772 praesens
1317 744 1428 765 causam
1447 735 1617 771 defenderet,
1633 742 1661 766 at
1678 746 1773 766 sanam
1791 738 1966 767 catholicam

1182 790 1235 818 que
1250 782 1386 810 dictorum
1401 786 1519 810 mentem
1533 787 1675 817 tueretur;
1699 782 1751 810 SS.
1768 782 1876 816 Patres,
1892 782 1970 819 quod

1182 829 1284 856 nullam
1302 829 1370 857 liber
1387 829 1553 865 impietatem
1567 830 1656 865 palam
1672 833 1699 857 et
1713 836 1770 864 prae
1786 836 1816 857 se
1827 828 1922 861 ferret,
1941 834 1973 857 et.

1182 875 1263 903 etl‘ata
1278 875 1338 910 ejus
1349 875 1485 902 catholice
1499 878 1624 910 possent,
1642 878 1671 902 ut
1693 866 1843 902 Marcellus
1851 878 1971 903 conten.

1181 922 1273 954 debat.
1286 921 1384 956 accipi,
1401 925 1431 948 ut
1446 921 1582 948 insontem
1597 928 1660 949 cum
1674 920 1744 947 libro
1762 927 1813 947 suo
1829 920 1971 948 hominem

1182 968 1338 996 absolutum
1363 967 1538 994 dimiserunt.
1560 966 1631 994 Nam
1657 966 1722 1002 quid
1737 974 1801 994 vero
1823 967 1852 994 in
1874 967 1971 995 animo

1182 1014 1303 1042 volveret
1319 1013 1475 1046 Marcellus,
1498 1013 1564 1049 quid
1584 1014 1640 1041 imo
1661 1018 1772 1048 pectore
1790 1013 1920 1046 sentiret,
1939 1013 1973 1042 ει

1182 1060 1265 1087 unius
1280 1059 1329 1087 Dei
1339 1059 1445 1094 judicio
1459 1059 1679 1094 permittebatur.
1693 1057 1749 1086 Sub
1760 1059 1828 1090 hate,
1841 1062 1872 1086 ut
1889 1058 1971 1088 arbi-

1182 1106 1325 1137 trabantur
1354 1105 1432 1132 multi
1447 1126 1454 1138 ,
1480 1112 1543 1132 cum
1572 1104 1599 1131 in
1617 1103 1796 1132 familiaribus
1822 1104 1972 1139 colloquiis

1183 1150 1327 1178 Marcellus
1343 1150 1416 1177 dicta
1436 1156 1486 1177 sua
1503 1147 1654 1177 sectmdum
1676 1148 1832 1176 haereticam
1847 1151 1972 1176 mentem

1183 1197 1326 1232 discipulis
1342 1196 1512 1232 explanaret,
1535 1194 1653 1231 ejusque
1673 1194 1713 1221 rei
1729 1194 1799 1221 fama
1817 1194 1871 1221 late
1888 1200 1972 1229 vaga-

1182 1247 1270 1275 retur,
1287 1246 1352 1270 tunc
1367 1242 1477 1269 demum
1495 1241 1609 1269 subdole
1623 1246 1714 1268 actum
1735 1239 1863 1268 Marcello
1878 1240 1975 1267 credi—

1182 1292 1240 1315 tum
1254 1291 1307 1318 est,
1324 1294 1437 1323 Ipseque
1453 1287 1494 1314 sui
1508 1286 1645 1321 interpres
1661 1286 1760 1312 librum
1775 1292 1860 1320 prava
1878 1290 1974 1313 mente

1183 1333 1369 1368 unscriptum
1385 1332 1542 1360 declarasse
1557 1331 1675 1359 videtur.
1698 1330 1756 1359 Etsi
1771 1338 1855 1366 porro
1871 1337 1917 1358 res
1940 1330 1972 1358 in

1183 1379 1266 1406 dubio
1278 1384 1413 1410 versetur,
1425 1386 1489 1405 num
1506 1385 1569 1405 vcrc
1583 1377 1726 1405 Marcellus
1740 1377 1768 1404 in
1778 1384 1850 1409 eam,
1868 1376 1902 1404 de
1914 1384 1973 1412 qua

1182 1426 1342 1460 plerumque
1362 1430 1506 1453 accusatus
1532 1424 1595 1456 fuit,
1624 1423 1791 1459 impietatem
1813 1422 1971 1451 deciderit:

1183 1480 1246 1499 nam
1260 1479 1322 1499 cum
1338 1471 1507 1507 Epiphanius
1521 1470 1649 1498 Marcello
1664 1469 1787 1505 a-qualis,
1805 1469 1897 1497 varias
1918 1469 1974 1497 hac

1183 1518 1217 1545 de
1236 1525 1265 1545 re
1279 1517 1494 1545 urthodoxorum
1512 1516 1663 1544 sententias
1686 1519 1752 1543 tunc
1767 1515 1854 1543 fuisse
1871 1514 1972 1543 testiﬁ-

1144 1574 1166 1603 ο
1183 1567 1271 1595 cetur,
1292 1570 1344 1590 nec
1358 1563 1456 1590 audeat
1471 1564 1529 1597 ipse
1543 1563 1703 1589 alterutram
1726 1561 1753 1588 in
1770 1566 1875 1596 partem
1902 1568 1973 1588 con—

1184 1609 1289 1640 cedere,
1309 1609 1375 1643 quid
1389 1616 1535 1643 posuimus
1551 1616 1602 1635 nos
1617 1611 1658 1634 tot
1671 1607 1706 1634 ab
1721 1607 1784 1634 inde
1797 1606 1901 1642 elapsis
1920 1614 1973 1634 sa-

1182 1655 1252 1682 culis
1269 1654 1428 1682 mstimarc?
1448 1661 1530 1689 grave
1546 1657 1636 1680 tamen
1662 1657 1855 1688 argumentum
1871 1656 1972 1680 contra

1183 1699 1339 1727 Marcellum
1353 1700 1418 1726 hinc
1433 1700 1550 1731 eruitur,
1574 1698 1647 1733 quod
1664 1699 1732 1725 tanti
1749 1698 1877 1727 doctores
1891 1698 1972 1727 Basi-

1182 1746 1237 1773 lius
1262 1749 1289 1773 et
1314 1745 1493 1778 Athanasius,
1512 1745 1614 1779 quibus
1629 1752 1683 1771 non
1707 1744 1787 1771 facile
1809 1748 1868 1771 erat
1884 1744 1972 1772 verba

1182 1792 1258 1823 dare,
1274 1799 1336 1819 cum
1364 1791 1407 1818 vel
1423 1798 1538 1826 prorsus
1563 1791 1734 1821 hazreticum,
1759 1790 1800 1817 vel
1821 1789 1972 1818 admodum

1183 1841 1340 1872 suspectum
1360 1837 1515 1864 habuerint.

1183 1903 1222 1928 IV.
1236 1903 1368 1928 Marcellus
1382 1906 1409 1927 et
1424 1903 1574 1927 Marcelliani
1595 1904 1620 1927 in
1635 1903 1691 1927 fidei
1708 1902 1903 1934 professionibus
1924 1909 1969 1928 ca-

1454 1934 1545 1958 thoiicc
1558 1935 1700 1965 loquuntur.

1219 1998 1254 2025 lit
1288 2002 1318 2025 ut
1349 1999 1384 2025 sit
1407 1999 1441 2026 de
1475 1998 1596 2026 Marcelli
1620 1999 1768 2032 opinione,
1795 1998 1969 2034 exploratum

1183 2053 1249 2072 sane
1271 2050 1312 2072 est
1335 2053 1397 2072 cum
1421 2045 1510 2076 illum.
1535 2050 1592 2072 tum
1615 2045 1766 2080 discipulos
1785 2045 1846 2079 ejus
1863 2046 1891 2072 iit
1906 2045 1969 2073 lidei

1184 2089 1308 2118 [οι-11111115
1332 2099 1401 2126 quas
1422 2091 1558 2123 obtulcrc,
1579 2091 1624 2118 ubi
1647 2091 1700 2118 sibi
1718 2090 1868 2126 ascriptum
1890 2098 1970 2118 erro-

1183 2144 1240 2163 rem
1253 2137 1384 2164 damnant
1399 2141 1426 2164 et
1442 2137 1598 2172 repudiant,
1613 2145 1667 2164 non
1683 2137 1875 2172 ptnnitcntium
1891 2141 1917 2164 ct
1932 2145 1969 2164 rc-

1184 2182 1372 2216 sipiscentium
1393 2190 1469 2210 more
1502 2183 1528 2210 id
1553 2190 1648 2218 agere;
1678 2182 1725 2210 scd
1746 2183 1837 2210 addita
1859 2190 1968 2219 semper

1184 2231 1311 2257 cautione
1332 2232 1553 2259 adversariorum
1575 2231 1729 2259 calumnias
1752 2232 1900 2266 depellere,
1917 2239 1967 2259 nec

1182 2285 1210 2303 se
1223 2277 1258 2302 ita
1275 2278 1390 2304 sciuisse
1419 2278 1553 2305 conﬁteri.
1565 2277 1592 2304 Ιιι
1609 2278 1736 2305 observes
1754 2277 1827 2312 apud
1849 2277 1965 2313 Epipha-

1180 2321 1254 2347 niutn
1280 2323 1306 2348 in
1333 2321 1458 2348 Ftn'mula
1476 2322 1536 2349 ﬁdei
1560 2322 1690 2355 Marcelli,
1704 2321 1778 2349 Julio
1798 2322 1901 2352 oblata.
1921 2322 1966 2350 ubi

1182 2370 1203 2394 is
1221 2376 1249 2394 se
1263 2368 1298 2394 ita
1315 2369 1435 2395 sensisse
1454 2373 1533 2402 negat
1549 2371 1578 2394 ut
1589 2367 1683 2395 Ariani
1698 2367 1862 2396 dictitabant
1877 2377 1885 2394 :
1900 2372 1929 2395 et
1941 2369 1967 2394 in

1182 2414 1319 2440 luculenta
1338 2414 1397 2446 ﬁdei
1417 2414 1531 2440 formula
1554 2414 1581 2440 in
1596 2413 1731 2449 legatione
1747 2413 1873 2448 Eugenii,
1887 2420 1966 2449 quam

1183 2469 1254 2487 nunt‘
1271 2462 1388 2495 primum
1404 2470 1418 2487 e
1436 2461 1555 2487 tenebris
1571 2461 1704 2491 eruimus,
1721 2459 1762 2487 sic
1777 2459 1897 2494 legitur:
1914 2458 1965 2486 Ne-

1182 2515 1229 2540 qnc
1251 2507 1319 2532 enim
1345 2514 1476 2532 (murinus
1497 2507 1579 2531 alium
1603 2514 1660 2532 esse
1675 2504 1786 2536 Filium,
1811 2505 1897 2532 alium
1914 2512 1968 2532 esu

1189 2552 1311 2582 Γινι-[ιιιιιιΙ
1332 2559 1357 2577 ttt
1376 2552 1481 2585 quidam
1506 2559 1551 2577 nos
1574 2552 1670 2578 sentire
1687 2551 1791 2578 mentiti
1803 2540 1868 2587 sunt
1883 2557 1893 2577 :
1906 2550 1966 2578 item

1185 2599 1211 2624 in
1231 2598 1408 2632 Expusiliunt’:
1431 2598 1490 2624 ﬁdei
1518 2598 1550 2624 ad
1577 2597 1806 2626 Diocwsariensos
1824 2599 1967 2634 episcopos

1184 2645 1284 2670 oblata.
1306 2645 1381 2670 uitttzt
1407 2644 1573 2671 Marcelliani
1600 2652 1630 2672 se
1652 2645 1768 2672 libenter
1779 2643 1910 2673 Patribns
1928 2651 1967 2672 ηδ·

1185 2691 1320 2725 spm-dete
1342 2690 1558 2722 Sl'lr-t'iiﬂlllilﬂls,
1578 2694 1607 2716 ut
1625 2690 1694 2717 falsa
1713 2690 1804 2719 oblata
1819 2690 1872 2718 sibi
1886 2694 1968 2718 ωωιι

1186 2742 1250 2763 Γειιίυ
1276 2737 1416 2772 religionis
1435 2736 1551 2763 crimina
1566 2737 1770 2771 propulsarent,
1790 2735 1838 2764 διὰ
1852 2735 1969 2772 μάλιστ

1185 2784 1246 2814 τώς
1260 2782 1437 2817 βωλςμέψιυς
1458 2781 1581 2817 ματαίως
1595 2780 1720 2817 ορυὶλεῖν
1735 2781 1802 2818 περὶ
1814 2779 1896 2819 ἡμῶν
1909 2786 1968 2814 uva
