2131 3167
197 193 209 220 Ι
214 193 266 222 395

195 254 289 289 ψευδῆ.
305 253 372 281 Cum
387 256 476 281 autem
493 252 639 281 Marcellus
651 255 678 280 et
689 252 816 288 discipuli
829 253 978 281 secundum
994 257 1017 284 Α

195 299 376 327 orthodoxam
394 299 558 327 sententiam
572 298 633 326 fidei
648 298 781 327 formulas
796 306 861 328 suas
873 307 981 335 semper

196 345 399 377 concinnarint,
423 349 449 372 et
472 344 583 372 aliunde
599 353 615 372 a
637 345 732 373 multis
749 349 907 374 sanctorum
929 345 981 373 Pa-

196 398 268 419 trum
285 392 414 419 Marcello
439 391 584 426 aequalium
603 399 653 426 pro
668 391 805 419 haereticis
821 392 863 419 vel
884 399 981 426 suspe-

196 439 249 467 ctis
263 438 348 466 habiti
364 438 478 475 fuerint,
492 445 548 465 non
565 437 665 466 mirum
679 438 703 466 si
722 441 799 464 tanta
812 437 894 465 fuerit
906 437 980 464 circa

196 484 317 511 Marcelli
343 483 423 510 fidem
453 483 650 511 sententiarum
676 483 818 515 varietas,
851 485 979 517 quantam

195 530 305 559 exhibet
320 529 501 565 Epiphanius.

500 597 616 625 CAPUT
640 597 673 624 V.

195 662 250 683 HDI
271 662 435 682 ATHANASIUS
459 662 621 682 IARCELLUI
640 662 747 686 UNQUAI
774 662 791 681 Δ
809 660 978 682 οοιικωνιιομε

471 698 520 717 SUA
539 697 705 717 BEIOVERIT.

196 757 218 785 I.
238 757 398 784 Athanasius
423 756 580 783 Marcellum
605 765 621 783 a
644 757 825 784 communione
854 766 903 784 sua
928 766 980 784 non

231 791 384 819 removerat'
399 797 459 818 ante
481 800 580 818 annum
607 792 670 820 358.
696 792 728 820 ll.
755 791 812 819 Nec
837 792 980 827 instigante

229 833 319 861 postea
335 827 439 854 Basilio
454 826 481 853 id
497 828 558 862 egit.
741 841 744 845 λ

195 883 216 909 ι.
229 884 374 908 Athanasius
385 883 525 908 Marcellum
537 890 550 907 a
563 883 733 908 communione
746 890 789 908 sua
799 890 847 908 nnn
866 890 979 908 remove-

318 918 355 939 rat
366 918 423 939 ante
434 920 524 939 annum
535 914 588 938 558.
604 914 700 945 Fragm.
715 915 738 944 2,
752 921 775 946 p.
791 914 856 939 1300.

230 974 408 1005 Athanasius,
430 974 476 1009 qui
498 973 594 1001 multis
617 973 697 1001 annis
719 972 846 1001 Marcello
862 973 981 1001 fortuna-

195 1028 256 1048 rum
269 1028 384 1048 consors
398 1025 424 1048 et
444 1020 548 1048 amicus
564 1019 663 1052 fuerat,
686 1020 794 1048 demum
811 1019 915 1055 sparsis
934 1027 981 1047 ru-

195 1066 330 1098 moribus,
348 1070 375 1094 et
400 1066 537 1093 clarorum
554 1065 696 1092 hominum
716 1065 882 1093 testimoniis
896 1064 982 1092 abdu-

196 1116 268 1143 ctus,
284 1118 364 1146 quem
380 1111 458 1145 prius
472 1118 522 1145 pro
538 1109 670 1138 facultate
691 1110 862 1142 defenderat,
885 1117 981 1145 suspe-

195 1160 270 1184 ctum
286 1156 387 1183 habere
402 1156 495 1190 coepit.
507 1155 536 1182 ld
554 1155 706 1190 Epiphanio
723 1159 793 1183 teste
811 1155 978 1183 ediscimus:

195 1201 252 1232 cui,
267 1206 361 1236 utpote
385 1200 420 1228 ab
451 1200 604 1229 Athanasio
628 1201 689 1235 ipso
720 1200 812 1228 audita
843 1201 979 1231 narranti,

195 1245 277 1273 ﬁdem
304 1246 437 1281 derogare
459 1254 514 1273 non
530 1246 603 1273 licet.
629 1246 730 1273 Verum
749 1245 885 1278 Hilarius,
914 1247 979 1274 item

194 1290 320 1325 aequalis,
346 1298 378 1318 eo
408 1295 520 1318 ventum
549 1298 611 1319 esse
635 1291 809 1323 testiﬁcatur,
838 1297 869 1318 ut
896 1291 979 1318 etiam

195 1336 324 1364 Marcello
345 1337 565 1365 communionem
591 1337 755 1366 Athanasius
783 1342 904 1374 negaret.
928 1338 979 1366 Sed

196 1391 243 1410 cur
270 1383 406 1419 abnegata:
436 1384 639 1414 communionis,
670 1384 710 1411 sic
735 1384 793 1415 ille,
817 1385 979 1410 Athanasius

195 1437 256 1456 reus
271 1437 327 1456 esse
345 1429 518 1456 rescribitur?
536 1428 662 1464 Nunquid
680 1433 786 1464 propter
807 1429 869 1456 libri
888 1429 980 1455 vitium

196 1474 340 1502 Marcellus
355 1475 489 1502 abstentus
501 1476 561 1503 est?
575 1474 663 1502 Testes
676 1475 725 1508 ipsi
738 1479 809 1507 sunt,
824 1482 857 1502 ea:
870 1475 981 1502 institu-

198 1522 232 1549 tis
243 1522 299 1556 ejus
310 1521 452 1548 P/totinum
464 1521 643 1555 peruersitatis
655 1521 733 1548 istius
741 1521 817 1548 initia
828 1521 979 1555 sumpsisse.

198 1567 270 1594 Nam
301 1572 396 1602 negata
419 1567 470 1594 sibi
495 1567 527 1594 ab
555 1567 701 1594 Athanasio
724 1568 914 1599 communione,
940 1567 981 1593 in-

198 1621 288 1649 gressu
311 1599 368 1640 sese
388 1613 505 1640 ecclesiw
528 1612 670 1640 Marcellus
693 1613 829 1640 abstinuit.
846 1611 891 1639 Ita
911 1621 982 1642 com-
995 1599 1016 1629 ο

197 1659 289 1686 munia
305 1666 365 1684 eum
387 1666 418 1685 eo
437 1659 464 1684 in
490 1659 542 1684 ista
559 1658 610 1692 ﬁde
629 1658 661 1685 de
675 1658 834 1690 subiectione
851 1663 875 1685 et
897 1658 983 1685 tradi-

198 1705 267 1732 tione
293 1705 366 1738 regni
396 1704 470 1730 docet
495 1712 503 1730 :
526 1709 620 1739 negata
651 1712 755 1730 rursum
781 1705 912 1737 pravitate
936 1704 984 1731 do-

198 1751 290 1778 ctrina:
313 1751 423 1778 alterius
449 1750 573 1777 ostendit.
599 1750 638 1776 Ex
664 1749 779 1782 Hilario,
808 1754 838 1777 ut
864 1751 982 1782 videtur,

198 1801 337 1824 mutuatus
359 1795 497 1831 Sulpicius
524 1796 652 1827 Severus,
681 1796 798 1831 idipsum
825 1800 919 1823 narrat
942 1796 984 1823 his

199 1842 286 1869 verbis
301 1852 307 1869 ι
323 1841 463 1876 Interjccto
485 1841 577 1868 deinde
602 1846 725 1875 tempore,
738 1842 899 1868 Athanasius
925 1851 983 1868 cum

199 1886 355 1915 "anellum
379 1895 473 1922 parum
493 1895 566 1914 same
590 1887 652 1921 fidei
673 1895 728 1914 esse
757 1887 941 1921 comperisset,
968 1896 984 1914 a

199 1934 379 1960 communione
394 1932 539 1966 suspendit.
556 1931 706 1967 llabuitque
717 1932 763 1959 ille
777 1932 845 1959 hanc
863 1941 984 1960 verecun-

199 1978 281 2010 diam,
294 1984 323 2005 ut
339 1980 408 2005 tanti
423 1979 472 2005 viri
480 1978 582 2012 judicio
595 1983 703 2005 notatus
717 1983 808 2012 sponte
822 1979 982 2007 concederet.

200 2023 331 2051 Caeterum
355 2029 434 2050 antea
453 2024 589 2055 innocens,
606 2027 697 2057 postea
712 2023 884 2058 deprauatus,
903 2024 985 2051 videri

199 2075 303 2105 poterat
320 2070 380 2104 jam
401 2075 456 2096 tum
483 2078 576 2097 nocens
593 2069 686 2103 fuisse.
710 2078 769 2096 cum
796 2070 828 2097 de
852 2079 882 2097 eo
898 2071 985 2104 fuerat

200 2116 358 2149 iudicatum.
377 2116 429 2144 Sed
446 2116 503 2144 hac
519 2115 651 2147 Hilarius,
668 2123 749 2150 quem
772 2114 911 2155 Sulpicius
932 2124 983 2143 au‘

201 2164 305 2188 olorem
318 2162 408 2192 habet.
425 2169 459 2188 ex
476 2161 573 2196 synodi
593 2160 762 2193 Sirmiensis,
779 2161 807 2188 in
823 2169 877 2196 qua
892 2161 986 2190 Photi-

201 2214 254 2234 nus
271 2214 342 2234 anno
357 2207 408 2235 5‘9
436 2207 582 2234 damnatus
601 2211 652 2239 est,
674 2207 808 2241 rescripto
831 2211 983 2235 mutuatur.

200 2252 269 2280 Cum
283 2257 372 2280 autem
390 2253 460 2280 hanc
475 2252 609 2287 synodum
624 2252 718 2280 Ariani
731 2253 903 2281 solummodo
916 2261 986 2289 prae-

201 2298 275 2326 sules
300 2299 509 2329 celebraverint,
531 2298 607 2326 nulla
626 2298 659 2326 iis
685 2298 752 2326 fides
780 2299 915 2332 habenda,
936 2300 983 2335 qui

201 2348 330 2372 sexcenta
346 2344 446 2372 similia
465 2347 561 2372 contra
575 2343 755 2372 Athanasium
770 2348 797 2372 et
815 2344 982 2378 Marcellum,

200 2396 259 2419 tum
276 2391 359 2418 verbo
376 2396 433 2418 tum
449 2392 561 2427 scripto.
578 2398 706 2427 spargere
721 2391 856 2419 solebant.
873 2392 912 2419 Ad
927 2393 985 2420 hmc

200 2437 368 2466 Athanasius
387 2438 486 2466 saltem
511 2438 545 2465 ad
561 2445 663 2464 annum
690 2439 776 2472 usque
791 2438 853 2469 558.
872 2438 985 2466 Marcel-

200 2483 258 2511 lum
275 2487 304 2510 ut
318 2485 453 2512 insontem
475 2488 502 2512 et
523 2484 667 2513 fraudibus
681 2484 846 2512 Arianorum
866 2485 985 2512 circum-

201 2534 311 2557 ventum
327 2530 458 2562 defendit,
475 2535 505 2558 ut
520 2531 613 2559 videre
637 2535 681 2559 est
695 2532 723 2558 in
740 2532 869 2567 Apologia
893 2537 986 2559 contra

201 2576 328 2608 Ariunos,
346 2577 373 2604 in
389 2577 520 2612 Apologia
541 2578 574 2605 de
588 2578 662 2613 fuga.
678 2583 704 2605 et
720 2577 745 2605 in
762 2577 881 2605 Historia
903 2578 984 2605 Aria-

202 2629 296 2649 norum
315 2622 349 2648 ad
364 2624 504 2650 monachos
516 2632 525 2650 :
538 2624 610 2651 unde
623 2623 763 2658 propalam
781 2624 816 2651 sit
835 2631 888 2652 non
904 2624 985 2652 modo

202 2667 405 2695 communionis
431 2668 588 2696 societatem
621 2676 683 2695 cum
715 2669 761 2695 illo
791 2669 907 2702 fovisse;
937 2669 985 2696 scd

203 2713 285 2739 etiam
305 2713 426 2740 nomium
449 2714 476 2740 in
493 2715 565 2741 illam
589 2715 698 2742 venisse
713 2718 808 2741 contra
830 2715 985 2742 Marcellum

203 2759 401 2793 suspicionem,
422 2767 503 2793 quam
524 2765 656 2788 memorat
673 2760 852 2796 Epiphanius.
870 2761 902 2787 Et
921 2768 986 2788 sanc

203 2811 321 2831 concors
342 2809 384 2832 est
401 2813 470 2840 pene
493 2807 616 2834 omnium
634 2807 782 2837 sententia,
805 2807 868 2834 huic
890 2806 984 2833 Hilarii

204 2851 372 2882 testimonio,
391 2855 485 2886 utpote
498 2852 532 2880 ab
544 2852 655 2880 Arianis
672 2857 795 2889 accepto,
811 2853 912 2880 nullam
925 2861 986 2881 esse

204 2896 282 2924 tidem
299 2896 461 2925 habendam.

843 193 1017 222 MARCELLI
1035 194 1221 224 ANCYRANI.

1742 196 1812 230 il“

1199 253 1230 279 ll.
1243 253 1295 279 Nec
1304 254 1436 286 instigante
1447 254 1538 281 Basilio
1549 256 1574 281 id
1583 256 1642 288 egit.

1067 310 1126 339 Non
1151 310 1251 339 desunt
1273 312 1319 347 qui
1338 311 1494 340 Marcellum
1520 313 1630 348 quidem
1648 313 1676 341 in
1689 318 1812 350 tempore

1031 363 1078 391 per
1110 355 1243 384 Hilarium
1275 360 1420 388 annotato,
1454 357 1576 385 nondum
1604 358 1639 385 ab
1663 357 1812 386 Athanasio

1031 401 1190 429 damnatum
1206 402 1292 431 fuisse
1306 402 1466 430 existiment
1481 412 1490 436 ;
1511 403 1558 431 sed
1578 402 1676 431 deinde
1690 410 1812 431 commo-

1030 451 1111 474 vente
1128 447 1241 481 Basilio,
1260 448 1295 476 ab
1317 448 1466 476 Athanasio
1484 448 1641 476 Marcellum
1655 451 1682 475 et
1696 447 1812 475 Marcel-

1030 493 1121 521 lianos
1141 501 1156 520 a
1179 494 1372 522 communione
1390 498 1509 522 remotos
1534 494 1619 522 fuisse
1633 493 1810 521 arbitrentur.

1030 538 1063 566 Et
1077 539 1136 566 haec
1151 539 1216 566 item
1234 543 1275 567 est
1290 539 1454 567 Tillemontii
1468 540 1571 575 opinio.
1585 539 1684 567 Verum
1699 539 1811 575 ignora-

1030 583 1095 611 bant
1110 584 1148 611 illi
1163 584 1323 612 Marcellum
1337 588 1364 612 et
1380 586 1499 613 asseclas
1514 585 1627 622 Eugenii
1644 590 1672 613 et
1691 585 1810 613 aliorum

1029 631 1204 666 deputationc
1222 631 1363 659 Athanasii
1385 631 1519 666 judicium
1542 632 1722 666 praevertisse.
1742 631 1810 658 Cum

1030 676 1102 702 enim
1121 676 1235 703 instaret
1246 675 1373 706 Basilius.
1390 680 1518 711 urgerent
1535 676 1581 703 alii
1600 677 1721 712 episcopi
1734 676 1812 704 dam-

1030 720 1204 756 nandumque
1236 721 1390 748 Marcellum
1411 721 1559 750 Athanasio
1585 723 1753 755 dictitarent,
1781 729 1812 750 re

1030 771 1179 802 comperta,
1199 766 1354 799 Marcellus.
1380 772 1410 795 ut
1435 775 1530 795 eorum
1549 772 1664 796 conatus
1685 772 1712 796 et
1732 768 1812 795 moli-

1030 812 1105 839 mina
1139 812 1336 848 interpellaret,
1366 817 1490 841 oratores
1521 814 1568 849 qui
1599 821 1709 841 causam
1739 814 1812 849 apud

1030 858 1209 886 Athanasium
1236 868 1312 887 suam
1339 865 1460 895 agerent,
1486 868 1517 888 ac
1540 861 1582 888 sui
1606 862 1812 896 Ancyraneque

1031 903 1161 932 Ecclesiae
1188 906 1299 934 nomine
1327 905 1388 934 lidei
1417 906 1615 941 professionem
1641 906 1811 937 emitterent,

1030 951 1171 987 delegavit.
1189 951 1312 988 Cumque
1328 953 1476 988 legatorum
1494 953 1609 982 formula
1621 960 1714 981 sanam
1730 959 1812 988 pror-

1031 1005 1079 1026 sus
1094 1002 1121 1025 et
1142 999 1323 1027 orthodoxam
1339 999 1420 1027 ﬁdem
1438 999 1589 1035 praferret,
1610 1000 1674 1027 huic
1691 1000 1813 1027 Athana-

1031 1046 1089 1073 sius
1109 1053 1171 1074 cum
1194 1047 1256 1075 aliis
1278 1047 1325 1082 qui
1349 1047 1461 1075 aderant
1480 1048 1616 1083 episcopis
1637 1047 1812 1082 astipulatus.

1031 1092 1138 1120 litteras
1149 1092 1388 1121 commcadatitias
1402 1093 1560 1128 rogantibus
1575 1093 1721 1121 concessit.
1733 1091 1813 1126 Quod

1029 1138 1085 1173 jam
1105 1137 1240 1166 neminem
1259 1137 1365 1165 inficias
1379 1138 1480 1166 iturum
1499 1138 1627 1166 arbitror.

1341 1205 1454 1234 CAPUT
1473 1206 1516 1233 Vl.

1029 1266 1062 1286 DE
1087 1266 1218 1286 ΙΑιιεΕιιι
1244 1267 1279 1287 ET
1304 1267 1440 1287 ECCLESIA‘.
1468 1267 1610 1287 ANCYBANIE.
1637 1267 1670 1286 AD
1693 1266 1813 1286 A‘I'HAHA-

1082 1302 1143 1323 ειυιι
1164 1302 1328 1327 ιεωτιοκε,
1343 1302 1415 1326 QUAI
1439 1302 1506 1322 NUNC
1528 1302 1629 1322 PRIIUI
1650 1301 1758 1322 Ευιιιυε.

1029 1350 1049 1377 l.
1066 1350 1155 1385 Hujus
1172 1351 1309 1386 legationis
1329 1351 1463 1386 exemplar
1483 1350 1551 1386 unde
1567 1349 1686 1386 prodeat.
1705 1349 1734 1376 Il.
1752 1349 1813 1386 Qua

1064 1381 1206 1413 occasioni
1229 1390 1255 1412 et
1280 1394 1331 1419 quo
1349 1381 1420 1412 anno
1443 1385 1515 1419 facta
1540 1381 1634 1419 legatio
1656 1381 1812 1418 fueritflll.

1065 1420 1103 1447 De
1117 1420 1179 1454 fidei
1191 1420 1352 1454 professione
1369 1420 1489 1447 Marcelli
1512 1421 1616 1446 nomine
1632 1420 1753 1447 recitata.
1766 1420 1813 1447 IV.

1066 1454 1104 1481 De
1133 1455 1368 1490 subscriptionibus
1390 1455 1574 1490 ‘Egyptiorum
1600 1455 1752 1488 pratulum.
1780 1455 1812 1482 ν.

1066 1490 1119 1523 Qui
1134 1490 1214 1524 fuerit
1229 1491 1326 1525 negotii
1339 1491 1433 1517 exitus.

1123 1546 1141 1570 l.
1154 1546 1232 1577 Hujus
1244 1547 1375 1577 legationis
1387 1546 1514 1577 exemplar
1524 1546 1590 1570 unde
1601 1545 1710 1577 prodeat.

1067 1596 1171 1626 Prodiit
1195 1606 1226 1624 ex
1251 1597 1413 1626 bibliotheca
1434 1597 1600 1625 Scorialensi
1622 1597 1719 1633 legatio
1743 1595 1814 1623 Mar-

1034 1644 1096 1672 celli
1119 1648 1146 1671 et
1174 1643 1246 1671 Eccl.
1275 1644 1424 1679 Ancyranae
1454 1643 1488 1670 ad
1510 1643 1700 1671 Athanasium.
1726 1641 1814 1677 Hujus

1034 1695 1123 1717 autem
1143 1690 1281 1725 exemplar
1294 1689 1436 1717 Mediolani
1451 1690 1479 1717 in
1491 1689 1616 1718 biblioth.
1634 1688 1815 1716 Ambrosiam

1034 1735 1107 1763 inter
1131 1736 1240 1764 codices
1253 1736 1362 1764 Graecos
1381 1736 1482 1764 recenti
1509 1743 1592 1762 manu
1614 1735 1747 1770 scriptum
1767 1734 1814 1762 de-

1034 1782 1240 1817 prehendimus.
1256 1782 1358 1818 Estque
1379 1789 1492 1810 aureum
1508 1782 1560 1808 hoc
1575 1781 1737 1816 opusculum
1755 1787 1814 1807 om-

1034 1828 1114 1855 nibus
1139 1828 1196 1855 suis
1220 1829 1340 1856 numeris
1359 1832 1386 1856 et
1406 1828 1529 1864 partibus
1551 1827 1703 1854 absolutum
1723 1835 1730 1853 :
1749 1826 1816 1854 sub-

1034 1873 1197 1908 scriptiones
1221 1877 1313 1901 tamen
1329 1874 1517 1909 [Egyptiorum
1544 1873 1691 1908 praesulum
1713 1873 1741 1900 in
1761 1872 1815 1900 line

1034 1919 1173 1951 subnexaa,
1197 1923 1342 1951 truncatas,
1373 1923 1402 1946 ut
1422 1919 1556 1954 liquidum
1583 1923 1635 1950 est,
1657 1925 1689 1946 ac
1712 1918 1816 1946 mutila

1035 1969 1117 1997 sunt;
1143 1965 1180 1991 ita
1202 1969 1231 1992 ut
1252 1964 1340 2000 ipsius
1363 1964 1506 1993 Athanasii
1528 1971 1639 1998 nomen,
1656 1962 1730 1999 quod
1753 1963 1816 1991 allia

1035 2010 1106 2037 haud
1119 2010 1201 2038 dubie
1216 2011 1387 2046 praemissum
1402 2012 1472 2043 erat,
1491 2010 1635 2038 exciderit.
1655 2008 1719 2037 Haec
1732 2016 1816 2045 porro

1035 2056 1267 2090 subscriptionem
1286 2063 1348 2084 sors
1362 2055 1422 2088 fuit,
1440 2059 1470 2083 ut
1486 2055 1693 2083 amanuensium
1709 2055 1816 2082 incuria

1035 2102 1156 2135 perirent
1179 2110 1186 2129 :
1211 2102 1276 2137 quia
1303 2102 1344 2129 illi
1367 2109 1443 2130 mera
1468 2102 1579 2129 nomina
1608 2101 1642 2129 ad
1668 2109 1725 2130 rem
1747 2101 1816 2130 nihil

1035 2147 1171 2182 pertinere
1194 2147 1401 2175 arbitrabantur
1429 2148 1518 2175 :ihde
1546 2151 1598 2179 est.
1623 2147 1696 2182 quod
1725 2146 1817 2175 Sardi-

1036 2200 1132 2221 censes
1170 2193 1386 2228 subscriptiones
1416 2193 1520 2221 mutilas
1554 2193 1626 2224 sint,
1658 2193 1819 2229 pariterque

1037 2239 1228 2267 Alexandrina:
1242 2239 1307 2267 anni
1322 2239 1385 2266 521.
1402 2240 1431 2267 In
1443 2239 1642 2267 contestatione
1658 2242 1750 2268 autem
1767 2247 1817 2275 po-

1038 2285 1094 2320 puli
1115 2285 1292 2313 Alexandrini
1314 2292 1384 2312 anno
1405 2284 1458 2312 556
1478 2284 1560 2317 facta,
1587 2284 1816 2320 subscriptiones,

1035 2337 1095 2365 qme
1132 2337 1231 2366 magno
1258 2334 1372 2358 numero
1399 2334 1496 2362 erant,
1524 2337 1540 2357 a
1565 2329 1684 2358 librariis
1708 2330 1818 2367 penitus

1035 2376 1142 2403 omissa:
1164 2379 1238 2403 sunt.
1266 2375 1309 2403 Nil
1329 2383 1395 2411 ergo
1414 2375 1513 2404 mirum
1537 2375 1582 2403 hic
1602 2375 1818 2412 subscriptiones

1035 2426 1147 2449 maneas
1157 2426 1184 2450 et
1198 2422 1309 2450 mutilas
1325 2422 1430 2450 haberi.

1091 2479 1120 2505 ll.
1134 2479 1186 2509 Qua
1196 2479 1323 2503 occasione
1333 2481 1418 2510 etquo
1428 2485 1491 2503 anno
1501 2477 1564 2504 facta
1575 2477 1667 2510 legatio
1678 2477 1760 2503 fuerit.

1072 2532 1138 2565 Quae
1159 2538 1253 2564 causa,
1276 2539 1370 2566 quaeve
1385 2532 1494 2559 occasio
1512 2531 1596 2565 hujus
1622 2531 1762 2559 mittendae
1779 2531 1815 2558 le-

1037 2578 1155 2614 gationis
1177 2576 1305 2605 Marcello
1331 2576 1424 2607 fuerit.
1447 2575 1520 2603 haud
1540 2575 1647 2604 dillicile
1670 2581 1712 2604 est
1730 2584 1816 2611 augu-

1037 2626 1102 2652 rari.
1125 2624 1194 2651 Cum
1219 2624 1291 2651 enim
1314 2631 1385 2651 anno
1411 2623 1521 2650 circiter
1534 2623 1582 2650 5'il
1599 2622 1716 2650 Basilius
1728 2626 1756 2650 et
1772 2622 1818 2649 alii
1834 2635 1837 2638 -

1037 2670 1157 2705 episcopi
1187 2669 1258 2704 apud
1277 2668 1456 2695 Athanasium
1472 2667 1498 2694 id
1517 2667 1688 2700 molirentur,
1703 2671 1732 2694 ut
1747 2667 1815 2694 Har-

1037 2716 1135 2743 ccllum
1146 2719 1276 2750 tanquam
1287 2721 1364 2742 nova!
1374 2714 1509 2741 haereseos
1517 2713 1626 2740 Arionis
1640 2720 1672 2740 cx
1684 2712 1819 2739 diametro

1038 2761 1168 2796 oppositae
1202 2763 1359 2790 auctorem.
1394 2759 1429 2786 ab
1461 2758 1591 2786 Ecclesia
1625 2758 1820 2786 communione

1038 2804 1231 2835 submoverent
1260 2814 1266 2833 :
1286 2813 1340 2833 non
1360 2806 1472 2833 nescius
1501 2804 1644 2831 Marcellus
1664 2803 1691 2831 id
1715 2812 1762 2832 eos
1790 2804 1820 2831 in

1039 2853 1187 2888 perniciem
1209 2859 1287 2880 suam
1321 2851 1485 2882 machinari,
1508 2855 1537 2877 ut
1559 2851 1714 2885 proximum
1748 2851 1820 2885 peri-

1039 2905 1072 2926 cu
1086 2906 1131 2926 um
1157 2898 1326 2932 declinaret,
1361 2897 1601 2926 commendatitias
1626 2897 1820 2933 cpi-scortorum
