2131 3167
359 194 429 223 1296
967 188 1010 217 οε
1030 187 1109 217 νιτΔ
1125 187 1168 216 ΕΤ
1188 187 1200 216 ε

1125 187 1168 216 ET
1188 187 1343 217 SCRIPTIS
1894 185 1964 214 ιιω

359 252 468 279 Achai:
497 255 523 278 et
550 247 713 277 lacedoniz
749 247 784 275 ad
816 247 997 276 Athanasium
1030 246 1220 279 litterasAiis
1241 246 1445 275 communionis
1474 246 1605 281 expetiit,
1630 249 1658 273 et
1682 243 1854 280 impetravit,
1885 244 1966 280 queis

359 295 515 332 eiliagitavit
535 301 620 322 :nam
638 301 700 321 cum
714 293 759 321 his
783 293 901 322 maxime
915 293 1065 320 Athanasio
1085 292 1137 320 do-
1189 291 1311 318 munitos
1337 291 1441 327 legatos
1475 298 1541 318 suos
1568 289 1602 317 ad
1621 289 1802 317 Athanasium
1823 287 1909 316 misit.
1933 287 1965 316 In

360 342 456 370 ctrina
470 339 639 368 consortium
651 344 678 368 et
692 339 848 375 epistolaris
870 338 1042 366 familiaritas
1053 339 1137 366 inter-
1187 335 1239 364 hac
1261 339 1353 364 autem
1380 336 1514 372 legatione
1535 335 1627 364 omnia
1652 334 1767 362 miriﬁce
1791 333 1929 368 quadrent
1954 343 1963 361 :

358 387 470 415 cedebat
490 396 497 414 :
514 387 568 413 Kal
581 386 675 413 τούτου
704 385 753 412 τοῦ
780 385 922 421 δόγματος,
948 384 1037 419 inquit
1063 383 1138 411 Basi-
1189 388 1199 408 ι

1125 385 1138 411 L-
1189 388 1254 408 nam
1278 384 1378 416 pater
1393 381 1455 408 illas
1473 387 1489 408 a
1505 379 1670 408 Iacedonim
1685 383 1712 407 et
1730 378 1840 406 Achaia
1857 377 1966 413 episeo-

358 433 413 461 lius
434 433 475 468 (2)
489 433 522 460 de
543 432 702 463 Athanasio.
717 431 861 463 κοινωνούς
877 440 921 467 μοι
938 430 1136 467 παρεχομένου,
1185 434 1199 462 ιι

1128 449 1136 462 ,
1185 427 1240 462 pis.
1265 434 1320 462 quo
1344 430 1467 462 tempore
1488 426 1527 453 illi
1559 432 1623 453 cum
1651 424 1800 452 Athanasio
1822 422 1857 451 de
1881 423 1965 451 rehu's

357 479 420 510 τούς
433 486 462 505 se
473 479 522 514 τῆς
533 477 712 509 Μαιὸονίας,
724 478 772 504 ιιι
786 477 836 512 τῆς
852 476 961 512 ’Διαιικ
972 475 1136 507 ἐπισκόπους

359 524 492 558 lunae.
524 524 572 553 liis
600 524 753 559 impetratis
776 524 874 551 litteris
902 522 1048 550 larcelius
1077 526 1136 549 tum

358 578 420 602 suo.
442 576 499 598 tum
522 571 606 599 totius
630 570 768 606 Ancyrani
787 569 855 598 cieri
878 569 998 601 nomine,
1011 572 1136 596 oratores

358 617 441 644 mittit
463 617 496 644 ad
521 616 697 644 Athanasium
713 625 722 649 ;
749 615 901 651 Eugenium
917 615 1022 643 scilicet
1041 614 1136 641 diaco-

358 668 434 693 num,
449 662 581 697 aliosque.
594 662 641 697 qui
654 662 745 689 oblata
764 661 816 690 sibi
829 661 943 688 crimina
959 660 1135 696 depellerent,

357 711 385 734 et
412 707 473 735 ﬁdei
503 708 699 743 professionem
722 714 816 736 coram
834 707 985 735 Athanasio
1003 711 1031 734 et
1052 705 1136 741 Egy-

357 753 422 787 ptiis
441 754 602 788 presulibus
633 755 788 781 recitarem.
808 752 966 789 Bacporro
986 752 1084 788 legatio
1105 752 1134 779 in

357 805 459 826 annum
483 799 535 826 372
561 799 702 827 commode
733 798 879 830 referatur,
903 798 985 833 cujus
1011 797 1134 833 computi

357 845 427 872 ratio
447 845 498 872 hoc
522 846 603 873 modo
626 846 767 873 statuitur.
796 843 914 873 Basilius
934 851 1008 872 anno
1028 844 1081 871 370
1103 843 1133 871 in

355 889 553 918 Caesariensem
577 891 736 927 episcopum
763 894 907 927 cooptatus
925 894 968 918 est
988 899 995 918 :
1013 888 1059 917 cui
1078 888 1133 916 fre-

356 945 443 971 quens
457 944 518 965 cum
531 937 680 966 Athanasio
694 937 871 973 epistolarum
883 944 950 965 usus
966 935 1028 970 fuit,
1046 936 1074 963 in
1086 942 1134 963 ea-

355 989 415 1009 run-
433 990 495 1018 qute
514 987 661 1018 supersunt
679 987 815 1018 postrema
832 982 866 1010 de
884 981 1039 1011 damnando
1061 981 1133 1008 lar-

354 1028 426 1056 cello
439 1029 539 1064 agitur.
562 1036 676 1064 eamque
688 1036 740 1057 nos
752 1029 782 1057 in
802 1035 902 1056 annum
921 1028 970 1055 5H
988 1026 1133 1056 conferen-

355 1073 417 1101 dam
429 1078 566 1109 putamus.
588 1073 676 1110 liuius
694 1079 788 1102 suum
809 1073 954 1102 occasione
975 1075 1133 1108 susceptam

355 1119 516 1154 legationem
532 1124 560 1148 et
579 1120 724 1148 advetlnm
747 1120 862 1156 Engenll
881 1118 1075 1148 Alexandriam
1104 1117 1133 1145 in

355 1171 512 1201 sequentem
544 1173 646 1194 annum
675 1166 850 1202 conjicimns.
875 1167 939 1202 quia
971 1169 1012 1193 tot
1037 1164 1132 1193 missis

355 1212 426 1238 ultro
453 1212 578 1247 citroque
596 1211 691 1240 Basilii
718 1211 754 1239 ad
773 1211 964 1243 Athanasium,
989 1209 1131 1237 Athanasii

354 1257 388 1284 ad
408 1257 538 1286 Basiliqu
562 1258 672 1290 litteris,
692 1257 757 1285 anni
776 1257 829 1285 370
845 1256 936 1289 ﬁnem.
951 1260 979 1284 et
991 1255 1131 1292 sequentis

355 1303 501 1331 maximam
525 1308 629 1338 partem
641 1304 762 1338 elapsam
782 1308 920 1339 putamus.
942 1302 972 1330 Id
989 1306 1080 1330 autem
1096 1309 1130 1330 ex

354 1350 511 1384 conjectura
528 1354 632 1378 tantum
643 1349 772 1381 dicimus,
789 1351 851 1385 quia
865 1349 1034 1384 exploratum
1054 1347 1129 1375 vide-

355 1398 400 1421 tur
423 1394 450 1422 id
470 1395 600 1423 extremis
619 1394 761 1423 Athanasii
781 1395 843 1422 vitae
859 1395 950 1426 annis,
969 1400 997 1422 et
1013 1393 1131 1422 fortasse

355 1440 493 1468 mensibus
511 1445 601 1468 sctum
615 1448 686 1469 esse.
701 1441 826 1469 Attamen
836 1442 946 1469 nonnisi
958 1441 1129 1476 augurando.

354 1485 507 1512 litterarum
528 1486 600 1514 ultro
623 1487 746 1522 citroque
764 1487 910 1515 missarum
938 1487 1024 1522 spatia
1052 1487 1130 1514 meti-

354 1537 425 1557 mur.
437 1529 548 1558 Certum
569 1531 749 1559 nihilominus
768 1532 875 1560 vitietur
888 1531 922 1559 ab
937 1539 1010 1559 anno
1025 1531 1074 1558 37f
1095 1530 1128 1558 ad

1187 469 1251 497 ﬁdei
1273 469 1429 505 conjunctis
1451 469 1553 498 animis
1580 469 1746 500 tractabant.
1768 469 1901 504 expetitas
1919 468 1966 495 lit-

1186 519 1284 548 teras;
1308 515 1336 542 in
1365 515 1428 542 ﬁdei
1451 514 1624 550 professione
1655 514 1785 551 legationi
1803 515 1964 550 subjuncta.

1186 562 1285 586 contra
1306 558 1456 586 Anomtnos
1477 559 1607 589 maxime.
1622 559 1702 593 quasi
1718 563 1784 587 tune
1797 560 1967 587 tumultuan-

1186 607 1230 632 tes
1251 605 1359 640 agitcr,
1383 604 1458 640 quod
1478 604 1600 640 apprime
1620 604 1710 632 eidem
1732 606 1849 642 tempori
1863 613 1964 635 conve-

1185 648 1263 682 niat;
1289 652 1318 677 et
1346 655 1408 685 post
1433 648 1496 678 ﬁdei
1536 648 1683 677 formulam
1708 658 1724 677 a
1749 651 1845 687 legatis
1869 659 1965 680 coram

1184 693 1335 722 Athanasio
1370 695 1531 728 recitatam.
1569 695 1810 724 commendatitias
1845 697 1896 732 ipsi
1928 698 1967 725 ab

1183 738 1336 767 Athanasio
1352 739 1459 768 litteras
1476 740 1627 776 postulant,
1646 747 1716 776 quas
1736 741 1904 776 impetrstss,
1919 750 1966 778 sy-

1184 784 1257 812 nodo
1274 783 1484 813 Diocesariensi
1502 786 1686 821 protulerunt,
1700 790 1731 813 nt
1744 785 1818 813 infra
1835 786 1965 815 dicimus.

1236 839 1559 872 111.00le
1571 840 1906 868 Iareelllnonilnereettata.

1219 893 1396 927 Athanasius,
1414 897 1444 921 ut
1455 893 1504 930 qui
1522 893 1671 922 multorum
1690 897 1719 922 et
1738 892 1832 922 Basilii
1847 894 1969 922 maxime

1184 942 1297 966 narratu
1315 939 1462 972 abductus,
1478 944 1635 975 suspectam
1646 937 1767 967 Marcelli
1783 939 1863 967 ﬁdem
1879 939 1967 967 habe.

1183 986 1242 1016 ret,
1272 988 1396 1012 oratores
1416 983 1451 1012 de
1470 983 1597 1012 doctrina
1619 987 1807 1020 percontatur.
1834 983 1876 1011 illi
1902 983 1968 1011 fidei

1184 1028 1330 1057 formulam
1363 1029 1467 1062 edunt.
1504 1029 1647 1065 primoque
1681 1029 1799 1058 heresin
1834 1030 1968 1057 Arianam

1183 1074 1315 1102 damnant
1331 1074 1521 1107 anathemate,
1537 1082 1570 1102 ac
1584 1075 1617 1102 τὸ
1632 1075 1774 1111 opmitates
1790 1075 1967 1110 proﬁtentur.

1182 1119 1254 1148 Hinc
1278 1120 1332 1148 sibi
1353 1121 1502 1156 ascriptam
1520 1119 1582 1148 Filii
1603 1125 1629 1149 et
1650 1120 1732 1149 Verbi
1759 1121 1968 1150 distinctionem

1181 1165 1344 1201 repudiant,
1368 1165 1561 1201 afﬁrmantque
1580 1166 1764 1202 sycophantas
1783 1174 1855 1199 esse,
1871 1167 1920 1202 qui
1938 1174 1970 1194 se

1180 1218 1213 1239 ea
1225 1211 1261 1240 de
1274 1219 1303 1239 re
1319 1212 1348 1239 in
1366 1212 1472 1239 crimen
1493 1215 1625 1240 vocarent
1643 1221 1650 1239 :
1671 1211 1822 1240 Sabellium
1843 1212 1969 1247 proscri-

1180 1257 1261 1288 btmt.
1278 1262 1390 1293 tresque
1403 1258 1431 1286 in
1448 1257 1582 1287 Trinitate
1593 1258 1775 1287 subsistentes
1789 1257 1966 1286 conﬁtentur.

1180 1302 1219 1329 06
1229 1301 1295 1337 γὰρ,
1309 1301 1448 1337 inquiunt,
1463 1302 1646 1329 ἀνυπόστατον
1658 1303 1708 1338 τὴν
1717 1302 1821 1338 Τριάδα
1831 1301 1948 1337 λέγομεν
1959 1310 1967 1317 ο

1179 1347 1236 1374 ἀλλ’
1251 1349 1281 1374 tv
1299 1347 1446 1375 ὑποστάσει
1465 1348 1551 1383 αὐτὴν
1577 1348 1764 1384 γινώσκομεν·
1789 1348 1816 1376 id
1828 1352 1881 1379 est.
1902 1347 1967 1375 Non

1179 1392 1249 1419 enim
1261 1391 1421 1420 Trinitatem
1434 1393 1492 1420 sine
1507 1392 1658 1420 substmttt'u
1675 1392 1729 1420 sive
1748 1392 1885 1428 Itypostsst'
1897 1392 1969 1420 dici-

1179 1447 1237 1467 mus
1256 1447 1313 1467 esse
1326 1461 1334 1474 ,
1351 1447 1439 1467 uram
1459 1439 1487 1466 in
1508 1439 1644 1475 hypostosi
1665 1440 1750 1473 ipsum
1771 1439 1967 1475 cognoscimus.

1180 1484 1231 1513 Ubi
1243 1485 1464 1513 animadvertere
1477 1488 1521 1513 est
1537 1484 1694 1513 Marcellum
1716 1492 1768 1520 pro
1788 1489 1899 1513 assueto
1912 1484 1968 1512 sibi

1180 1539 1256 1560 more
1266 1539 1349 1560 unam
1363 1535 1471 1559 tantum
1488 1531 1650 1567 hypostasin
1670 1531 1698 1558 in
1719 1530 1853 1559 Trinitate
1866 1530 1968 1558 admit-

352 1577 405 1604 373
422 1584 478 1612 quo
500 1577 665 1606 Athanasius
685 1585 701 1606 e
716 1578 784 1606 vivis
809 1578 939 1610 excessit,
966 1578 1163 1613 legationemc
1180 1580 1249 1609 tere,
1277 1577 1343 1612 quia
1369 1576 1518 1603 ὑπόστασιν
1543 1583 1593 1611 pro
1618 1575 1774 1604 substantia
1805 1575 1966 1611 accipiebat.

352 1631 414 1651 esse
430 1623 539 1651 factam.

387 1667 422 1695 Ut
451 1673 542 1696 autem
571 1676 633 1696 cum
663 1669 763 1704 negotii
783 1669 879 1701 series.
901 1673 958 1696 tum
986 1668 1128 1703 legationis

351 1714 496 1750 γνησιάτης
513 1716 632 1749 apertior
650 1715 757 1746 eradat,
774 1715 904 1742 nonnulla
922 1715 966 1741 hic
982 1715 1128 1742 observare

351 1767 443 1794 operm
478 1761 596 1795 pretium
630 1761 722 1788 fuerit.
758 1760 892 1788 Nimirum
924 1767 980 1795 quo
1007 1763 1129 1795 tempore

352 1807 521 1835 Athanasius
545 1812 572 1835 et
586 1807 714 1840 Basilius.
732 1808 824 1835 missis
845 1808 973 1842 utrinque
993 1807 1128 1842 epistolis,

352 1853 386 1878 de
404 1852 486 1880 rebus
508 1852 703 1880 ecclesiasticis
730 1854 856 1888 agebant.
880 1853 986 1880 scilicet
1002 1853 1037 1879 ab
1058 1859 1130 1879 anno

351 1896 404 1923 370
424 1895 457 1923 ad
475 1897 527 1924 5'15
550 1902 672 1924 mutuam
698 1899 762 1925 item
789 1898 938 1926 Athanasio
959 1898 1043 1926 fuisse
1068 1904 1129 1924 cun:

353 1937 475 1974 Epicteto
499 1939 624 1967 Corinthi
647 1945 673 1968 et
701 1940 763 1968 aliis
786 1941 893 1968 Achaiae
913 1946 940 1969 et
966 1942 1131 1970 Macedonia

349 1984 486 2020 episcopis
505 1985 657 2014 litterarum
681 1986 716 2014 dc
738 1986 822 2014 rebus
840 1987 919 2014 ﬁdem
946 1988 1131 2022 spectantibus

352 2029 586 2061 consuetudinem,
611 2035 640 2057 ut
662 2031 689 2058 in
710 2032 824 2066 epistola
845 2032 987 2060 Athanasii
1012 2033 1046 2060 ad
1069 2033 1130 2068 Epi-

351 2079 454 2103 ctetum
468 2075 592 2103 Corinthi
609 2084 681 2103 anno
699 2077 747 2103 571
774 2078 857 2105 missa
878 2077 969 2105 videre
983 2082 1035 2111 est,
1053 2078 1128 2106 itemv

352 2129 405 2155 que
423 2129 455 2148 er
468 2122 550 2149 allato
562 2129 644 2158 supra
663 2121 756 2150 Basilii
771 2123 831 2151 loco
844 2124 1047 2158 comprobatur.
1061 2124 1130 2151 Cum

353 2174 419 2202 ergo
432 2168 494 2194 novi
516 2168 656 2202 quidpiam
677 2168 712 2196 de
736 2168 871 2196 catholica
889 2168 939 2197 fide
957 2169 984 2196 in
1002 2169 1131 2197 Ecclesiis

353 2212 461 2240 Achaiae
486 2219 513 2241 et
536 2213 699 2242 Macedonia:
723 2215 882 2250 agitaretur.
911 2223 956 2242 rcs
985 2216 1076 2243 statim
1098 2216 1131 2243 ad

1180 1621 1239 1654 Qus
1252 1621 1286 1648 de
1302 1628 1333 1647 re
1351 1624 1442 1648 actum
1460 1623 1503 1648 est
1518 1620 1547 1647 iu
1569 1620 1676 1656 synodo
1687 1619 1872 1647 Alexandrina
1891 1626 1969 1646 anno

1180 1666 1243 1698 562,
1259 1666 1305 1693 ubi
1318 1665 1410 1693 allatis
1427 1665 1501 1692 ultro
1521 1666 1650 1700 citroque
1667 1664 1831 1698 rationibus,
1854 1669 1910 1692 tam
1932 1664 1968 1692 iis

1180 1712 1234 1746 qui-
1245 1719 1327 1740 unam
1345 1715 1462 1745 tantum,
1481 1719 1496 1740 e
1510 1719 1627 1747 quorum
1646 1718 1759 1739 numero
1776 1710 1968 1743 Marcelliani;

1180 1765 1261 1794 quam
1277 1758 1310 1786 iis
1324 1758 1370 1793 qui
1385 1762 1442 1786 tres
1452 1759 1614 1793 hypostases
1630 1756 1839 1793 proﬁtebantur,
1855 1759 1890 1784 ιιι
1899 1763 1968 1784 suas

1180 1804 1232 1831 sibi
1248 1803 1381 1831 formulas
1394 1804 1545 1832 retinerent
1561 1810 1724 1831 concessum
1740 1807 1800 1836 est;
1813 1802 1878 1830 dum
1888 1802 1907 1830 ii
1917 1802 1967 1837 qui
1995 1818 1998 1820 λ

1181 1857 1276 1881 unam,
1291 1850 1375 1877 trium
1399 1850 1626 1882 distinctionem;
1647 1849 1666 1877 ii
1681 1857 1747 1877 vero
1770 1849 1818 1884 qui
1843 1852 1900 1876 tres
1917 1848 1962 1883 hy-

1181 1898 1304 1929 postases
1336 1894 1476 1923 dit-ebant.
1508 1894 1639 1920 unitatem
1663 1892 1821 1921 substantit
1855 1891 1966 1927 proﬁte-

1182 1944 1285 1967 rentur.
1305 1938 1362 1968 Sub
1384 1940 1441 1967 haec
1465 1943 1555 1967 autem
1575 1942 1672 1967 contra
1693 1939 1841 1966 Anomoeos
1863 1937 1966 1973 agitor,

1181 1986 1228 2022 qui
1247 1985 1344 2013 Filium
1362 1985 1437 2012 Patri
1460 1984 1632 2017 dissimilem,
1655 1984 1791 2019 Spiritum
1820 1991 1887 2011 vero
1899 1991 1965 2011 san-

1182 2035 1256 2058 ctutu
1270 2034 1424 2058 creaturam
1437 2037 1498 2058 esse
1511 2029 1648 2058 dicebant.
1669 2028 1739 2057 Hinc
1757 2028 1915 2064 proceditur
1929 2028 1966 2056 ad

1181 2083 1279 2103 eorum
1300 2075 1498 2111 repudiandam
1519 2075 1692 2107 sententiam,
1712 2074 1759 2109 qui
1779 2073 1902 2101 dicerent
1916 2072 1966 2101 Fi-

1183 2121 1250 2148 lium
1275 2119 1322 2148 Dei
1346 2120 1374 2148 in
1396 2123 1520 2148 sanctum
1541 2119 1678 2147 hominem
1704 2127 1737 2147 er
1763 2118 1848 2146 Maria
1870 2123 1965 2146 natum

1185 2165 1300 2199 perinde
1318 2169 1400 2199 atque
1415 2165 1442 2192 in
1458 2165 1575 2200 aliquem
1593 2172 1626 2192 es
1643 2164 1782 2200 prophetis
1796 2164 1940 2192 advenisse
1957 2174 1964 2191 :

1184 2217 1265 2246 quam
1279 2209 1396 2238 heresin
1410 2218 1425 2237 a
1444 2209 1530 2237 Paulo
1551 2208 1740 2242 Samosateno,
1761 2213 1792 2237 ut
1806 2209 1965 2245 putabatur.

353 2259 531 2287 Athanasium
544 2259 726 2293 deferebatur,
742 2264 771 2288 ut
787 2261 856 2288 tanti
877 2261 998 2290 doctoris
1010 2262 1132 2289 auctori-
1147 2250 1170 2277 θ
1183 2265 1194 2285 ε

1123 2277 1132 2284 .
1147 2250 1170 2277 Ῑ)
1183 2261 1288 2290 ortam,
1309 2263 1404 2292 postea
1424 2255 1619 2292 redintegravit
1640 2255 1794 2288 Nestorius,
1809 2264 1863 2292 qua
1882 2256 1917 2284 de
1935 2263 1964 2283 re

353 2309 418 2337 tate,
429 2305 453 2333 si
467 2305 532 2340 quid
547 2306 610 2334 novi
626 2313 642 2333 a
653 2307 808 2334 temerariis
823 2307 986 2340 hominibus,
1001 2308 1048 2343 qui
1064 2308 1132 2335 bene

354 2351 433 2378 multi
451 2352 497 2378 illa
521 2357 680 2388 tempestate
698 2357 789 2384 erant,
809 2353 883 2380 circa
900 2353 1003 2382 Christi
1029 2354 1132 2382 doctri-

354 2403 416 2423 nam
435 2395 603 2432 proferretur
622 2397 650 2424 in
668 2397 786 2425 medium
803 2406 811 2431 ;
838 2398 930 2425 statim
948 2398 989 2425 vel
1011 2399 1132 2434 compri-

354 2446 485 2473 meretur.
512 2442 551 2469 rel
576 2442 775 2474 confutaretur,
801 2451 836 2471 ne
863 2444 1001 2480 vulgatum
1030 2444 1132 2471 malum

353 2485 436 2514 latius
452 2491 583 2521 serperet.
599 2486 637 2515 Ne
658 2489 752 2520 nauita.
772 2489 844 2516 inter
866 2490 1008 2524 episcopos
1023 2490 1132 2517 Achaia:

351 2534 379 2558 et
399 2531 579 2560 Athanasium
603 2535 671 2560 mira
695 2538 757 2561 erat
784 2535 916 2562 doctrinte
940 2540 967 2562 et
991 2536 1132 2571 religionis

352 2578 542 2605 consonantis.
554 2577 623 2605 Cum
636 2587 701 2615 ergo
715 2579 858 2608 Marcellus
878 2588 907 2609 se
923 2589 937 2607 a
956 2580 1068 2613 Basilio,
1084 2583 1131 2616 qui

353 2623 417 2650 item
445 2631 542 2660 magna
569 2629 628 2652 erat
650 2625 723 2660 apud
751 2626 930 2654 Athanasium
957 2628 1129 2659 auctoritate.

352 2670 452 2698 acriter
476 2670 628 2706 impetitum
644 2676 782 2702 cerneret.
805 2679 837 2700 ac
861 2673 1010 2708 instigante
1028 2672 1130 2701 Basilio

352 2722 382 2743 se
397 2715 432 2743 ab
451 2716 601 2745 Athanasio
615 2717 800 2746 damnandum
816 2718 874 2746 fore
893 2720 1085 2754 prospiceret;
1101 2723 1132 2747 ut

353 2760 421 2786 tanti
445 2762 559 2796 periculi
580 2762 690 2794 molem,
706 2763 896 2798 episcoporum
910 2764 1020 2792 Achaiae
1033 2768 1061 2792 et
1077 2763 1133 2791 Ma-

352 2804 473 2834 cedonia
499 2807 746 2839 con-mendatione,
774 2808 937 2841 declinaret.
963 2809 1071 2836 litteras
1098 2808 1134 2836 ab

1185 2302 1278 2337 gravia
1300 2302 1327 2329 in
1348 2301 1458 2329 Oriente
1477 2300 1591 2329 dissidia
1609 2301 1726 2341 excitata
1747 2305 1835 2329 sunt:
1854 2301 1964 2328 demum

1184 2347 1313 2375 damnata
1341 2347 1417 2374 Pauli
1441 2345 1610 2374 Samosateni
1631 2350 1659 2374 et
1684 2345 1793 2374 Pbotinl
1813 2346 1963 2382 impietate.

1184 2392 1321 2420 clauditur
1339 2392 1402 2420 fidei
1418 2391 1544 2424 formula,
1558 2399 1612 2427 qua
1630 2392 1732 2420 nulla
1751 2396 1850 2428 quarto
1863 2393 1965 2420 saeculo

1186 2437 1393 2465 Iuculentiorem
1403 2457 1411 2469 ,
1429 2437 1545 2472 fideique
1562 2436 1710 2465 Catholica
1723 2437 1962 2473 congruentiorem

1184 2491 1315 2518 repertas.

1251 2528 1290 2553 ιν.
1303 2529 1340 2554 De
1350 2527 1569 2559 sobscriptionibus
1579 2528 1748 2560 .mptiornm
1758 2529 1900 2560 prauum.

1219 2579 1276 2607 Hac
1295 2579 1367 2608 edita
1384 2579 1574 2611 confessione,
1587 2584 1711 2608 oratores
1730 2579 1963 2607 commendantis:

1185 2626 1289 2653 litteras
1304 2625 1339 2653 ab
1352 2625 1503 2653 Athanasio
1514 2626 1653 2661 postulant
1665 2627 1876 2662 impetrantque.
1894 2626 1963 2653 Tum

1184 2672 1349 2700 Athanasius
1369 2672 1526 2707 ceterique,
1539 2671 1586 2707 qui
1605 2671 1751 2699 conventui
1771 2669 1961 2702 interfuerant.

1185 2717 1247 2745 ﬁdei
1270 2717 1468 2752 professionem
1492 2716 1630 2752 suffragiis
1644 2722 1671 2745 et
1690 2717 1893 2752 subscriptione
1914 2725 1963 2745 sua

1185 2763 1322 2791 muniunt.
1341 2761 1387 2790 lite
1400 2770 1483 2798 porro
1503 2763 1718 2798 subscriptiones
1740 2762 1842 2790 mutii:
1860 2762 1895 2789 ad
1913 2769 1962 2789 nos

1185 2808 1371 2842 devenerunt;
1391 2809 1429 2836 ita
1449 2812 1478 2836 ut
1493 2809 1634 2836 Athanasii
1652 2815 1764 2842 nomen,
1777 2808 1851 2845 quod
1864 2807 1962 2836 anfra-

379 2883 420 2918 (2)
436 2882 520 2920 Epist.
539 2885 582 2914 75.
604 2885 670 2914 Vide
687 2886 750 2913 item
761 2887 842 2920 epist.
861 2886 1000 2914 Athanasii
1017 2885 1052 2914 ad
1066 2885 1219 2920 Epictetum
1234 2886 1367 2915 Corinthi.
