2131 3167
198 200 265 230 1291

813 204 985 234 HARCELLI
1000 204 1175 234 ANCYHANI

1736 209 1802 238 ms

197 258 250 295 giis
268 258 339 286 haud
351 259 432 287 dubie
442 261 612 296 pmmissum
629 261 728 296 fuerat.
740 271 795 292 non
810 269 977 300 cornpareat.
992 267 1016 295 Λ
1029 272 1080 292 non
1096 270 1185 293 tamen
1206 266 1313 295 licuisse
1336 269 1406 296 nobis
1427 269 1492 303 ipsis
1509 277 1563 296 rem
1587 269 1656 295 tanti
1680 274 1802 296 momenti

198 309 370 342 quatuorque
394 311 498 337 tantum
520 308 667 342 praesulum
695 310 807 338 nomina
825 311 976 346 supersint.

198 350 306 379 Primus
329 355 372 380 est
392 351 550 380 Tbcodulus
573 352 733 390 Oxyrinrhi.
751 356 831 391 cuius
850 356 978 392 nuspiam

200 398 333 426 memoria
362 399 493 426 occurrit.
522 399 598 428 Alter
619 404 678 434 est.
705 400 804 432 Plenes
831 403 979 438 episcopus

199 443 358 477 Hermothi.
380 444 438 472 sive
454 444 604 479 Hormethi.
624 447 649 474 is
666 447 735 483 ipse.
753 451 784 476 ut
799 449 918 481 videtur.
931 448 979 484 qui

200 490 236 518 ab
255 490 411 519 Alexandro
431 491 586 524 ordinatus.
603 492 639 521 ab
651 493 761 522 Arianis
777 494 805 523 in
819 494 979 523 Ammonia-

200 543 261 565 cam
284 537 421 572 relegatus
446 537 533 565 fuerat
561 546 634 567 anno
652 539 716 572 358.
737 541 840 577 quique
863 540 921 576 jam
951 541 979 568 in

200 582 361 617 episcopatu
393 589 585 613 consenuerat.
617 583 728 614 Tertius
762 590 807 614 est
839 585 981 622 lschyrion

200 627 346 662 episcopus
361 625 476 660 Leonta,
493 629 551 657 sive
561 629 737 666 Leontopolis
753 640 759 658 :
777 630 850 659 idem
864 630 981 660 fortasse

201 672 249 707 qui
269 672 297 699 in
311 672 418 707 synodo
434 672 514 709 Tyria
537 681 649 704 causam
667 675 812 704 Athanasii
833 670 898 704 cum
919 677 982 705 aliis

203 716 338 753 Egyptlis
355 719 517 753 praesulibus
531 724 642 748 strenue
654 721 750 756 gessit.
765 721 923 750 Postremus
939 726 982 751 est

202 762 279 790 Isaac
298 763 455 799 episcopus.
473 763 560 796 Cuius
577 765 699 794 nominis
716 766 828 802 quidam
846 767 983 802 reperitur

202 809 275 836 inter
287 806 427 844 Egyptios
444 811 588 845 episcopos
610 810 639 838 in
658 810 906 848 subscriptionibtta
917 811 983 840 Sar-

202 851 371 881 dicenaibus.
385 853 438 881 Alii
451 854 659 883 interciderunt.

406 929 436 955 ν.
448 930 495 960 Qui
503 930 578 957 fuerit
587 933 682 965 negotii
692 933 782 960 exitiis.

238 1000 297 1028 lam
311 1008 377 1030 vero
391 1005 487 1036 restat.
501 1006 532 1031 ut
548 1003 596 1039 qui
610 1005 679 1032 tanti
700 1006 803 1041 negotii
820 1007 910 1037 exitus
924 1008 984 1037 fue—

205 1048 238 1074 rit
255 1048 419 1083 aperiamus.
437 1049 603 1078 Athanasius
613 1058 686 1079 anno
700 1051 753 1080 575
762 1052 908 1083 defunctus
922 1060 981 1082 est:

205 1093 350 1121 Marcellus
373 1101 439 1122 vero
462 1095 586 1130 sequenti
600 1096 653 1124 374
673 1100 703 1124 ut
717 1097 821 1126 dictum
845 1103 898 1126 est.
919 1098 985 1128 Post

204 1137 269 1172 ejus
279 1137 394 1170 obitum.
418 1138 502 1173 paulo
524 1143 670 1176 antequam
684 1140 718 1169 de
739 1139 865 1170 Marcello
879 1143 981 1172 scribe-

205 1187 246 1209 ret
260 1181 437 1218 Epiphanius.
456 1191 519 1212 nam
539 1192 598 1213 rem
628 1186 674 1214 ille
688 1187 833 1215 admodum
850 1195 983 1224 noperam

205 1237 267 1257 esse
290 1229 462 1263 testiﬁcatur,
476 1231 587 1266 quidam
602 1231 738 1268 Ancyrani
753 1241 787 1262 ex
802 1233 920 1263 Marcelli
941 1236 984 1265 di-

205 1275 328 1309 scipulis.
352 1274 448 1304 Patres
471 1275 646 1306 Diocasaree
670 1286 720 1315 pro
749 1279 801 1307 de
829 1281 984 1312 easulantes

206 1320 350 1355 adierunt;
379 1321 506 1351 videlicet
531 1322 679 1357 Photinus,
709 1324 887 1359 Eustathius.
915 1327 985 1355 alter

206 1366 355 1400 Photinus.
382 1367 514 1403 Sigerius,
540 1369 710 1405 presbyteri;
739 1370 862 1407 Hyginus
894 1372 985 1401 diaco-

205 1420 275 1445 nos.
300 1413 456 1442 Heraclides
482 1413 682 1447 subdiaconus.
708 1415 839 1451 Cyriacus
867 1418 984 1453 προστά-

205 1465 266 1494 της,
277 1459 304 1494 id
315 1462 367 1491 est.
383 1463 516 1495 patronus
529 1460 573 1488 vel
582 1460 720 1494 defensor,
733 1462 902 1497 prolatisque
913 1471 985 1490 com-

206 1503 373 1532 mendatitiis
396 1509 425 1532 et
442 1505 695 1534 communicatoriis
721 1506 862 1534 Athanasii
887 1507 985 1536 litteris

206 1556 276 1584 quas
297 1557 313 1576 a
330 1549 427 1585 legatis
443 1550 591 1585 postulatae
607 1550 820 1586 impetratasque
835 1559 918 1587 supra
932 1560 987 1580 me-

1026 312 1192 344 pemiltere;
1214 313 1260 340 sed
1280 315 1427 347 oportuisse
1440 323 1529 342 eorum
1547 315 1591 349 qui
1609 319 1663 341 tam
1683 315 1711 341 in
1730 314 1792 342 Occi

1027 355 1113 388 dente.
1136 364 1214 392 quam
1231 358 1260 384 in
1279 357 1386 386 Oriente
1400 364 1491 386 uestra
1509 359 1698 387 cnnrnunionis
1717 363 1794 386 erant

1026 402 1144 430 calculos
1166 406 1193 430 et
1215 404 1371 431 sententiam
1394 405 1466 432 circa
1489 406 1677 432 restitutionem
1700 404 1799 432 illotus

1026 453 1187 482 exspectare.
1208 447 1271 477 Haec
1297 449 1434 483 Basilius;
1462 451 1504 478 vel
1528 450 1655 486 ignorans
1678 457 1722 482 ea.
1745 456 1804 485 qua

1027 491 1199 520 Alexandrina
1222 492 1250 520 in
1273 493 1388 528 gratiam
1406 494 1523 522 blarcelli
1543 498 1571 522 et
1591 495 1756 522 asseclarum
1773 493 1805 521 ab

1028 537 1178 566 Athanasio
1193 542 1269 574 gesta
1289 538 1413 572 fuerant;
1429 540 1480 571 vel,
1498 544 1528 567 ut
1541 547 1605 568 vero
1619 539 1745 571 similius,
1766 546 1795 566 ra

1028 587 1074 612 tus
1090 583 1247 612 Marcellum
1272 587 1300 612 et
1326 583 1514 613 Marcellianos
1539 585 1566 612 in
1590 584 1652 612 fidei
1671 584 1805 616 formulis.

1028 636 1099 664 quas
1122 628 1272 657 Athanasio
1297 632 1325 657 et
1352 629 1610 659 Diocssaricnsibus
1634 630 1805 662 obtulerant.

1029 673 1145 702 subdole
1157 677 1184 702 ct
1200 674 1387 704 fraudulenter
1400 677 1498 712 egisse.
1520 676 1577 704 Etsi
1591 683 1655 704 vero
1674 675 1803 703 Diocesa-

1029 718 1161 746 riensium
1177 717 1212 746 ad
1225 718 1355 746 Basilium
1371 727 1532 754 responsum
1550 727 1682 755 nusquam
1698 727 1801 755 compa-

1029 767 1107 798 reat.
1129 771 1191 792 cum
1212 764 1294 792 rebus
1309 765 1387 800 ipsis,
1408 769 1465 792 tum
1483 766 1710 801 subsequentibus
1725 766 1807 801 gestis

1029 810 1222 844 suadentibus.
1248 811 1420 846 exploratum
1450 811 1564 844 videtur.
1585 811 1808 840 Diocaasarienses

1032 855 1137 889 Basilio
1148 856 1302 892 reposuisse
1317 866 1325 884 :
1338 864 1394 885 non
1411 857 1521 886 licuisse
1535 858 1585 886 sibi
1603 857 1646 889 iis.
1659 857 1706 892 qui
1715 863 1808 883 omnes

1033 901 1161 930 Marcello
1179 902 1326 930 sttributos
1338 910 1448 930 errores
1475 902 1692 938 proscripserant
1702 900 1805 928 anathe

1033 954 1158 983 maleque
1168 947 1342 980 damnarant.
1357 949 1460 984 quique
1477 948 1592 984 symboli
1609 947 1711 975 Niczeni
1730 946 1809 974 fidem

1031 993 1158 1029 professi.
1181 995 1294 1029 insuper
1307 1001 1323 1022 a
1341 1001 1439 1029 magno
1455 994 1501 1022 illo
1521 993 1670 1021 Athanasio
1686 993 1802 1028 aliisque

1032 1036 1167 1074 Egyptiis
1183 1039 1318 1075 episcopis
1341 1040 1442 1075 recepti
1465 1039 1630 1074 admissique
1649 1039 1765 1070 fuerant.
1781 1041 1810 1065 ut

1031 1083 1152 1119 ejusdem
1169 1083 1310 1113 Athanasii
1321 1084 1418 1113 litterze
1435 1084 1514 1113 fidem
1533 1084 1677 1116 faciebant,
1690 1091 1810 1112 commu-

1033 1129 1142 1157 nionem
1169 1130 1384 1158 ecclesiasticam
1406 1130 1550 1166 denegare.
1574 1129 1622 1158 liis
1641 1130 1761 1159 demum.
1780 1133 1811 1157 ut

1031 1175 1144 1204 credens
1167 1179 1221 1208 est.
1244 1175 1385 1211 mitigatus
1415 1175 1554 1209 Basilius,
1579 1176 1643 1204 licet
1666 1183 1752 1212 aegre,
1777 1176 1811 1203 ad

1033 1219 1221 1249 Itareellianos
1233 1221 1403 1256 recipiendos
1417 1222 1537 1249 animum
1552 1221 1665 1257 appulit.
1677 1229 1709 1249 ea
1720 1225 1810 1249 tamen

1032 1266 1159 1294 cautione
1169 1271 1239 1294 utne
1245 1266 1383 1295 videretur
1388 1274 1419 1295 se
1431 1267 1464 1295 ad
1471 1267 1658 1295 Marcellianos
1664 1267 1811 1295 accessisse

1033 1311 1081 1339 sed
1097 1311 1287 1340 Marcellianos
1298 1311 1326 1339 in
1340 1311 1491 1340 Ecciesiam
1506 1312 1552 1340 Dei
1573 1312 1700 1339 reductos
1716 1311 1809 1340 fuisse.

1033 1355 1096 1384 Haec
1108 1356 1209 1392 quippe
1225 1357 1323 1386 scribit
1338 1357 1430 1392 (epist.
1441 1358 1505 1391 Sil)
1522 1357 1555 1385 ad
1572 1357 1678 1384 Petrum
1696 1356 1812 1384 Alexan-

1032 1401 1142 1430 drinum
1157 1403 1319 1438 praesulem:
1330 1402 1463 1435 Πολλάκις
1475 1401 1521 1431 οὖν
1533 1402 1655 1438 ὰχληθεὶς
1672 1402 1747 1438 παρὰ
1760 1402 1813 1430 τῶν

1033 1447 1170 1479 Γαλατῶν.
1194 1448 1321 1475 οὐδέποτε
1342 1448 1478 1484 ἠδυνήθην
1501 1448 1592 1480 αὐτοῖς
1618 1448 1812 1483 ἀποκρίνασθαι

1033 1492 1175 1528 ἀναμένων
1201 1493 1253 1525 τὰς
1279 1494 1415 1530 ὑμετέρας
1442 1494 1592 1530 ἐπικρίσεις
1619 1492 1811 1530 {inexplorate}.

1035 1537 1091 1563 Καὶ
1104 1536 1161 1568 νῦν,
1173 1536 1220 1564 ἑὰν
1236 1538 1250 1564 6
1261 1537 1363 1573 Κύριος
1375 1537 1422 1573 δῷ,
1435 1539 1481 1565 καὶ
1494 1537 1641 1574 θελήσωσιν
1652 1546 1732 1574 avaro)
1739 1537 1813 1566 έσθαι

207 1581 656 1629 minimus.'ﬁdeiIconfessionem
680 1597 764 1625 edunt
775 1581 831 1633 ’(ίὶ,
850 1581 895 1625 cui
912 1605 985 1634 sym-
998 1592 1021 1622 α

969 1611 985 1623 ‘_
998 1592 1021 1622 α
1037 1581 1125 1617 ἡμῶν,
1142 1581 1287 1618 ἐλπίζομεν
1301 1583 1346 1610 τὸν
1359 1584 1423 1611 λαὸν
1438 1584 1582 1620 προσάξειν
1595 1586 1628 1619 τῇ
1649 1584 1810 1620 Ἐκκλησιᾳ·

207 1641 298 1669 bolum
318 1641 456 1669 Nicenum
478 1641 654 1669 subuectant.
673 1641 721 1669 Est
744 1646 834 1669 autem
849 1642 986 1671 confessio

208 1693 262 1714 non
279 1686 411 1714 absimilis
437 1686 462 1714 ei
481 1693 562 1722 quam
583 1686 731 1714 Athanasio
746 1687 901 1714 obtulerant
916 1697 923 1715 :
939 1695 986 1715 ve-

208 1740 269 1759 rum
284 1732 313 1760 in
326 1732 378 1759 hac
390 1732 501 1766 diserte.
515 1733 579 1768 τρια
590 1732 734 1768 πρόσωπα,
755 1733 814 1760 sive
826 1736 882 1760 tres
897 1740 988 1768 perso—

208 1785 258 1807 nas
281 1777 309 1805 in
335 1776 468 1806 Trinitate
487 1777 661 1811 confitentur.
681 1777 752 1813 quod
770 1785 838 1805 sane
864 1778 987 1813 magistri

208 1822 251 1849 sui
271 1821 391 1849 Marcelli
414 1821 534 1857 opinioni
549 1822 672 1856 apprime
687 1825 821 1849 consonat
836 1830 843 1849 :
858 1829 921 1848 nam
943 1821 988 1848 ille

208 1867 294 1896 Deum
316 1868 517 1904 rpmpdmrm.
534 1867 592 1896 sive
608 1867 813 1902 tripersonalem
829 1874 891 1895 esse
910 1866 986 1899 dicit,

209 1921 263 1949 qua
277 1913 312 1941 de
335 1921 365 1942 re
387 1917 533 1941 accusatus
555 1913 591 1941 ab
612 1912 729 1941 Eusebio
746 1913 834 1941 fuerat
852 1922 858 1940 :
879 1919 988 1941 errores

208 1965 274 1986 vero
296 1957 476 1986 Narceliianis
491 1959 626 1994 ascriptos
642 1959 815 1987 anathemate
844 1959 986 1986 damnant.

210 2003 258 2031 llis
270 2003 424 2039 conspectis
437 2002 662 2032 Dioctesarienses
676 2004 856 2037 confcssores,
870 2005 917 2040 qui
932 2005 990 2040 pie-

210 2049 287 2084 rique
303 2057 399 2078 omnes
412 2050 561 2078 Athanasio
577 2050 724 2078 familiares
736 2051 853 2082 fuerant.
867 2051 942 2086 ipsos
954 2051 988 2078 ad

209 2095 428 2123 communionem
451 2095 597 2130 recipiunt.
621 2096 657 2123 At
681 2095 798 2124 Basilius
815 2096 906 2132 (epist.
925 2096 988 2131 295)

209 2141 348 2169 ardentior
368 2139 560 2169 ecciesiasticm
573 2141 634 2168 fidei
657 2140 827 2169 vindicandae
850 2141 987 2176 cupidine.

209 2187 274 2221 quia
289 2186 373 2214 semel
385 2191 546 2221 conceptam
567 2186 602 2213 de
625 2185 744 2213 Marcelli
767 2187 908 2222 impietate
929 2187 990 2222 opi-

210 2233 319 2260 nionem
338 2232 382 2260 vis
399 2232 509 2260 missam
532 2232 622 2261 facere
637 2236 754 2268 poterat.
770 2239 832 2260 cum
853 2231 990 2260 Diocesa-

210 2278 348 2306 riensilms
377 2278 501 2313 patribus
522 2286 577 2306 non
602 2278 698 2306 leviter
723 2278 888 2312 expostulat.
914 2277 987 2313 quod

210 2323 399 2351 llarceliianos
426 2323 461 2350 ad
487 2325 708 2352 communionem
737 2323 898 2351 inconsultis
929 2323 990 2351 aliis

212 2369 349 2404 episcopis
363 2368 522 2396 admiserint
537 2378 544 2396 :
560 2369 599 2397 ait
614 2372 678 2397 vero
691 2379 697 2396 :
713 2369 787 2401 Τέως
814 2368 843 2395 δὲ
859 2368 906 2395 νῦν
922 2377 989 2395 κατ-

211 2414 343 2447 αξιώσατι
369 2415 434 2449 ἡμῖν
455 2414 612 2442 duco-tenet
628 2415 678 2447 τὰς
692 2415 854 2450 προτάσεις,
879 2414 921 2449 ἐφ’
946 2411 990 2445 αἷς

211 2458 337 2491 ἐδέξασθε
356 2460 419 2491 τοὺς
444 2459 621 2496 Μαρκέλλου·
639 2461 726 2487 ἐκεῖνο
741 2460 850 2492 ειδότες,
871 2460 922 2492 ὅτι,
938 2460 990 2487 κᾶν

212 2504 282 2530 πάνυ
301 2501 333 2530 τὶ
349 2503 409 2530 καθ’
424 2504 537 2535 ἑαυτοὺς
557 2504 753 2540 depellamus,
772 2505 863 2540 μόνοις
885 2505 991 2535 ἑαυτοῖς

211 2549 354 2584 ἐπιτρέψαι
369 2550 484 2589 πρᾶγμ
502 2550 627 2577 τοσοῦτον
642 2552 693 2577 οὐκ
706 2550 840 2584 ὀφείλετε·
859 2550 925 2576 ἀλλὰ
938 2550 990 2585 χρὴ

212 2594 261 2621 sui.
273 2594 337 2626 τοὺς
358 2595 389 2621 ἰν
404 2597 437 2630 τῇ
461 2595 545 2628 δύσει,
565 2597 612 2622 καὶ
627 2596 690 2628 τοὺς
712 2596 782 2624 κατὰ
797 2595 846 2632 τὴν
861 2595 991 2631 ἀνατολὴν

213 2640 387 2672 κοινωνικοϋς
412 2641 574 2676 συμψήφους
597 2641 686 2668 αὐτῶν
710 2644 743 2678 τῇ
772 2642 991 2669 ἁποκαταστάσει

213 2685 354 2720 γενέσθαι·
382 2685 410 2713 id
433 2692 475 2714 est
490 2696 498 2714 :
515 2687 560 2714 γει
581 2695 650 2714 nunc
672 2688 765 2715 saltent
790 2687 865 2715 nobis
890 2688 993 2715 mittere

212 2731 355 2766 dignemini
370 2731 484 2758 rationes
501 2737 528 2758 et
542 2740 647 2765 causas.
661 2732 756 2768 quibus
775 2732 811 2759 ad
833 2732 992 2768 recipiendas

216 2776 335 2803 Marcelli
352 2777 468 2812 gregales
489 2776 588 2805 inducti
601 2778 663 2805 estis
679 2786 688 2805 :
703 2787 755 2806 non
778 2779 870 2810 nescii.
886 2779 993 2806 etiamsi

216 2831 256 2852 res
274 2827 372 2851 uestras
395 2827 452 2850 toto
469 2828 494 2850 et
512 2823 676 2853 considerata
695 2825 819 2852 statuisse
841 2824 991 2857 videamini,

252 2890 291 2922 fl)
309 2889 441 2921 Eoishan.
459 2897 485 2921 o.
501 2889 563 2918 845.

1036 1627 1074 1659 ὡς
1084 1627 1120 1663 μὴ
1128 1628 1224 1660 αὐτοὺς
1238 1629 1310 1664 ἡμᾶς
1322 1629 1496 1662 ὀνειδίζεσθαι
1504 1630 1713 1666 Μαρκελλιανοτς
1728 1638 1814 1666 προσ-

1037 1674 1232 1709 κιχωρηκέναι,
1249 1674 1305 1701 ἀλλ’
1327 1675 1447 1707 ἐκείνους
1465 1675 1531 1711 μέλη
1552 1675 1676 1710 γενέσθαι
1691 1675 1737 1703 τοῦ
1764 1675 1814 1703 σώ-

1039 1727 1123 1754 ματος
1139 1719 1189 1755 τῆς
1218 1719 1380 1756 Ἐκκλησιας
1395 1720 1442 1748 eo?)
1458 1720 1575 1756 Χριστοῦ
1585 1730 1591 1736 -
1615 1721 1684 1748 ὥστε
1702 1721 1747 1749 τὸν
1763 1730 1814 1748 πο-

1036 1765 1116 1801 νηρὸν
1133 1765 1215 1801 ψόγον
1234 1766 1280 1793 -ιδν
1300 1767 1550 1794 κατασχεδασθέντιι
1570 1767 1602 1795 ἐκ
1626 1768 1672 1804 τῆς
1686 1768 1815 1803 alpini»;

1036 1811 1289 1847 ὲναιφιινιιτθῆναιιτῖὶ
1305 1812 1426 1848 ἡμετέρᾳ
1438 1812 1597 1849 προσλήψει,
1620 1814 1666 1840 καὶ
1688 1814 1725 1850 μὴ
1741 1814 1815 1849 ἡμᾶς

1037 1857 1264 1893 καταισχυνθῆναι
1277 1858 1315 1890 ὡς
1335 1859 1544 1894 προσθεμένους.
1558 1859 1652 1887 Graeca
1666 1858 1762 1887 afferre
1774 1860 1815 1887 vi—

1037 1911 1097 1931 sum
1110 1909 1161 1935 est.
1182 1904 1246 1939 quia
1268 1903 1382 1939 insignis
1406 1904 1450 1931 hic
1469 1904 1546 1932 locus
1568 1911 1583 1931 a
1601 1903 1707 1931 Micrzeo
1729 1905 1814 1932 inter-

1037 1951 1113 1983 prete
1124 1952 1287 1984 praepostac
1297 1956 1392 1976 versus
1404 1948 1492 1977 fuerat
1506 1959 1512 1977 :
1531 1950 1572 1977 sic
1591 1957 1642 1977 nos
1656 1949 1813 1978 reddimus:

1039 1991 1140 2020 Calatis
1157 1993 1304 2028 frequenter
1322 1998 1346 2021 et
1365 1994 1470 2022 moleste
1485 1994 1647 2029 urgentibus.
1666 1994 1751 2021 adhuc
1764 2002 1815 2021 non

1037 2039 1111 2072 potui
1122 2038 1265 2074 quidquam
1285 2039 1448 2073 responderit.
1469 2039 1538 2076 quod
1559 2044 1669 2067 vestram
1685 2044 1816 2074 exspecta-

1039 2093 1092 2112 rem
1106 2085 1309 2120 responsionem.
1327 2084 1404 2112 Nunc
1417 2090 1520 2122 autem,_
1529 2087 1552 2113 si
1570 2087 1663 2121 faverit
1677 2086 1815 2120 Dominus,

1039 2131 1162 2166 nobisque
1180 2131 1231 2165 ipsi
1247 2131 1368 2166 morigeri
1387 2139 1443 2158 esse
1460 2132 1547 2164 velint,
1562 2140 1696 2166 speramus
1709 2140 1756 2159 nos
1767 2139 1816 2166 po-

1039 2177 1129 2212 pulant
1144 2177 1172 2203 in
1189 2176 1335 2204 Ecclesium
1357 2175 1510 2204 reducturos
1531 2185 1604 2209 esse;
1626 2182 1654 2204 ut
1671 2186 1703 2205 ne
1715 2178 1815 2211 possint

1040 2224 1107 2251 illud
1123 2224 1199 2252 nobis
1213 2223 1383 2258 exprobrare,
1398 2232 1445 2251 nos
1462 2223 1496 2250 ad
1513 2222 1745 2252 Marcellianarum
1758 2232 1817 2258 per.

1041 2274 1078 2296 tes
1094 2269 1251 2301 accessisse;
1261 2268 1305 2296 sed
1315 2276 1372 2296 vere
1381 2267 1487 2296 dicatur
1495 2268 1555 2296 illos
1568 2269 1684 2296 membra
1698 2277 1816 2303 corporis

1040 2313 1162 2341 Ecclesirc
1169 2312 1267 2341 Christi
1275 2314 1358 2348 factos
1363 2322 1433 2345 esse;
1442 2314 1480 2341 ita
1486 2318 1514 2341 ut
1522 2316 1719 2349 circumquaque
1725 2322 1818 2349 sparsa

1039 2361 1165 2387 htcrereos
1175 2359 1249 2387 illius
1256 2359 1378 2394 infamia.
1386 2367 1431 2394 per
1444 2368 1533 2387 eorum
1540 2360 1575 2387 ad
1583 2368 1630 2387 nos
1645 2361 1817 2388 accessionem

1040 2406 1274 2441 admitsionemque
1281 2405 1313 2432 de
1322 2406 1405 2433 medio
1417 2406 1535 2437 tollatur.
1545 2414 1625 2441 neque
1634 2415 1680 2434 nos
1694 2411 1817 2441 tanquam

1041 2451 1075 2478 ad
1087 2456 1174 2486 partes
1188 2459 1277 2478 eorum
1290 2451 1452 2483 accedentes.
1466 2451 1565 2485 pudore
1578 2460 1608 2479 ac
1622 2452 1746 2479 dedecore
1761 2453 1818 2487 αρε-

1040 2496 1153 2523 ciamur.
1168 2495 1230 2523 Haec
1237 2496 1369 2528 conditio,
1377 2496 1422 2524 hic
1437 2496 1534 2524 modus
1551 2504 1566 2524 a
1582 2497 1681 2524 Basilio
1694 2504 1743 2532 pro
1752 2496 1819 2526 lia:-

1041 2542 1164 2569 ceilianis
1181 2540 1347 2576 recipiendis
1370 2541 1535 2577 propositus.
1559 2545 1586 2569 ut
1601 2541 1681 2569 Petro
1703 2541 1820 2569 Alexan-

1041 2585 1120 2613 drino
1143 2585 1284 2613 Athanasii
1299 2586 1463 2618 successori.
1493 2591 1522 2614 ut
1549 2586 1693 2614 verisimile
1714 2591 1766 2618 est.
1793 2591 1819 2614 et

1042 2630 1233 2663 Marcellianis,
1252 2630 1300 2665 qui
1324 2638 1419 2666 pacem
1440 2635 1466 2658 et
1489 2631 1706 2658 communionem
1729 2635 1819 2659 tanto-

1042 2682 1106 2710 pere
1128 2675 1296 2710 llagitabant.
1314 2679 1458 2710 pergratus
1473 2683 1574 2711 perque
1593 2676 1731 2711 iucundus
1759 2676 1819 2704 fuit.

1042 2720 1110 2748 Nam
1126 2721 1177 2749 sub
1187 2721 1244 2749 haec
1259 2722 1333 2749 nulla
1343 2721 1378 2749 de
1391 2721 1518 2749 Marcello
1526 2722 1568 2749 vel
1582 2722 1693 2750 asseciis
1707 2723 1821 2757 quaestio

1043 2767 1172 2795 occurrit.
1189 2766 1266 2795 Hunc
1284 2767 1420 2801 ordinem.
1437 2771 1463 2795 et
1478 2768 1581 2796 exitum
1597 2767 1762 2796 Marcelliani
1777 2772 1821 2796 tu-

1043 2814 1148 2842 multus
1160 2812 1245 2842 fuisse
1259 2820 1363 2841 uiscum
1382 2814 1463 2849 spero
1477 2813 1634 2842 fatebuntur
1647 2813 1755 2842 eruditi.
