2131 3167
208 186 276 216 1309

940 184 974 213 IN
993 183 1130 222 ωλι

1758 194 1828 223 ﬁlo

205 252 303 274 ικτικα
322 245 392 283 μέρη
409 254 455 274 του
474 253 573 277 παντος
594 245 705 280 κόσμου,
729 245 842 281 οὐρανὸν
853 243 933 271 αὐτόν
946 251 993 272 τον

1006 248 1031 275 Α
1047 243 1093 272 Dei
1118 253 1260 275 sermones
1275 252 1409 277 convocat
1429 250 1578 286 propheta,
1604 252 1704 281 emtum
1721 252 1828 282 scilicet

205 292 254 325 τάς
264 292 338 325 θείας
349 292 476 329 δυνάμεις
488 290 666 328 ἀπειληφότα,
677 291 723 318 καὶ
731 291 817 326 γῆντδ
824 290 879 318 τῶν
885 291 990 326 θνητῶν

205 338 372 375 οίκητήριον·
394 339 442 366 καὶ
457 335 564 374 ούρανῷ
586 337 635 372 μὲν
657 336 776 369 ἀκούειν,
795 337 830 372 γῇ
851 336 880 363 δὲ
899 336 992 364 ἐνωτί-

207 380 300 416 ζισθαι
319 382 550 420 παρακελεύεται,
567 381 600 408 δι’
613 381 701 408 αὐτῶν
716 381 766 413 τάς
784 381 898 416 ἀφανεῖς
912 381 992 408 δυνά-

209 435 269 463 μεις
302 428 332 454 ὲν
360 427 453 460 αὐτοῖς
476 425 702 461 ἀνακαλούμενος.
730 426 786 452 Καὶ
820 426 878 461 μετ’
902 424 990 459 ὀλίγα,

206 471 299 508 ὶπιιδὴ
318 471 430 509 κέντρον
454 471 564 507 μνήμης
584 470 771 507 παρασχέσθαι
794 471 884 502 αὐτοῖς
908 470 990 505 ήὸού-

205 518 266 546 λιτο
273 517 329 546 τῶν
339 516 492 554 λεγομένων
502 517 517 543 ό
528 517 679 552 προφήτης,
690 517 838 551 ἀναγκαῖον
849 515 894 543 τοῦ
906 517 990 551 οὐρα-

142 582 146 585 -
205 565 252 592 νοῦ
262 565 309 592 καὶ
321 564 373 600 γῆς
386 562 536 599 μαρτυρίαν
549 562 765 600 παραλαμϐάνει·
778 563 832 595 ἴνα,
844 563 895 590 κᾶν
904 563 989 598 λήθην

205 610 369 646 ποιήσωνται
384 607 440 635 τῶν
454 607 602 644 λεχθέντων
618 607 692 644 παρὰ
711 607 759 635 τοῦ
779 608 928 644 προφήτου,
945 607 990 633 οὐ-

207 655 287 692 ρανδς
296 655 343 682 καὶ
355 655 392 691 τῇ
408 653 539 690 ὁρώμενοι
554 655 781 691 ὐπομιμνήσκωσι
792 654 847 681 τῶν
858 653 905 680 τοῦ
921 652 989 680 Θεοῦ

205 701 336 738 ῥημάτων

239 746 313 773 Υεῶν
322 745 432 782 μνήμην
443 746 599 782 πεποίηται,
610 747 657 774 καὶ
668 747 861 782 γεγεννηκέναι
878 746 987 781 φάσκει,

203 792 321 824 δεικνὺς,
331 791 369 824 ὡς
382 791 431 819 οὐκ
443 791 597 828 ἀλλοτρίους
608 793 807 828 εἰσεποιήσατο,
823 792 879 819 ἀλλ’
893 792 931 824 ὡς
941 793 989 819 αι’,-

204 838 252 866 τοῦ
271 838 352 870 ὄντας
369 838 674 874 ποιήματα,ιπατρικῆς
697 838 856 874 κηδεμονίας
877 837 986 873 ἠξίωσε·

205 885 252 912 καὶ
270 884 405 920 ῠψωκέναι
424 884 453 912 δὲ
471 884 544 919 λέγει
565 884 781 920 ὑπομιμνήσκων
800 884 850 919 τῆς
865 885 911 910 ἀπ’
931 884 986 910 ’Δί-

1042 291 1150 320 divinas
1163 294 1282 322 virtutes
1296 296 1490 331 complectens,
1513 302 1541 326 et
1558 301 1658 326 terram
1672 307 1686 326 a
1701 299 1827 327 mortali-

1041 338 1094 366 bus
1107 343 1279 374 occupatam.
1297 340 1366 368 Dum
1380 346 1468 369 autem
1481 343 1581 371 cmlum
1593 343 1689 372 audire
1698 343 1787 379 jubet,
1799 347 1827 372 et

1041 388 1142 411 terram
1160 385 1272 413 auribus
1287 387 1437 422 percipere,
1453 387 1569 416 latentes
1584 389 1612 415 in
1621 389 1689 424 ipsis
1703 393 1825 425 potesta-

1041 432 1083 457 tes
1096 429 1266 459 adhortatur.
1283 431 1317 458 Et
1332 432 1413 468 paulo
1433 438 1495 468 post
1509 443 1516 461 :
1534 433 1741 462 Incitamentum
1751 442 1826 470 qum-

1040 476 1111 502 renti
1126 477 1265 512 propheta:
1275 485 1330 513 quo
1342 477 1451 507 Judzeos
1470 478 1504 506 ad
1515 479 1650 507 dictorum
1665 480 1825 508 memoriam

1040 522 1208 555 concitaret,
1225 523 1420 558 proferendum
1436 528 1495 552 erat
1515 525 1578 551 οωΙὶ
1592 528 1620 552 et
1640 528 1722 553 tersae
1747 525 1826 553 testi-

1040 568 1181 601 mOnium,
1201 573 1247 602 ut,
1269 569 1378 597 etiamsi
1396 570 1497 598 fuerint
1511 570 1662 606 prophetici
1688 570 1824 600 sermonis

1040 612 1128 646 obliti,
1147 614 1303 649 conspectis
1324 614 1395 642 cmlo
1426 619 1453 642 et
1478 619 1562 648 terra,
1579 614 1660 643 verba
1669 613 1720 645 Dei
1742 615 1826 643 remi-

1039 658 1220 687 niscerentur.
1469 662 1471 665 ⁷

1077 745 1160 774 Vsus.
1188 746 1216 773 2.
1241 745 1382 781 [Filiorum
1411 750 1576 774 mentionem
1601 745 1666 774 facit
1692 745 1824 774 Dominus

1039 797 1067 821 et
1083 800 1132 820 eos
1146 793 1274 828 genuisse
1295 792 1412 825 fatetur,
1429 793 1554 821 indicans
1577 801 1631 820 non
1653 792 1757 820 alienos
1774 792 1825 820 ad-

1039 837 1218 872 optivosque,
1242 837 1288 864 sed
1313 842 1454 866 creaturas
1483 846 1548 866 suas
1565 841 1677 872 paterna
1697 845 1764 865 cura
1785 836 1825 866 f0.-

1040 880 1123 907 visse.
1149 880 1318 908 Exaltavisse
1338 889 1386 909 eos
1403 877 1471 908 dicit
1496 889 1626 916 quoque,
1651 881 1766 909 reditum
1789 888 1822 908 ex

324 929 428 963 ἐξόδου,
442 917 555 957 καὶτῶν
569 930 598 956 ὲν
613 917 688 965 μέσῳ
699 917 860 964 θαυμάτων,
873 929 919 955 καὶ
932 929 985 956 τῶν

1006 917 1027 946 Β
1039 922 1157 959 Αἰκςνιο
1171 924 1302 957 innucns,
1316 929 1344 952 et
1359 926 1489 952 miracula
1506 929 1572 952 tunc
1594 917 1726 960 temporis
1740 925 1823 956 edito,

203 976 304 1012 ιφξῆς
313 976 404 1008 αὐτοῖς
419 975 549 1002 δοθέντων
561 975 625 1011 παρ’
640 975 732 1002 αὑτοῦ·
752 974 880 1010 ἀθέτησιν
899 975 926 1001 δὲ
941 984 989 1002 χυ-

205 1020 271 1058 ρίως
290 1021 367 1049 καλεῖ
381 1022 432 1057 τὴν
445 1021 534 1049 αὐτῶν
548 1021 732 1054 ἀποστασίαν,
750 1021 796 1050 καὶ
816 1021 864 1059 τήν
878 1021 941 1058 περὶ
955 1021 989 1050 τὰ

204 1067 299 1096 «una
309 1067 449 1105 πλάνησιν.

238 1114 369 1151 Σημαίνει
382 1115 433 1151 τὴν
451 1113 569 1150 παντελῆ
592 1114 682 1143 αὐτῶν
700 1114 847 1151 ἀκαρπίαν·
867 1115 919 1146 ἓως
939 1115 988 1151 μὲν

202 1160 257 1197 γὰρ
284 1160 399 1197 καρπῶν
425 1160 534 1196 ἀγαθῶν
558 1160 735 1197 πεπλήρωται
759 1160 889 1197 ἀμπελὼν
902 1180 909 1192 ,
942 1161 988 1188 τὸν

201 1207 369 1244 φρουροῦντα
381 1206 427 1234 καὶ
438 1207 605 1242 φυλάττοντα
616 1207 758 1243 κέκτηται,
769 1207 808 1240 ὃς,
823 1207 923 1243 σκηνὴν
935 1216 989 1243 πη-

200 1253 331 1289 ξάμενος,
350 1252 452 1281 ἀνωθεν
470 1253 516 1288 ἀφ’
530 1252 634 1287 ὑψηλοῦ
648 1253 748 1288 ἀφορᾷ,
766 1253 812 1280 καὶ
826 1255 988 1289 περισκοπεῖ

201 1299 248 1326 καὶ
257 1298 384 1335 φυλάττει
391 1299 437 1326 τδν
446 1298 603 1335 ἀμπελῶνα·
619 1300 642 1326 sl
651 1299 680 1327 δὲ
689 1299 782 1326 τούτου
792 1300 896 1334 καρπὸς
905 1300 987 1334 ἀφαι-

202 1344 303 1380 ρεθείη,
319 1345 469 1381 τηνικαῦτα
481 1346 496 1373 ὁ
509 1345 611 1380 φύλαξ,
624 1346 662 1377 ὡς
678 1346 714 1381 μὴ
731 1346 770 1377 sl;
784 1345 896 1380 μάταιον
912 1345 985 1381 κάμ-

200 1399 251 1423 νοι.
263 1391 312 1427 τήν
326 1392 429 1428 σκηνὴν
443 1392 545 1428 ῑρημον
559 1391 708 1424 ἀπολιπὼν,
725 1392 861 1427 ἀναχωρεῖ
874 1392 922 1426 τῆς
936 1400 986 1426 φυ-

201 1436 298 1470 λακῆς.

242 1482 350 1518 Ἐπειόῆ
366 1482 420 1518 γὰρ
430 1483 445 1509 ό
459 1483 508 1518 μὲν
522 1483 630 1519 Ἰσραὴλ
646 1483 726 1510 αὑτὸν
741 1483 792 1510 οὐκ
808 1483 894 1518 ἔγνω,
911 1482 957 1509 καὶ
970 1483 984 1509 ό

199 1528 264 1560 λαὸς
287 1527 370 1557 αὐτὸν
387 1528 418 1555 οὐ
444 1528 558 1562 συνῆκε,
577 1528 608 1555 τὸ
627 1528 656 1555 δὲ
678 1528 708 1561 ἐξ
731 1528 820 1554 αὐτῶν
840 1528 950 1563 σπέρμα
971 1527 986 1553 ό

200 1576 376 1607 ἀποστολικδς
395 1575 474 1611 χορὸς
490 1575 590 1610 συνῆκέ
605 1584 635 1602 τε
656 1576 736 1602 αὐτὸν
753 1577 799 1602 καὶ
815 1576 931 1610 ἐπέγνω·
947 1576 984 1602 εῐ-
1001 1584 1022 1614 c

200 1621 288 1654 κάτως
301 1621 461 1657 ἀφορίζεται
478 1619 525 1647 τοῦ
540 1620 667 1656 πλήθους·
686 1621 785 1648 ἄτοπον
801 1620 855 1656 γὰρ
869 1621 898 1647 τὸ
911 1620 986 1656 νομι-

201 1666 257 1699 ζειν
273 1667 336 1698 τοὺς
353 1665 518 1697 ἀποστόλους
532 1665 587 1692 τῶν
601 1665 706 1692 ἀσεϐῶν
721 1666 832 1701 σπέρμα
845 1666 986 1700 λέγεσθαι,

201 1713 265 1748 περὶ
285 1708 322 1739 ὧν
344 1712 472 1747 ἀνωτέρω
486 1711 572 1745 ἔλεγε·
591 1720 600 1737 ι
615 1711 651 1738 Τὸ
670 1712 779 1747 σπέρμα
800 1712 916 1748 πονηρὸν
934 1713 987 1738 υίοὶ

199 1760 305 1793 ἐνομοιι
321 1767 331 1783 ι
348 1758 448 1793 πρέπει
467 1757 496 1784 δὲ
513 1756 568 1783 τῶν
589 1757 737 1794 προφητῶν
761 1757 871 1793 σπέρμα
890 1758 988 1787 αὐτοὺς

200 1802 270 1832 εἶναι
283 1803 418 1840 ἡγεῖσθαι.

240 1852 278 1878 οὐ
299 1851 420 1887 λουτροῖς
439 1852 495 1884 τοῖς
515 1850 673 1886 καθαίρουσι
692 1850 740 1886 τὴν
761 1850 921 1884 ἐπιφάνειαν
940 1849 987 1876 τοῦ

203 1896 410 1933 σώματος’-οὑδὲ
422 1897 476 1932 γάρ
489 1896 567 1924 τοῦτο
578 1896 740 1922 ὲθέσλαπτο·
757 1895 825 1923 ἀλλὰ
840 1903 988 1931 πνευματι-

202 1944 260 1975 xui;
272 1943 428 1978 δυναμένοις
443 1942 571 1977 ἀφανίσαι
585 1943 634 1978 μὲν
649 1942 746 1977 γνόφον
762 1941 969 1977 ἁμαρτημάτων
979 1961 987 1974 ,

202 1989 322 2025 καθᾶραι
335 1989 362 2015 δὲ
376 1989 463 2025 ψυχῆς
482 1989 566 2018 κακὸν
587 1988 712 2020 συνειδός·
733 1988 881 2015 καὶταῦτα
901 1990 988 2015 ποιεῖν

203 2035 250 2070 ἀφ’
263 2035 376 2062 ἑαυτῶν.
814 2030 820 2034 ’

238 2079 438 2111 Καταλιπόντες
458 2080 512 2116 γὰρ
527 2080 572 2107 τὸν
590 2080 737 2116 εὐεργέτην
754 2088 784 2106 τε
805 2081 853 2107 καὶ
868 2081 986 2116 σωτῆρα,

201 2126 355 2162 ἑπήλπισαν
369 2128 424 2159 τοῖς
440 2127 554 2162 ἀψύχοις
570 2126 617 2153 καὶ
635 2126 814 2162 ἀναισθήτοις·
836 2126 875 2153 διὸ
890 2127 989 2162 γυμνοὶ

202 2171 293 2206 πάσης
305 2170 410 2206 ἀγαθῆς
420 2171 499 2206 δόξης
511 2171 657 2206 ἐτύγχανον
667 2191 674 2203 ,
691 2171 769 2206 δίκην
788 2171 916 2198 στυπείου
940 2180 989 2199 κα-

201 2217 447 2254 τακαυθησόμενοι,
469 2218 515 2244 καὶ
532 2218 582 2244 οὺχ
597 2218 671 2244 ἔσται
692 2218 706 2244 ό
727 2218 846 2245 σσέσων·
867 2219 910 2250 τίς
932 2218 987 2255 γὰρ

202 2264 339 2297 ἐξελέσθαι
350 2265 470 2297 δυνατὸς,
483 2264 529 2292 τοῦ
540 2264 606 2292 Θεοῦ
619 2264 666 2300 τὴν
678 2265 736 2290 κατ’
750 2264 839 2290 αὐτῶν
851 2264 987 2299 ἀπόφασιν

201 2310 402 2346 ἑξενηνοχότοςς
415 2311 469 2346 Τὴν
485 2311 514 2338 ὲν
523 2313 557 2346 τῇ
571 2310 741 2345 αἰχμαλωσίᾳ
755 2310 843 2336 τοίνυν
857 2310 987 2345 αἰσχύνην

201 2357 347 2386 αἰνίττεται
365 2357 379 2383 ό
394 2356 482 2392 λόγος’
500 2357 608 2385 πάντων
627 2355 745 2383 ἐκποδὼν
761 2356 916 2392 γενομένων
932 2356 987 2382 τῶν

200 2403 417 2439 ιπιθυμημὰτων
435 2403 534 2431 αὐτῶψ
556 2403 754 2438 ματαιωθείσης
770 2403 797 2429 δὲ
815 2404 861 2429 καὶ
876 2403 926 2438 τῆς
943 2402 987 2429 ὲλ-

202 2450 276 2481 πίδος
294 2450 382 2477 αὐτῶν
395 2451 444 2486 τῆς
461 2451 507 2477 ἐπὶ
515 2453 572 2482 τοῖς
586 2450 714 2484 είδώλοις.

237 2495 295 2522 Κᾶν
308 2495 396 2529 λόγος,
412 2495 463 2522 κᾶν
478 2496 570 2530 ὅρασις
585 2494 714 2530 λέγηται,
728 2494 804 2521 οὐδὲν
818 2495 921 2522 διοίσει·
940 2495 986 2521 καὶ

201 2541 256 2578 γὰρ
272 2543 302 2568 ὲν
318 2541 395 2576 Maeci
408 2550 434 2569 τι
450 2541 592 2576 φαίνεται·
605 2541 691 2572 οὕτως
708 2541 835 2576 ὴγνῶσις
854 2540 986 2569 διαϐαίνει

201 2589 241 2620 εἰς
251 2587 352 2622 ψυχὴν,
368 2588 407 2614 ὅτ’
420 2587 453 2614 ἀν
475 2587 541 2619 Θεὺς
559 2587 678 2623 δεικνύῃ,
697 2587 735 2619 ὡς
754 2586 902 2622 δεξαμένης
916 2587 987 2614 κατά

201 2634 320 2662 διάνοιαν
334 2635 396 2666 τοὺς
412 2634 514 2660 τούτων
530 2633 635 2668 λόγους·
656 2633 707 2660 κᾶν
726 2634 770 2660 διὰ
788 2633 873 2668 λόγων
889 2633 985 2669 ἀκούῃ,

202 2679 287 2710 οὕτως
301 2678 455 2714 βεϐαιοῦται
465 2678 514 2714 τὴν
524 2678 642 2706 διάνοιαν
652 2699 659 2710 ,
673 2679 712 2710 ὡς
723 2679 827 2715 ἀθρόως
841 2679 987 2714 δεχομένης

202 2725 251 2761 τὴν
265 2724 373 2751 πάντων
388 2724 498 2758 γνῶσιν.
513 2741 547 2746 -
561 2724 730 2751 Ἐνταῦθαοῦ
741 2724 814 2759 λέγει
825 2724 904 2756 κατὰ,
920 2724 987 2751 αλλὰ

203 2771 277 2807 περὶ,
294 2770 411 2803 δεικνὺς,
433 2770 471 2802 ὡς
489 2771 546 2798 ἐκεῖ
564 2771 613 2806 μὲν
632 2770 725 2806 ιδήλοιι
747 2770 795 2808 τὴν
816 2771 875 2798 κατ’
898 2770 986 2798 αὐτῶν

203 2816 336 2852 ἐσομένην
350 2816 398 2844 καὶ
411 2816 466 2844 τῶν
479 2816 568 2847 τόπων
583 2817 732 2853 ἐρήμωσιν.

1039 968 1082 995 vel
1097 972 1191 1003 postea
1208 968 1308 997 Judaais
1321 976 1463 997 concessa.
1485 970 1676 1005 Contemptum
1697 970 1760 1005 jure
1775 977 1822 998 vo-

1039 1013 1273 1042 catdel’cctionem
1284 1015 1393 1042 illorum
1407 1019 1434 1043 et
1447 1015 1520 1043 circa
1534 1016 1680 1044 simulacra
1691 1023 1823 1045 errorem.

1075 1099 1158 1128 Vsus.
1185 1100 1212 1128 8.
1231 1099 1372 1136 Signiﬁcat
1392 1107 1524 1128 summam
1550 1101 1705 1129 Iudaeorum
1724 1101 1824 1130 sterili-

1038 1151 1133 1175 tatem.
1153 1147 1243 1175 Donec
1257 1147 1331 1175 enim
1347 1147 1427 1175 bonis
1443 1147 1578 1176 fructibus
1596 1149 1726 1176 exuberat
1738 1148 1802 1176 vitis
1813 1169 1823 1181 ,

1039 1199 1090 1220 nec
1104 1199 1119 1219 a
1135 1193 1308 1229 vigilantibus
1334 1193 1510 1231 destituitur,
1535 1202 1586 1222 nec
1606 1202 1622 1221 a
1642 1194 1823 1222 custodienti-

1038 1237 1101 1270 bus,
1112 1239 1170 1273 qui,
1190 1238 1367 1267 tabernaculo
1381 1239 1542 1271 constituto,
1552 1238 1670 1275 desuper
1681 1247 1697 1268 e
1712 1240 1823 1268 sublimi

1038 1284 1231 1318 speculantur,
1254 1289 1281 1311 et
1305 1284 1546 1320 circumspiciunt,
1572 1288 1599 1312 et
1621 1285 1704 1313 vitem
1733 1290 1824 1313 custo-

1037 1328 1134 1362 diunt;
1151 1329 1285 1358 fructibus
1310 1334 1399 1358 autem
1416 1330 1547 1361 sublatis,
1572 1339 1606 1358 ne
1623 1331 1651 1359 in
1668 1338 1768 1358 vanum
1783 1331 1823 1359 la-

1036 1375 1113 1403 boret
1127 1379 1231 1407 custos,
1248 1376 1385 1403 desertum
1401 1376 1545 1412 dereliquit
1561 1377 1780 1410 tabernaculum,
1795 1382 1824 1405 et

1035 1419 1069 1448 de
1082 1421 1200 1448 statione
1211 1421 1328 1449 decedit.

1073 1465 1156 1494 Vens.
1171 1467 1198 1494 9.
1216 1467 1284 1495 Cum
1297 1467 1381 1496 Israel
1396 1467 1482 1496 Deum
1492 1475 1547 1496 non
1555 1468 1723 1503 cognoverit,
1736 1475 1825 1503 neque

1036 1519 1099 1538 eum
1115 1512 1232 1547 populus
1249 1513 1424 1547 intellexerit,
1439 1514 1487 1542 sed
1505 1521 1539 1541 ex
1565 1514 1631 1549 ipsis
1643 1521 1747 1547 semen,
1759 1522 1825 1550 apo-

1039 1558 1153 1586 stolicus
1167 1559 1280 1592 chorus,
1299 1567 1361 1587 eum
1383 1564 1411 1588 et
1427 1563 1584 1597 cognoverit
1601 1567 1629 1590 et
1648 1563 1823 1596 intellexerit,

1040 1603 1139 1631 merito
1155 1612 1170 1631 a
1182 1605 1260 1640 plebe
1277 1605 1463 1641 distinguitur.
1490 1606 1583 1643 Inepte
1601 1609 1701 1644 quippe
1717 1609 1824 1638 diceres

1038 1649 1179 1684 apostolus
1193 1657 1286 1678 semen
1302 1650 1388 1679 fuisse
1406 1651 1565 1687 impiorum,
1579 1653 1613 1682 de
1625 1655 1726 1690 quibus
1741 1656 1824 1685 modo

1037 1693 1141 1722 dictum
1156 1694 1251 1730 (Vens.
1264 1695 1293 1731 l)
1308 1705 1314 1722 :
1332 1705 1341 1722 ι
1366 1695 1464 1725 Semen
1477 1705 1591 1734 nequam
1605 1699 1652 1726 tilit
1667 1701 1792 1729 scelesti-
1812 1711 1822 1728 ι

1039 1740 1129 1774 aptius
1142 1748 1190 1768 eos
1205 1748 1298 1768 semen
1315 1741 1509 1777 prophetarum
1531 1745 1681 1773 vocaveris.

1074 1827 1156 1857 Vens.
1175 1828 1219 1857 l6.
1240 1829 1300 1857 Non
1328 1830 1362 1859 iis
1389 1831 1561 1867 (lavamini)
1583 1832 1742 1866 lotionibus,
1764 1841 1826 1868 quae

1037 1874 1160 1908 corporis
1177 1878 1266 1903 cutem
1284 1875 1443 1909 emundant,
1462 1884 1517 1903 non
1531 1877 1604 1904 enim
1619 1877 1683 1904 huic
1709 1878 1826 1906 munda-

1038 1921 1112 1949 tione
1124 1929 1208 1957 opus;
1220 1922 1267 1950 sed
1281 1923 1480 1958 spiritualibus,
1491 1932 1552 1959 qua:
1562 1930 1738 1960 peccatorum
1757 1926 1826 1953 cali-

1039 1968 1128 2003 ginem
1146 1968 1255 1996 auferre
1269 1968 1388 2003 possint,
1401 1972 1428 1996 et
1442 1970 1540 1997 sordes
1556 1970 1640 1998 animi
1655 1971 1766 1999 abluere
1777 1980 1784 2005 ;
1795 1972 1827 1999 et

1039 2013 1109 2040 mala
1123 2021 1238 2048 quisque
1251 2014 1347 2048 procul
1361 2014 1505 2050 depellere.

1074 2058 1158 2086 Vsns.
1181 2059 1227 2086 29.
1250 2058 1318 2086 Nam
1344 2060 1473 2088 derelicto
1493 2060 1666 2089 benefactore
1685 2066 1712 2089 et
1730 2061 1826 2090 Salva-

1039 2110 1107 2139 tore,
1125 2106 1204 2134 idolis
1221 2106 1316 2134 conﬁsi
1343 2110 1407 2134 sunt
1429 2107 1518 2134 anima
1541 2111 1568 2134 et
1592 2111 1682 2134 mente
1706 2108 1826 2135 carenti-

1039 2155 1090 2181 bus
1102 2163 1108 2187 ;
1130 2153 1232 2180 idcirco
1240 2154 1314 2180 omni
1327 2153 1397 2180 bona
1408 2153 1480 2180 fama
1494 2153 1627 2186 destituti,
1641 2154 1681 2181 vel
1690 2158 1719 2181 ut
1727 2157 1826 2190 stuppa

1039 2200 1236 2227 comburentur
1247 2200 1256 2234 (
1266 2198 1349 2227 Vsss.
1364 2200 1399 2239 “5|
1413 2200 1422 2235 )
1442 2209 1451 2225 ι
1469 2203 1497 2227 et
1522 2207 1576 2226 non
1592 2200 1644 2226 erit
1659 2200 1707 2235 qui
1721 2200 1826 2228 exstin-

1003 2252 1025 2280 υ
1039 2250 1113 2280 guat.
1138 2254 1147 2272 ι
1173 2244 1242 2278 Quis
1259 2245 1331 2272 enim
1347 2249 1439 2280 posset
1453 2252 1500 2272 eos
1516 2245 1638 2279 eripere.
1666 2244 1721 2272 Deo
1744 2245 1825 2272 incu-

1038 2291 1137 2319 sante?
1153 2291 1242 2318 lnnuit
1254 2291 1338 2326 igitur
1351 2298 1442 2318 sermo
1457 2290 1648 2318 confusionem
1665 2291 1693 2318 in
1708 2291 1824 2326 captivi~

1038 2340 1094 2363 tale
1123 2335 1262 2368 futuram,
1288 2343 1350 2363 cum
1380 2335 1451 2363 bono
1474 2343 1583 2371 quoque
1612 2335 1698 2364 Judaei
1725 2337 1825 2365 iuerint

1037 2383 1133 2413 exuti,
1156 2386 1183 2409 et
1204 2390 1252 2417 spe
1282 2382 1409 2418 depulsi,
1438 2390 1519 2418 quam
1546 2383 1574 2409 in
1606 2382 1686 2410 idolis
1706 2383 1825 2411 colloca-

1039 2432 1142 2456 verant.

1073 2475 1138 2503 Cu».
1153 2475 1186 2508 ll,
1199 2474 1284 2504 Vens.
1302 2475 1327 2502 Ι.
1348 2474 1402 2503 Seu
1415 2475 1544 2508 verbum,
1559 2483 1607 2503 seu
1622 2474 1691 2502 visio
1703 2475 1821 2507 dicatur,

1038 2522 1106 2550 nihil
1131 2523 1263 2555 interest;
1285 2529 1347 2549 nam
1372 2525 1399 2549 et
1418 2522 1569 2550 visionibus
1585 2521 1687 2557 aliquid
1704 2522 1821 2550 auditur.

1041 2568 1156 2601 Quando
1176 2566 1248 2595 Deus
1268 2567 1333 2603 quid
1356 2568 1445 2595 oculis
1459 2568 1586 2602 subiicit,
1605 2567 1762 2603 cognitione
1782 2568 1824 2595 in-

1042 2615 1157 2642 struitur
1173 2614 1292 2646 animus,
1310 2614 1382 2642 haud
1394 2622 1475 2642 secus
1496 2621 1527 2640 ac
1548 2614 1572 2641 si
1584 2617 1674 2641 mente
1686 2614 1823 2641 visionum

1040 2668 1193 2688 sermonem
1208 2661 1377 2695 perciperet;
1391 2667 1418 2688 ct
1432 2660 1525 2687 audito
1536 2660 1618 2687 verbo
1631 2680 1638 2691 ,
1664 2659 1701 2686 ita
1722 2659 1823 2686 illumio

1039 2710 1121 2733 natur
1143 2713 1239 2740 mens,
1263 2706 1341 2741 quasi
1366 2713 1420 2732 uno
1442 2706 1541 2732 intuitu
1557 2712 1720 2732 cunetorum
1736 2704 1824 2731 scien-

1041 2753 1106 2780 tiam
1123 2752 1360 2787 complecteretur.
1378 2767 1411 2771 —
1425 2751 1475 2778 llic
1487 2751 1544 2786 jam
1559 2759 1612 2778 non
1628 2755 1723 2778 contra
1737 2751 1825 2785 loqui-

1040 2805 1094 2829 tur.
1111 2800 1158 2827 sed
1174 2800 1208 2827 de
1223 2799 1415 2834 (Jerusalem),
1441 2799 1565 2826 indicans
1580 2807 1609 2827 se
1625 2799 1701 2833 prius
1713 2798 1825 2826 calami-

1041 2850 1113 2873 tates
1125 2846 1330 2875 denuntiavisse
1347 2849 1443 2877 contra
1462 2853 1510 2874 cos
1526 2845 1632 2873 futuras
1657 2848 1685 2873 et
1701 2845 1826 2874 locorum

1042 2891 1228 2920 vastationem.
