2131 3167
305 187 372 217 1311

901 179 1076 210 THBODORI
1095 175 1354 206 BERACLEENSIS

1853 174 1929 204 13!!

340 245 424 274 Vsus.
437 246 464 274 3.
477 245 569 281 Ipsum
587 242 737 273 Salvatons
765 240 852 268 nostri
874 246 1026 268 sermonem
1050 237 1090 264 le-
1105 238 1127 266 Δ
1176 234 1181 260 1

1086 251 1090 257 -
1105 238 1127 266 Α
1176 233 1267 269 mpm
1280 233 1399 261 δὲααλεϊ
1414 233 1463 261 καὶ
1477 233 1555 268 λόγον
1571 231 1619 260 τοῦ
1769 229 1927 281 ηΜΝ--ιιαι

304 300 365 328 gem
383 292 510 320 vocavit:
527 290 626 325 quippe
653 289 700 323 qui
725 287 760 315 de
782 287 932 315 Jerusalem
948 284 1089 320 profectus

303 343 429 367 errantes
442 341 538 373 gentes
564 336 653 371 arguit
665 357 673 368 ,
695 343 749 363 non
764 335 891 370 judicans
913 333 1028 367 dociles,
1040 333 1089 361 sed

304 391 418 412 munera
431 383 551 418 largiens
566 382 779 417 agnoscentibus
792 388 863 408 eum.

338 428 424 456 νιος.
442 428 488 456 18.
510 427 642 455 Malorum
667 433 750 454 causa
777 425 923 460 (idolorum
945 425 1088 461 eversio):

303 480 371 502 tunc
391 474 544 510 intelligent
571 480 602 501 se
627 472 730 500 frustra
759 471 842 499 Deum
862 470 1038 504 deseruisse.
1061 475 1090 499 et

303 521 452 549 inservisse
476 519 646 552 simulacris;
672 527 734 547 nam
749 522 899 553 agnoscent
922 518 1091 553 vespertilio-

304 573 354 594 es
379 566 432 594 sibi
452 566 543 601 potius
570 565 699 593 colendas
725 565 809 592 fuisse
830 571 912 591 sensu
940 563 1089 598 praeditas,

303 618 385 646 quam
402 611 536 647 imagines
548 618 641 639 eorum
650 619 733 639 sensu
744 613 878 638 carentes.
891 608 977 641 Tunc,
989 610 1088 644 inquit,

304 658 456 686 imminenti
471 657 587 693 judicio.
607 666 662 686 non
676 661 782 685 astante
796 657 842 692 qui
859 657 1006 688 liberaret.
1033 664 1091 684 me-

303 704 358 731 rito
372 712 402 732 se
418 705 444 731 in
471 709 561 739 petras
577 704 758 735 abscondent,
775 703 808 731 de
825 704 936 738 quibus,
952 704 1000 736 ait,
1017 703 1090 730 idola

304 749 358 778 sibi
371 748 580 777 fabricaveram.
594 749 652 777 Non
665 749 792 784 poteritis
809 749 892 779 enim,
906 748 1009 782 adjicit,
1020 748 1089 775 iram

304 794 352 823 Dei
366 795 393 822 in
408 803 458 823 vos
473 800 637 823 commotam
649 795 773 825 sullerre.
790 793 839 821 sed
854 793 1090 821 demonstrabitur

304 840 438 878 fragilitas
454 844 555 874 vestra,
572 841 618 869 Dei
633 848 698 869 vero
711 840 838 876 maiestas
850 839 1000 875 apparebit.

337 970 402 999 Cn.
419 965 465 1006 iV,
482 971 566 1000 Vens.
581 973 607 1000 ι.
627 973 733 1006 Quibus
746 973 835 1001 verbis
851 973 979 1001 salutaris
996 977 1089 1001 noster

304 1017 457 1053 baptismus
473 1018 645 1053 signiﬁcatur
655 1039 662 1051 ,
679 1026 727 1054 per
740 1027 822 1054 quem
835 1019 985 1055 praesertim
999 1020 1089 1047 denuo

304 1063 398 1091 Inundi
411 1065 622 1099 conspiciemur.

336 1107 403 1136 Car.
418 1107 451 1141 ν,
474 1108 557 1137 Vens.
575 1110 600 1137 ί.
622 1109 709 1138 Voces
727 1110 785 1138 ista:
804 1119 813 1136 ι
832 1111 858 1139 in
873 1118 971 1144 cornu,
983 1111 1010 1139 in
1030 1112 1090 1139 loco

304 1155 408 1191 pingui,
425 1165 434 1182 ι
448 1155 578 1183 selectum
598 1156 683 1184 fuisse
703 1157 792 1184 locum
818 1157 976 1190 declarant,
992 1158 1090 1186 distin-

303 1205 442 1237 ctumque.
464 1201 552 1229 Vitem
578 1203 698 1237 sepsisse
720 1202 798 1234 dicit.
817 1208 844 1230 et
874 1204 1034 1237 valiavisse,
1063 1208 1090 1232 et

304 1241 488 1281 plantavisse,
515 1251 544 1274 et
562 1247 741 1276 aediﬁcavisse
766 1249 882 1281 turrim,
904 1253 934 1276 ut
958 1254 1091 1278 memoret

303 1293 398 1326 quanti
422 1291 532 1320 Judzos
557 1292 668 1326 fecerit,
686 1298 789 1328 quanta
816 1294 977 1322 custodierit
1001 1302 1088 1327 cura,

302 1342 406 1373 quanto
419 1339 511 1366 studio
531 1346 580 1374 per
599 1339 749 1374 prophetas
764 1339 900 1368 docuerit.
920 1340 958 1367 Ita
972 1341 1091 1369 excultis

303 1390 358 1410 non
373 1383 459 1418 spina:
471 1383 590 1412 ferendae
603 1389 692 1417 erant,
714 1384 762 1412 sed
778 1385 930 1420 condignus
946 1385 1052 1413 fructus
1062 1389 1090 1412 et

303 1429 444 1458 laboribus
456 1431 631 1458 conveniens.
650 1431 743 1458 Talem
758 1435 849 1459 autem
865 1431 984 1458 fructum
1001 1431 1035 1458 ab
1048 1431 1089 1458 eis

305 1481 358 1502 non
374 1474 460 1503 fuisse
471 1475 574 1503 editum
589 1480 705 1503 testatur
727 1477 813 1512 spinae
831 1484 932 1503 corona
955 1476 1090 1505 Salvatori

305 1521 432 1556 imposita
445 1541 452 1554 ,
471 1521 556 1556 figura
575 1522 716 1558 spinarum
735 1523 762 1549 in
786 1523 886 1551 animis
900 1523 1053 1550 latentium.

337 1620 401 1649 CAP.
418 1621 514 1654 XXIII.
530 1621 612 1651 Vens.
633 1623 677 1650 17.
706 1623 831 1658 (Tyrum)
845 1623 912 1650 dicit
929 1631 943 1650 a
957 1623 1013 1651 Deo
1027 1627 1090 1659 post

304 1671 429 1703 acceptas
453 1675 550 1703 pmnas
569 1669 732 1696 visitandam
750 1677 812 1696 esse
825 1689 833 1702 ,
858 1673 885 1697 et
901 1670 928 1696 in
949 1670 1089 1704 antiquam

304 1714 404 1741 famam
424 1715 632 1747 restituendam.
646 1720 675 1742 ut
693 1715 747 1743 Deo
761 1716 860 1750 opibus
887 1716 1029 1747 inserviat,
1042 1723 1090 1750 per

305 1761 517 1797 negotiationem
538 1762 699 1797 requisitis:
719 1770 778 1797 quas
792 1761 942 1790 Jerusalem
965 1762 1090 1790 habitan-

305 1807 378 1834 tibus
401 1807 542 1842 perutilia.
571 1811 601 1834 ut
617 1808 644 1834 in
662 1807 813 1843 Scripturis
830 1809 917 1836 sacris
930 1828 937 1840 ,
959 1814 1090 1844 regnante

305 1852 397 1880 Hiram
408 1873 416 1885 ,
436 1853 584 1888 contigisse
601 1858 729 1880 narratur
744 1855 763 1880 ³.

337 1897 403 1926 Cu.
421 1898 517 1930 XXVI.
528 1898 609 1927 Vens.
628 1899 654 1926 9.
675 1899 787 1928 Animas
801 1900 837 1928 ita
851 1899 999 1935 dispositas
1021 1901 1090 1929 dicit

304 1952 384 1972 mane
402 1953 567 1981 consurgere
585 1945 619 1972 ad
635 1946 805 1974 exhibendas
823 1946 857 1974 de
885 1948 1028 1982 prmteritis
1045 1956 1090 1976 re-

304 1990 356 2018 bus
378 1990 481 2025 gratias
496 1998 502 2016 :
520 1998 608 2025 neque
624 1990 697 2017 enim
713 1998 777 2022 nos,
795 1991 897 2018 homini
917 1991 950 2018 ad
964 1999 1091 2019 recrean-

304 2037 369 2064 dum
385 2044 486 2072 corpus
499 2036 573 2069 data,
589 2037 758 2066 dormientes
784 2038 895 2066 reﬁcere
918 2043 1020 2073 posset,
1036 2038 1090 2066 nisi

305 2081 401 2110 fuisset
416 2082 467 2110 hoc
482 2089 497 2108 a
512 2081 567 2109 Deo
579 2082 775 2115 constitutum;
787 2083 888 2117 optime
903 2083 984 2117 igitur
995 2087 1022 2110 et
1033 2089 1091 2108 ma-

305 2127 423 2154 tutinum
453 2131 562 2161 tempus
591 2131 707 2162 occupat
732 2127 795 2154 tatis
823 2128 929 2159 anima,
951 2132 979 2154 ut
1008 2131 1035 2155 et
1057 2127 1091 2154 de

305 2173 451 2208 praeteritis
472 2173 556 2200 rebus
580 2173 681 2208 gratias
707 2173 828 2206 referat,
845 2178 872 2201 et
892 2174 925 2200 ad
943 2174 1014 2200 diem
1033 2174 1090 2208 jam

305 2220 474 2247 exorientem
500 2227 578 2254 opem
609 2219 722 2255 ﬂagitet.
743 2219 888 2255 Praeceptis
911 2219 955 2248 Dei
973 2225 1090 2247 mentem

306 2266 413 2301 piorum
443 2266 603 2297 illuminari,
635 2265 824 2299 manifestum;
860 2273 923 2292 nam
957 2269 986 2292 ut
1013 2267 1086 2293 omni
1104 2262 1126 2290 D

305 2311 390 2339 verbo
403 2311 450 2339 Dei
466 2313 548 2338 alitur
567 2312 657 2339 anima
669 2313 690 2345 '.
705 2312 741 2339 ita
756 2318 782 2340 et
795 2312 868 2339 omni
881 2316 1015 2347 praecepto
1029 2312 1091 2339 illu-

306 2361 409 2385 stratur
422 2361 450 2385 et
466 2357 644 2385 illuminatur.

340 2487 424 2517 Vens.
443 2488 486 2516 10.
504 2489 601 2517 Studio
616 2490 698 2526 igitur
709 2491 807 2526 cuique
828 2491 863 2520 sit
876 2496 903 2520 et
915 2500 998 2527 curae,
1009 2494 1090 2529 justi-

307 2534 372 2561 tiam
388 2534 504 2563 discere.
520 2535 580 2563 Non
595 2536 668 2564 enim
688 2537 795 2572 justitia
806 2558 813 2570 ,
838 2539 915 2574 quasi
932 2544 1026 2568 nostra
1042 2548 1091 2568 na-

306 2585 367 2608 tura
380 2580 534 2615 inhaereret,
545 2582 582 2611 ita
591 2582 672 2610 nobis
680 2583 760 2611 insita
774 2588 826 2617 est,
839 2589 868 2612 ut
881 2593 940 2613 eam
957 2587 998 2614 vel
1013 2587 1090 2615 incu-

342 2655 392 2684 ‘lll
407 2657 471 2694 Reg.
489 2667 528 2692 ιι,
548 2659 575 2686 Η
592 2667 655 2695 sqq.
692 2661 809 2690 ’Malth.
826 2669 862 2694 Ir,
878 2662 906 2691 4.

345 2735 384 2771 (2)
400 2736 564 2779 Δδοίιιιιιιειιιι·
582 2738 714 2779 ingentes
724 2740 751 2766 in
771 2739 931 2769 Heracleota
946 2746 1041 2779 nostro
1055 2743 1094 2770 la-

307 2779 385 2800 cuna
398 2776 455 2810 tum
468 2773 498 2810 in
509 2772 560 2800 hoc
575 2772 632 2800 tum
648 2775 675 2801 in
690 2775 789 2807 altero.
802 2783 882 2810 quem
898 2778 1036 2809 consului.
1047 2785 1094 2805 ca-

307 2811 378 2848 tena:
398 2807 431 2834 ad
448 2807 549 2848 Isaia-iu.
565 2811 792 2848 ms._cxc_mplari.
809 2807 841 2838 Et
863 2812 973 2847 quidem
989 2807 1039 2848 par
1051 2818 1094 2840 est

307 2843 452 2883 utriusque
464 2843 566 2883 codicis
582 2845 662 2877 ratio,
678 2843 755 2872 ita—ut
769 2843 880 2883 aiterrex'
895 2848 982 2883 altero
991 2843 1094 2874 'exscri~

308 2880 372 2909 plus
386 2877 518 2905 videatur.
530 2877 586 2906 Cur
599 2884 689 2908 autem
703 2885 777 2908 tanta
790 2882 905 2910 omissio
917 2883 923 2902 ε
947 2881 1091 2911 Heracleo-

1140 286 1196 317 γαρ
1219 281 1274 307 ἀπὸ
1291 278 1469 315 Ἰερουσαλὴμ
1486 278 1589 314 φανεὶς,
1612 277 1709 314 ἠλεγξε
1733 276 1780 312 μὲν
1803 277 1837 303 τὰ
1859 276 1926 312 ἔθνη

1139 326 1320 362 πλανώμεναι
1347 325 1378 352 οὐ
1406 324 1579 360 κατακρίνων
1605 322 1837 359 ὁμολογήσαντας,
1867 321 1926 348 ἀλλ’

1139 373 1329 408 επεγνιιικότας
1338 370 1499 408 εὐεργετῶν.

1173 429 1216 457 Τὰ
1230 429 1285 456 τῶν
1306 427 1399 456 κακῶν
1416 428 1503 456 αῐτια·
1521 429 1562 460 είς
1579 425 1751 462 συναίσθησιν
1772 424 1925 461 ἐρχόμενοι,

1139 477 1178 503 ὅτι
1194 475 1240 510 δὴ,
1256 475 1344 511 μάτην
1362 474 1555 506 καταλιπόντες
1573 474 1618 501 τὸν
1640 472 1723 504 Θεὸν,
1738 471 1827 502 αὐτοῖς
1840 478 1926 506 προσ-

1140 521 1261 549 εκύνουν·
1279 520 1483 556 άναλογίσονται
1498 519 1552 556 γὰρ
1562 539 1570 552 ,
1579 519 1620 546 ὃτι
1633 518 1665 554 δὴ
1675 517 1774 554 μᾶλλον
1786 516 1927 552 νυκτερίσι

1141 565 1324 603 προσεκύνουν
1335 566 1395 598 ταῖς
1406 566 1434 592 έν
1445 565 1550 597 τούτοις
1564 562 1785 600 έμφωλευούσαις
1798 561 1927 597 αίσθησιν

1140 611 1322 648 κεκτημέναις
1339 611 1357 647 ἢ
1372 612 1428 643 τοῖς
1442 610 1544 637 τούτων
1561 609 1742 644 καταγωγίοις
1754 607 1929 642 ἀναισθήτοις

1139 656 1210 685 οὖσι.
1228 658 1284 693 Τῆς
1297 656 1374 692 δίκης
1383 675 1391 691 ι
1406 655 1498 692 φησὶν,
1511 655 1583 691 ὑμᾶς
1601 653 1815 689 καταλαϐούσης,
1830 652 1877 680 καὶ
1888 651 1928 688 μὴ

1140 704 1217 736 δντος
1226 703 1273 730 τοῦ
1286 702 1478 738 βοηθήσαντος,
1491 701 1635 729 ἀκόλουθον
1648 701 1688 733 είς
1699 700 1748 732 τάς
1759 700 1861 736 πέτρας
1877 707 1928 725 καρ

1140 748 1353 785 τακρὺπτεσθαι·
1370 747 1401 780 ἐξ
1419 744 1512 783 ὧνπερ
1522 767 1529 779 .
1543 747 1619 782 φησὶ,
1636 747 1683 773 καὶ
1697 746 1731 773 τὰ
1746 745 1842 773 ιῐδωλα
1861 744 1928 771 th-

1141 795 1264 828 εεὺσατε·
1276 794 1337 821 οὐδὲ
1350 793 1404 829 γὰρ
1416 792 1527 827 ἐνέγκαι
1541 790 1699 827 δυνήσεσθε,
1710 790 1787 825 φησι,
1801 790 1850 826 τὴν
1864 788 1927 816 καθ’

1141 840 1217 876 ὑμῶν
1232 839 1387 875 κινηθεῖσαν
1403 837 1479 874 παρὰ
1493 837 1540 865 τοῦ
1556 835 1624 864 Θεοῦ
1637 836 1731 872 ὀργήν·
1751 835 1819 862 ἀλλὰ
1831 835 1863 862 τὸ
1877 834 1929 870 μὲν

1142 885 1273 921 ὑμέτερον
1287 883 1398 916 ἀσθενὲς
1409 882 1650 919 όμολογηθήσεται·
1665 881 1786 916 φανεῖται
1803 881 1833 908 δὲ
1844 881 1861 916 ἡ
1879 888 1928 916 μι-

1104 918 1126 946 B
1137 918 1278 966 γαλειότης
1293 930 1339 958 τοῦ
1353 929 1420 957 Θεοῦ

1175 977 1213 1004 Τὸ
1227 976 1288 1003 καθ’
1302 976 1377 1012 ἡμᾶς
1392 975 1527 1011 σωτήριον
1546 974 1687 1010 βάπτισμα
1710 973 1870 1008 σημαίνεται
1881 971 1929 999 διὰ

1138 1022 1255 1049 τούτων’
1268 1022 1301 1048 δι’
1317 1017 1348 1048 οὗ
1361 1020 1480 1056 μάλιστα
1495 1019 1612 1055 καθαροὶ
1626 1018 1656 1052 ἐξ
1674 1017 1798 1054 ὑπαρχῆς
1821 1017 1927 1045 ἀναδει-

1139 1066 1263 1102 κνύμεθα

1173 1124 1212 1151 Τὸ
1231 1123 1271 1157 δὲ,
1292 1133 1302 1150 ι
1313 1124 1343 1150 ὲν
1357 1123 1464 1160 κέρατι,
1479 1123 1508 1150 ὲν
1521 1122 1597 1158 τόπῳ
1616 1120 1699 1154 πίονι,
1720 1130 1730 1147 ι
1745 1120 1776 1147 τὸ
1789 1119 1929 1155 ἐξαίρετον

1140 1168 1188 1195 καὶ
1210 1168 1412 1204 κεχωρισμένον
1434 1167 1481 1195 τοῦ
1503 1167 1586 1194 τόπου
1601 1166 1684 1202 δηλοῐ.
1696 1165 1824 1202 Φραγμδν
1836 1164 1865 1191 δὲ
1880 1163 1929 1192 καὶ

1142 1213 1265 1249 χάρακας
1278 1214 1325 1240 καὶ
1337 1212 1464 1248 φύτευμα
1474 1212 1520 1239 καὶ
1527 1211 1671 1247 οἰκοδομὴν
1684 1210 1758 1245 λέγει
1772 1210 1823 1245 τήν
1836 1217 1866 1236 τε
1879 1207 1928 1236 τοῦ

1140 1258 1234 1293 γένους
1260 1258 1435 1293 περιποίησιν
1450 1258 1497 1285 καὶ
1516 1257 1567 1293 τὴν
1589 1256 1673 1284 αὐτοῦ
1691 1256 1813 1292 φρουρὰν
1823 1255 1872 1282 καὶ
1884 1254 1928 1283 διὰ

1142 1303 1289 1339 προφητῶν
1307 1303 1476 1338 ἐπιμέλειαν,
1493 1303 1527 1330 δι’
1543 1299 1581 1330 ὧν
1599 1302 1708 1329 πάντων
1724 1301 1927 1337 γεωργούμενος

1141 1348 1191 1375 οὐκ
1201 1348 1323 1381 ἀκάνθας
1340 1349 1433 1384 φέρειν
1451 1348 1591 1384 ἠδύναντο,
1614 1347 1683 1375 ἀλλὰ
1698 1348 1744 1374 τὸν
1756 1347 1867 1379 ἐπάξιον
1879 1347 1928 1374 καὶ

1143 1395 1319 1430 προσήκοντα
1336 1394 1391 1421 τῶν
1408 1394 1498 1422 πόνων
1519 1394 1634 1430 καρπόν.
1650 1393 1710 1421 ὀτι
1724 1393 1753 1420 δι
1765 1393 1795 1420 ού
1806 1392 1928 1424 τοιοῦτος

1142 1440 1156 1465 ό
1168 1440 1309 1475 κομισθεὶς
1321 1440 1385 1477 παρ’
1403 1440 1493 1468 αὐτῶν
1507 1440 1625 1476 καρπὸς.
1639 1441 1773 1475 μαρτυρεῖ
1787 1439 1803 1466 ό
1814 1438 1854 1474 τῷ
1870 1439 1927 1465 Σω-

1141 1485 1205 1521 τῆρι
1223 1486 1303 1521 ἡμῶν
1324 1486 1463 1518 ’ἐπιτεθεὶς
1485 1485 1630 1518 ὰκάνθινος
1651 1485 1792 1520 στέφανος,
1808 1484 1926 1519 ἐγκαλύ-

1141 1539 1215 1558 πτων
1238 1531 1284 1558 τδν
1297 1532 1387 1567 ἀφανῆ
1408 1533 1437 1559 ὲν
1461 1531 1561 1566 ψυχαῖς
1588 1530 1731 1565 ὰκανθώόη
1752 1528 1842 1557 αὐτῶν
1862 1529 1926 1566 τρό-

1103 1584 1124 1613 c
1142 1585 1191 1603 πον
1211 1577 1259 1613 (2).

1182 1633 1239 1668 Τὴν
1269 1633 1412 1668 ἐπίσκεψιν
1438 1633 1486 1661 τοῦ
1506 1633 1574 1661 Θεοῦ
1597 1635 1646 1670 τὴν
1673 1632 1743 1669 μετὰ
1757 1633 1806 1668 τὴν
1821 1632 1928 1668 πληγὴν

1144 1679 1293 1715 γενομένην
1306 1680 1390 1714 λέγει,
1406 1680 1444 1712 ὡς
1458 1681 1498 1712 είς
1508 1681 1556 1716 τὴν
1570 1680 1687 1716 άρχαίαν
1703 1678 1834 1714 ἐπανήξει
1848 1677 1928 1711 δόξαν

1142 1724 1334 1760 δωροφοροῦσα
1357 1725 1396 1760 τῷ
1412 1725 1472 1761 Θεῷ
1496 1725 1529 1751 ὲκ
1544 1725 1590 1752 τοῦ
1611 1724 1841 1760 ἑπισυναγομένου
1857 1724 1927 1760 αὐτῇ

1144 1770 1245 1804 σπόρου
1258 1770 1290 1797 ἐκ
1312 1770 1361 1806 τῆς
1380 1771 1526 1806 ἐμπορίας,
1538 1770 1556 1798 ἃ
1571 1770 1647 1797 ἔσται
1661 1771 1716 1802 τοῖς
1727 1770 1757 1796 ὲν
1772 1771 1807 1805 τῇ
1830 1769 1928 1806 Ἰερου-

1143 1816 1235 1851 σαλὴμ
1263 1815 1420 1843 κατοικοῦσι
1445 1815 1594 1852 πρόσοδοςο
1614 1815 1709 1851 ὥσπερ
1729 1813 1776 1842 οὗν
1805 1815 1854 1842 καὶ
1882 1815 1929 1843 ἰπὶ

1142 1861 1189 1887 τοῦ
1204 1861 1312 1897 Χειρὰμ
1323 1861 1462 1898 ἱστόρηται
1480 1860 1556 1897 παρὰ
1568 1861 1619 1896 τῆς
1633 1860 1709 1893 θείας
1729 1860 1851 1897 Γραφῆς.

1186 1904 1344 1933 ’Δκόλὸυθον
1358 1907 1406 1938 τὰς
1419 1905 1490 1933 οὕτω
1512 1906 1685 1942 διακειμένας
1697 1905 1788 1941 ψυχὰς
1803 1904 1929 1932 σπεύδειν

1143 1951 1172 1977 ὲν
1183 1952 1240 1983 τοῖς
1259 1951 1371 1987 ῦρθροις
1390 1951 1544 1978 ἀποδιδόναι
1564 1951 1613 1983 τὰς
1626 1951 1800 1987 εὐχαριστίας
1812 1951 1857 1977 ἐπὶ
1872 1950 1929 1977 τῶν

1144 1997 1384 2033 παρεληλυθότων·
1404 1998 1465 2025 οὐδὲ
1478 1998 1533 2034 γὰρ
1548 1997 1598 2030 νὺξ
1611 1998 1627 2032 ἠ
1645 1998 1686 2029 είς
1701 1996 1859 2024 ἀνάπαυλαν
1875 1996 1929 2024 τῶν

1145 2042 1278 2077 σωμάτων
1298 2042 1404 2069 δοθεῖσα
1421 2042 1576 2074 ἀναπαῦσαι
1594 2041 1735 2077 δυνήσεται
1750 2041 1796 2068 τὸν
1816 2041 1846 2068 ιν
1859 2040 1928 2077 αὕτη

1144 2088 1328 2120 ὑπνώττοντα,
1357 2089 1382 2115 εί
1407 2089 1444 2125 μή
1469 2088 1520 2115 πού
1541 2096 1573 2122 γε
1600 2087 1705 2114 ἐκείνου
1726 2087 1851 2122 σύνθημα
1873 2086 1928 2123 εἴη.

1150 2134 1318 2168 Ἀναγκαιως
1343 2131 1390 2161 οὖν
1403 2135 1420 2170 ἡ
1440 2133 1550 2170 τοιαύτη
1580 2133 1653 2169 ψυχὴ
1668 2133 1788 2165 καὶτοὺς
1813 2132 1929 2168 ὕρθρους

1144 2179 1340 2215 προλαμϐάνει,
1353 2180 1395 2208 ἵνα
1404 2179 1451 2206 καὶ
1466 2179 1593 2215 περὶτῶν
1611 2178 1836 2215 παρεληλυθότων
1849 2178 1929 2214 εὐχο-

1147 2227 1273 2262 ριστήσῃ,
1290 2226 1337 2252 καὶ
1352 2226 1415 2260 περὶ
1429 2225 1479 2261 τῆς
1496 2224 1646 2261 μελλούσης
1658 2224 1739 2252 αὐτὸν
1757 2223 1929 2256 διαδέξασθαι

1144 2271 1196 2306 ήμέ
1201 2280 1250 2306 ρας
1260 2271 1448 2307 παρακαλέσῃ.
1467 2271 1535 2297 Ὑπὸ
1550 2270 1578 2298 δὲ
1586 2270 1640 2298 τῶν
1648 2270 1867 2307 προσταγμάτων
1879 2267 1927 2297 τοῦ

1142 2316 1209 2343 Θεοῦ
1223 2315 1388 2351 φωτίζεσθαι
1405 2317 1454 2352 τὴν
1472 2316 1590 2344 διάνοιαν
1603 2316 1657 2344 τῶν
1672 2315 1791 2343 εὐσεϐῶν
1805 2314 1926 2351 εύδηλονο

1142 2361 1236 2396 ὥσπερ
1249 2361 1302 2398 γὰρ
1315 2362 1345 2388 έν
1364 2362 1447 2388 παντὶ
1466 2362 1569 2397 ῥήματι
1582 2360 1650 2388 Θεοῦ
1667 2352 1798 2396 τρέφεται
1809 2361 1826 2396 ἡ
1841 2359 1926 2396 ψυχὴ,

1141 2406 1228 2438 οὓτως
1241 2407 1288 2434 καὶ
1307 2407 1336 2433 ὲν
1360 2407 1441 2434 παντὶ
1455 2407 1646 2443 προστάγματι
1665 2405 1867 2440 καταυγάζεται
1880 2405 1929 2433 καὶ

1142 2453 1297 2486 φωτίζεται.

1179 2499 1284 2535 Σπουδὴ
1296 2499 1384 2526 τοίνυν
1398 2498 1522 2526 ἑκάστων
1537 2499 1594 2526 in!
1608 2498 1655 2526 καὶ
1671 2497 1769 2534 μελέτη
1782 2497 1814 2525 τὸ
1828 2498 1916 2524 δικαιο

1144 2545 1227 2579 σύνην
1256 2544 1353 2580 μαθεῖν
1364 2552 1372 2560 ο
1397 2544 1458 2572 οὐδὲ
1487 2544 1541 2581 γὰρ
1557 2544 1595 2576 ὡς
1609 2543 1638 2570 ιν
1648 2551 1675 2570 τι
1691 2542 1746 2569 τῶν
1758 2543 1788 2569 ιν
1802 2542 1928 2578 τῇιιφύσει

1143 2590 1278 2624 κειμένων
1310 2589 1357 2616 καὶ
1375 2589 1454 2616 τοῦτο
1476 2590 1542 2626 ἡμῖν
1561 2589 1747 2624 συμπέφυκεν,
1767 2588 1812 2615 ῐνα
1833 2587 1930 2623 ἀμελε-

1149 2748 1204 2770 tam
1229 2743 1339 2778 quidem
1363 2741 1500 2778 integrum
1527 2741 1758 2778 commentarium
1777 2739 1929 2768 confecisse

1148 2786 1202 2815 non
1218 2775 1330 2810 dubito;
1342 2777 1392 2815 sed
1404 2775 1507 2805 catena
1517 2775 1716 2815 auctor_codice
1725 2776 1817 2810 aliquo
1830 2782 1928 2815 maneo

1149 2813 1266 2840 fortasse
1294 2813 1439 2845 utebatur;
1467 2819 1554 2847 neque
1578 2812 1651 2847 enim
1677 2816 1718 2839 tot
1739 2812 1932 2839 commeantis

1148 2853 1240 2883 partes
1255 2851 1351 2883 sponte
1371 2846 1577 2883 pretermisisse
1595 2846 1715 2875 videtur.
