2131 3167
354 179 363 204 1
369 177 420 204 525

949 169 1124 199 THEODORI
1143 166 1403 198 HERACLEENSIS

1899 169 1976 198 «ται

351 232 510 263 veraveritis
533 235 639 264 vestra,
665 227 918 257 immisericorditer
950 228 1055 256 meritis
1083 235 1132 255 vos
1148 230 1192 258 Αε

1148 230 1170 258 Α
1183 235 1253 258 στως
1269 227 1297 253 ὲν
1309 226 1342 260 τῇ
1358 224 1447 260 κρίσει
1457 223 1510 251 τῶν
1522 224 1585 260 ὑμῖν
1600 224 1813 259 ἑτοιμασθέντων
1827 225 1977 261 ἐκδέξησθσ

351 280 441 316 panis
455 278 552 306 adiciet
566 287 572 304 :
587 275 673 304 Iudex
686 275 759 302 enim
773 274 896 304 omnium
912 273 993 300 Deus.

390 369 474 398 Vsus.
490 368 534 397 19.
560 367 677 395 Sanctos
693 368 774 392 vocat
794 363 856 391 illos
875 363 921 398 qui
938 369 986 396 per
1003 360 1137 396 poeniten-

353 418 421 444 tiam
446 414 619 443 sanctitatem
642 411 694 439 sibi
714 411 953 444 comparaverunt.
983 405 1137 433 Plorantem

353 461 504 491 Jerusalem
517 459 593 494 lingit
605 457 748 493 propheta,
764 454 837 492 quod
849 460 909 481 eam
925 452 1014 487 reipsa
1030 451 1138 486 plorare

354 507 512 536 misericors
528 505 635 532 animus
650 505 767 531 optaret.

389 564 473 591 Vens.
486 562 532 590 20.
549 561 711 590 Jerusalem,
727 557 769 584 vel
782 555 816 583 ad
832 559 938 590 tempus
951 553 1035 581 breve
1047 551 1137 578 tribu-

355 609 504 638 lationibus
524 606 638 637 altlicta,
661 608 689 631 te
704 601 849 637 [intelligas
869 599 924 628 Deo
948 599 1064 626 alienam
1077 603 1139 624 esse

355 655 473 686 factam;
490 652 525 680 de
538 658 593 686 quo
606 650 653 677 ubi
670 648 759 683 egeris
774 645 964 682 pcenitentiam
979 662 986 675 ,
1002 642 1036 670 ab
1050 641 1137 668 homi-

355 701 437 728 nibus
452 697 614 726 liberaberis
631 694 678 731 qui
694 698 722 722 te
734 692 884 728 decipiunt.

390 757 473 784 Vens.
489 755 535 782 il.
560 753 698 780 llluminat
719 750 868 778 Jerusalem
893 747 926 774 ad
950 743 1138 781 agnoscendos

354 808 481 833 errores;
504 798 641 827 vaticiniis
670 797 745 823 enim
775 793 875 821 ﬂdebat
901 799 951 828 per
979 791 1138 824 deceptores

356 847 481 883 prolatis.
497 846 565 873 Cum
582 844 624 871 via
646 842 679 870 ad
692 842 830 869 dexteram
847 838 896 865 tibi
915 841 1006 868 esset.
1021 835 1055 863 ad
1070 835 1138 863 sini-

356 882 441 920 stram
471 890 623 922 deﬁnisti,
649 889 682 916 ab
712 887 774 915 istis
800 885 927 915 seducta.
953 882 1019 910 mihi
1049 885 1137 908 autem

357 943 496 980 nunqnam
523 933 684 966 credidisti,
708 937 849 966 nunquam
871 936 914 956 me
940 928 968 955 in
992 926 1137 954 consilium

357 983 406 1009 tibi
420 981 577 1010 adhibuisti.

394 1071 528 1099 Vnsﬂi.
542 1067 720 1097 illustrandae
733 1065 836 1093 indicat
851 1071 897 1092 res
914 1061 1013 1090 animis
1024 1065 1138 1087 conver-

357 1118 410 1150 sis;
420 1117 478 1152 iam
493 1124 559 1148 non,
571 1115 670 1149 inquit,
680 1113 800 1140 vanitate
812 1110 946 1138 idolorum
954 1103 1137 1141 decipiemini,

357 1149 407 1191 sed
420 1149 553 1196 deﬁciens
572 1167 616 1192 ea,
634 1162 662 1186 et
673 1155 871 1185 conculcabitis
886 1161 918 1181 ea
929 1172 936 1185 ,
961 1157 987 1180 et
1001 1149 1139 1186 apparebit

356 1215 450 1235 eorum
473 1205 652 1237 imbecillitas,
667 1209 694 1230 et
707 1206 830 1229 stercore
843 1199 940 1227 viliora
955 1196 1136 1224 habebuntur.

392 1263 474 1291 Vsus.
490 1262 535 1290 23.
552 1261 692 1290 Conversa
707 1258 807 1294 populo
822 1260 849 1284 et
868 1255 1003 1291 justitiam
1023 1256 1119 1288 agente
1129 1270 1137 1283 ,

357 1310 497 1338 solventur
527 1313 697 1342 quaecunque
735 1307 895 1340 peccantem
935 1298 1137 1335 opprimebant.

356 1355 482 1389 Quaudiu
501 1354 573 1382 enim
588 1356 700 1388 peccato
715 1353 742 1377 et
758 1349 838 1377 idolis
858 1345 1029 1378 indulsistis,
1052 1343 1139 1371 fames

357 1408 406 1429 vos
426 1405 452 1428 et
474 1398 693 1427 necessariorum
718 1396 810 1431 inopia
825 1393 981 1428 premebat;
1005 1392 1043 1418 ita
1066 1396 1139 1417 nunc

356 1453 419 1474 cum
433 1444 505 1472 idola
535 1442 654 1478 fregistis
665 1462 672 1474 ,
690 1444 717 1469 et
733 1441 762 1468 in
778 1439 853 1466 nullo
870 1438 957 1473 pretio
986 1435 1139 1466 habuistis.

357 1489 539 1519 servientibus
554 1487 606 1515 sibi
622 1486 697 1514 dabit
712 1484 784 1512 Deus
805 1483 882 1511 vobis
903 1481 1021 1517 pluviam
1040 1479 1140 1506 bonam

356 1541 384 1564 et
400 1536 492 1571 fruges
505 1541 601 1562 omnes
613 1537 692 1560 terrae
704 1531 731 1558 in
745 1537 825 1558 usum
839 1532 976 1559 vestrum;
993 1533 1053 1561 qua
1063 1523 1141 1552 vobis

357 1569 546 1616 copiosissime
561 1578 700 1613 largietur.
719 1575 835 1610 Propter
856 1580 904 1601 vos
924 1579 987 1599 cum
1003 1571 1059 1598 sint
1083 1569 1141 1596 hac

357 1615 466 1657 omnia.
496 1624 637 1652 vobiscum
669 1629 779 1657 quoque
807 1620 900 1654 vigent
926 1621 972 1644 aut
1000 1615 1140 1643 delicium.

356 1673 475 1708 Apparet
493 1672 574 1698 etiam
597 1677 630 1697 ex
654 1669 697 1696 his
713 1667 799 1695 Deum
819 1673 880 1693 esse
904 1670 995 1691 rerum
1018 1661 1140 1689 omnium

357 1717 532 1748 Creatorem,
547 1723 601 1742 non
625 1713 766 1740 hominum
791 1711 888 1742 modo,
904 1709 952 1736 sed
974 1705 1141 1735 omnimodo

357 1770 420 1790 rum
433 1762 516 1790 etiam
531 1759 702 1788 animalium.

399 1848 477 1876 Vens.
492 1847 537 1875 26.
564 1848 624 1874 Non
647 1847 751 1874 indicat
774 1845 820 1872 hic
842 1844 930 1871 lucem
945 1844 1140 1870 eementorum

359 1895 511 1929 augendam
525 1901 596 1925 esse,
610 1892 658 1921 sed
672 1892 806 1923 laetitiam,
820 1897 880 1925 qua:
889 1889 986 1916 diebus
1001 1888 1054 1915 illis
1067 1888 1141 1922 ipsos

358 1940 461 1968 etl‘eret.
483 1941 522 1967 lta
536 1940 609 1966 enim
630 1938 806 1966 exsultabunt
827 1936 910 1963 animi
926 1942 1038 1967 eorum;
1055 1938 1084 1961 ut
1100 1933 1141 1959 lu-

358 1994 422 2014 men
447 1985 502 2013 diei
524 1989 636 2012 auctum
653 1983 787 2015 credant,
813 1985 842 2008 ut
864 1981 1006 2011 illustrior,
1022 1978 1142 2014 splendi—

358 2033 474 2067 diorque
497 2031 556 2058 dies
580 2030 671 2057 lucere
700 2028 843 2060 videatur;
874 2025 1045 2054 sanabuntur
1069 2023 1141 2051 enim

359 2078 442 2106 animi
455 2085 550 2106 eorum
562 2097 569 2108 ,
591 2075 780 2111 spiritualibus
794 2072 931 2101 emendati
953 2070 1142 2106 reprehensio-

360 2124 452 2155 nibus,
468 2131 483 2150 a
498 2121 600 2149 doloris
613 2121 789 2147 tribulatione
802 2117 940 2145 liberati.’

1187 271 1226 343 ἓξ,
1245 270 1391 306 ἀμοιϐαῖα·
1411 269 1508 305 κριτὴς
1530 268 1584 304 γὰρ
1600 269 1655 296 τῶν
1678 269 1786 296 πάντων
1811 269 1946 297 καθιείται
1964 270 1980 297 ὁ

1214 324 1299 343 υοιος.

1214 325 1299 342 υοιοε.

1250 325 1259 342 ι
1277 325 1299 342 -.

1228 324 1335 394 ’ἰᾷίους
1347 360 1425 387 καλεῖ
1432 360 1496 391 τοὺς
1507 360 1551 387 διὰ
1564 360 1615 395 τῆς
1629 359 1772 396 μετανοίας
1784 358 1830 386 τὸν
1839 359 1980 394 ἁγιασμδν

1187 405 1435 440 ὲφελκυσαμὲνους·
1449 403 1596 441 κλαίουσαν
1613 404 1642 431 δὲ
1658 406 1708 441 τὴν
1726 403 1902 439 Ἰερουσαλὴμ
1922 404 1980 430 εισ-

1187 451 1249 484 άγει
1264 451 1278 476 ό
1293 450 1444 485 προφήτης,
1461 448 1659 484 προανατυπῶν
1673 447 1757 485 αὐτὴν
1767 447 1894 483 τοιαύτην
1903 448 1981 475 κατὰ

1188 494 1250 522 νοῦν
1264 493 1361 521 ἑαυτοῦ
1378 495 1433 526 τοῖς
1445 494 1496 529 τῆς
1513 494 1683 530 συμπαθείας
1695 494 1867 529 σπλάγχνοις.

1224 551 1293 584 Ἵνα,
1308 551 1360 578 κάν
1371 550 1438 585 γοῦν
1460 550 1528 586 πρὸς
1545 546 1787 585 ὀλίγον’θλιδεῖσα,
1803 551 1893 587 εὕροις
1910 551 1981 578 sau-

1188 597 1236 632 τὴν
1253 596 1395 632 ἀλλοτρίαν
1421 595 1490 622 Θεοῦ
1513 597 1710 630 πεποιηκυϊαν·
1729 596 1771 630 ἐφ’
1789 593 1829 628 οἷς
1844 603 1981 631 μετανοη-

1189 643 1276 678 σάσης
1289 650 1347 675 σου,
1358 641 1538 677 ἀπαλλαγήσῃ
1550 641 1604 668 τῶν
1619 641 1781 668 πλανώντων
1794 650 1834 669 σε.

1231 740 1363 775 Ὄμματοῖ
1378 739 1427 775 τὴν
1452 739 1630 775 Ἰερουσαλὴμ.
1649 740 1718 775 πρὸς
1741 740 1903 775 κατανόησιν
1924 740 1979 776 τῆς

1191 786 1258 818 ιδίας
1273 786 1360 820 αὐτῆς
1385 785 1488 821 πλάνης
1500 794 1507 801 ·
1524 786 1619 821 ὑπεῖχε
1634 785 1689 821 γὰρ
1710 784 1810 821 ἑαυτὴν
1832 787 1889 818 τοῖς
1907 787 1975 822 μάν-

1189 840 1252 858 τεσι
1267 831 1432 859 πιστεύουσα
1450 833 1506 864 τοῖς
1521 833 1586 868 παρ’
1604 832 1717 859 ἐκείνων
1740 831 1897 868 λεγομένοις
1907 841 1914 848 ·
1930 832 1983 860 xui.

1189 877 1249 904 ὀδοῦ
1263 886 1304 904 σοι
1324 878 1507 913 προκειμένης
1517 878 1564 904 επὶ
1580 877 1613 904 τὰ
1629 876 1714 911 δεξιὰ,
1728 877 1917 913 ἁνεκάμπτετι
1931 878 1983 905 ἀπὶ

1187 923 1223 950 τὰ
1237 923 1379 958 ἀριστερὰ.
1399 923 1512 950 ἐκείνων
1535 922 1774 958 συμϐουλευόντων
1794 931 1852 950 σοι·
1870 924 1936 959 ἐμοὶ
1950 923 1983 950 δὶ

1190 968 1292 1003 σαυτὴν
1313 967 1441 994 οὐδέποτε
1462 967 1570 999 ἀνέθου,
1588 967 1648 994 οὐδὲ
1663 966 1812 1003 σύμϐουλον
1826 966 1881 994 τῶν
1906 975 1982 1003 πρα-

1188 1013 1275 1040 κτέων
1285 1012 1390 1045 ἔλαϐες.

1223 1057 1280 1094 Τὴν
1302 1058 1371 1093 μετά
1394 1057 1444 1094 τὴν
1458 1057 1607 1092 ιπίγνωσιν
1627 1057 1802 1093 συναίσθησιν
1828 1057 1979 1093 σημαίνει·

1188 1104 1236 1136 ὡς,
1247 1104 1355 1136 Οὐκέτι,
1366 1103 1458 1139 φησιν,
1474 1103 1602 1136 ἀνέξεσθε
1616 1103 1666 1139 τῆς
1681 1103 1859 1140 ματαίοτητος
1871 1103 1929 1130 τῶν
1941 1104 1983 1130 ιι-

1188 1150 1288 1176 δώλων·
1307 1149 1374 1177 ἀλλὰ
1388 1149 1568 1181 ωαλάσετε·
1582 1150 1628 1176 καὶ
1637 1149 1808 1185 συντρίψετε,
1820 1149 1851 1176 τὸ
1863 1149 1982 1181 Mevi;

1189 1195 1277 1223 aiiqu
1287 1195 1450 1228 δεικνύντες,
1462 1196 1510 1223 καὶ
1520 1196 1641 1232 κοπρίων
1652 1195 1802 1231 ἀτιμότερα
1815 1195 1979 1231 ἡγούμενοι.

1224 1250 1265 1277 Τὰ
1280 1250 1314 1278 δι’
1331 1251 1467 1287 ἁμαρτίαν
1484 1251 1640 1286 ὲπαγόμενα
1657 1251 1691 1278 δι’
1704 1251 1872 1287 ἐπιστροφῆς
1885 1259 1916 1277 τε
1930 1250 1981 1278 καὶ

1189 1297 1360 1333 δικαιοσύνης
1372 1297 1474 1325 λύεται.
1488 1298 1592 1334 Ὠσπερ
1602 1297 1667 1333 γὰρ,
1678 1297 1888 1334 ἁμαρτανόντων
1899 1295 1981 1332 ὑμῶν

1189 1343 1237 1370 καὶ
1248 1344 1304 1375 τοῖς
1316 1343 1434 1374 εἰδώλοις
1450 1343 1639 1376 δουλευόντων,
1659 1342 1737 1378 λιμὸς
1750 1342 1797 1369 καὶ
1812 1342 1909 1376 σπάνις
1921 1340 1980 1368 τῶν

1189 1387 1344 1422 ἀναγκαίων
1358 1388 1515 1423 ἐπεκράτει·
1528 1387 1623 1420 οὕτως,
1638 1387 1812 1422 ἐκκοψάντων
1823 1387 1858 1414 τὰ
1869 1386 1978 1419 εῑδωλα,

1190 1433 1237 1459 καὶ
1252 1433 1328 1459 οὐδὲν
1342 1433 1432 1459 ἐκεῖνα
1451 1433 1633 1468 ἡγησαμένων
1652 1431 1732 1464 εἶναι,
1750 1432 1818 1459 ἀλλὰ
1837 1431 1980 1459 δουλευόν-

1189 1486 1243 1504 των
1255 1478 1293 1513 τῷ
1316 1478 1386 1513 Θεῷ,
1403 1478 1483 1505 δώσει
1495 1478 1559 1514 ὑμῖν
1578 1478 1624 1505 καὶ
1645 1478 1721 1505 ὑετὸν
1741 1478 1853 1512 ἀγαθὸν,
1870 1479 1919 1505 καὶ
1944 1478 1980 1505 τὰ

1191 1523 1223 1549 ὲκ
1245 1522 1297 1557 γῆς
1314 1523 1402 1549 πάντα
1428 1523 1496 1559 πρὸς
1513 1523 1660 1550 ἀπόλαυσιν
1687 1523 1833 1559 ὑμετέραν.
1858 1523 1979 1558 Παρέξιι

1192 1568 1245 1604 γὰρ
1262 1569 1325 1603 ὑμῖν
1342 1569 1381 1600 εις
1395 1569 1475 1604 κόρον
1485 1577 1492 1584 ·
1507 1569 1538 1595 οὐ
1554 1569 1632 1604 μόνον
1646 1568 1675 1595 δὲ
1690 1569 1764 1604 ὑμῖν,
1778 1568 1847 1595 ἀλλὰ
1861 1568 1910 1595 καὶ
1920 1569 1979 1599 τοῖς

1192 1614 1318 1648 κτήνεσιν
1337 1614 1430 1649 ὑμῶν’
1447 1614 1481 1640 τὰ
1498 1613 1599 1650 γάρδι*
1617 1614 1689 1649 ὑμᾶς
1703 1614 1836 1649 γενόμενα
1851 1614 1898 1640 καὶ
1915 1621 1979 1640 συν.

1190 1662 1350 1696 τιμωρεῖται
1365 1660 1413 1687 καὶ
1432 1659 1609 1688 συναπολαύει
1626 1659 1680 1686 τῶν
1697 1659 1818 1694 ἀγαθῶν.
1834 1658 1978 1686 Δείκνυται

1190 1707 1218 1734 δὲ
1234 1707 1281 1734 καὶ
1305 1706 1350 1733 διὰ
1367 1705 1474 1737 τούτου,
1488 1705 1527 1737 ὡς
1540 1706 1555 1731 ὁ
1578 1705 1643 1736 Θεὸς
1665 1704 1719 1731 τῶν
1740 1704 1847 1731 πάντων
1863 1703 1979 1739 ποιητὴς

1191 1752 1370 1787 καθέστηκεν,
1384 1752 1414 1778 οὐ
1429 1752 1509 1786 μόνον
1521 1750 1670 1786 ἀνθρώπων
1680 1750 1749 1777 ἀλλά
1760 1749 1808 1776 καὶ
1820 1749 1896 1781 ζώων
1909 1756 1978 1776 παν-

1190 1798 1322 1826 τοδαπῶν.

1231 1843 1362 1871 Ἐνταῦθα
1373 1843 1403 1870 οὗ
1421 1843 1578 1879 προσθήκην
1594 1842 1640 1869 τοῦ
1658 1842 1747 1876 φωτὸς
1762 1843 1817 1867 τῶν
1837 1839 1977 1875 στοιχείων

1191 1891 1274 1926 δηλοῖ,
1289 1890 1355 1917 ἀλλὰ
1370 1890 1420 1924 τῆς
1441 1888 1667 1924 καταληψομένης
1692 1887 1790 1918 αὐτοὺς
1808 1887 1838 1912 ὲν
1859 1885 1978 1916 ἐκείναις

1190 1938 1250 1967 ταῖς
1268 1935 1385 1970 ἡμέραις
1401 1934 1570 1969 εὐφροσύνης
1580 1941 1586 1948 '
1601 1933 1672 1959 οὕτω
1692 1932 1747 1967 γὰρ
1764 1932 1804 1963 εις
1818 1930 1977 1965 ἀγαλλίασιν

1191 1979 1323 2008 ἀπιδώσου
1328 1988 1368 2006 σιν
1378 1979 1467 2006 αὐτῶν
1477 1980 1506 2005 αι
1521 1978 1616 2013 ψυχαὶ,
1628 1978 1666 2009 ὡς
1676 1977 1724 2004 καὶ
1735 1975 1894 2012 προσθήκην
1905 1975 1977 2008 ῑξτιν

1192 2026 1288 2057 αὐτοὺς
1296 2024 1419 2060 ἡγεῖσθαι
1431 2024 1466 2050 τὰ
1473 2024 1550 2058 φῶτα
1565 2023 1613 2059 τῆς
1627 2022 1743 2058 ἡμέρας,
1753 2023 1800 2048 καὶ
1815 2021 1976 2057 λευκοτέρας

1192 2071 1283 2102 αὐτοῖς
1291 2071 1337 2096 καὶ
1346 2070 1525 2105 φαιδροτέρας
1531 2068 1698 2105 ὀφθήσεσθαι
1709 2067 1757 2099 τὰς
1769 2068 1876 2103 ἡμέρας
1885 2075 1893 2082 ·
1903 2067 1976 2094 ῐασιν

1191 2116 1244 2152 γὰρ
1252 2115 1417 2148 ὲπιοέξονται
1429 2114 1498 2141 κατὰ
1504 2114 1602 2150 ψυχὴν,
1609 2114 1819 2150 θεραπευόμενοι
1828 2113 1892 2145 τοὺς
1897 2113 1976 2149 ψυχι-

1192 2161 1257 2191 κοὺς
1264 2159 1306 2196 μώ
1310 2168 1385 2196 μους,
1395 2159 1442 2186 καὶ
1448 2159 1679 2193 ἀπαλλαττόμενοι
1686 2157 1734 2194 τῆς
1740 2157 1865 2188 θλιὸερᾶς
1870 2158 1973 2192 ὀδύνης.

395 2226 478 2254 Vens.
492 2226 538 2254 9.8.
564 2225 660 2252 Divina
684 2222 855 2258 prouidentia
876 2223 976 2248 cuncta
995 2219 1050 2253 regi
1075 2225 1139 2244 con~
1155 2224 1178 2251 ι)
1228 2219 1236 2244 Ἶ

1132 2232 1139 2237 -
1155 2224 1178 2251 ι)
1228 2219 1283 2254 Τὴν
1297 2218 1366 2244 κατά
1380 2218 1489 2244 πάντων
1515 2216 1642 2242 θεοπτίαν
1655 2215 1706 2242 κάν
1726 2215 1813 2251 τούτῳ
1829 2215 1973 2246 δείκνυσιν,

361 2271 470 2298 ﬁrmant
489 2271 542 2298 ista
554 2289 562 2302 ,
580 2276 641 2296 cum
659 2269 700 2294 ira
722 2266 769 2293 Dei
787 2273 841 2293 non
862 2264 896 2292 ad
911 2263 1019 2291 Iudaeos
1035 2266 1139 2289 tantum

361 2320 484 2353 spectet,
505 2315 552 2343 sed
567 2319 594 2342 et
616 2312 758 2349 suppliciis
774 2312 848 2346 ipsas
865 2314 959 2345 gentes
982 2308 1090 2335 alliciat.
1109 2306 1141 2333 Ni

360 2363 430 2393 alios
447 2362 519 2389 enim
542 2359 779 2395 reprehendisset,
799 2357 921 2384 licuisset
944 2354 1076 2382 lsraelitis
1097 2353 1140 2380 di-

359 2416 425 2438 cere
436 2408 509 2436 solos
523 2411 632 2442 propter
646 2410 755 2440 peccata
769 2412 785 2430 a
797 2403 852 2431 Deo
869 2401 972 2437 puniri.
988 2400 1046 2427 Hoc
1062 2400 1142 2434 igitur

360 2459 392 2484 ut
405 2457 564 2490 pmaveat,
576 2455 668 2479 monet
678 2459 707 2478 se
719 2454 814 2486 gentes
826 2456 934 2484 quoque
945 2447 1142 2482 judicaturum.

361 2504 389 2527 et
405 2500 439 2526 ab
461 2500 501 2527 eis
527 2505 622 2533 poenas
645 2497 823 2532 repetiturum
847 2502 893 2529 per
917 2500 1036 2522 errorem
1061 2492 1142 2523 meri-

397 2633 478 2662 Vzns.
493 2632 540 2660 29.
555 2631 604 2658 His
616 2630 749 2658 discimus
765 2629 846 2657 nobis
860 2636 916 2656 non
931 2628 1005 2655 omni
1022 2631 1143 2662 tempore

361 2679 461 2705 laetitiae
485 2676 680 2711 indulgendum
705 2682 783 2708 esse;
816 2674 872 2702 noli
897 2673 970 2701 enim
995 2676 1090 2707 putare
1117 2675 1143 2697 te

362 2723 503 2758 splendida
528 2722 598 2750 l'esta
628 2721 808 2753 celebrando,
835 2724 862 2748 et
890 2720 1012 2747 animum
1036 2717 1142 2754 gaudiis

365 2768 546 2800 dittundendo,
555 2768 706 2796 mercedem
717 2767 765 2794 tibi
776 2767 998 2801 promeriturum.
1006 2764 1064 2791 Non
1076 2771 1140 2798 pec-

364 2823 424 2843 care
438 2815 547 2850 quidem
561 2814 668 2842 videtur
678 2814 724 2849 qui
737 2813 814 2841 festis
823 2813 993 2843 convivatur.
1008 2815 1036 2838 at
1045 2809 1144 2838 exinde

363 2860 513 2890 mercedem
538 2860 617 2889 nobis
641 2860 762 2887 futuram
791 2867 826 2888 ne
848 2865 998 2894 speremus.
1015 2857 1143 2890 Quinimo

1192 2265 1293 2299 ὄτιοὺχ
1314 2263 1365 2295 ἕως
1385 2263 1487 2289 τούτων
1508 2263 1636 2296 στήσεται
1652 2262 1684 2288 τὰ
1708 2261 1759 2296 τῆς
1774 2260 1869 2296 ὀργῆς,
1885 2260 1976 2296 διασή-

1195 2319 1270 2337 σεται
1283 2310 1311 2336 δὲ
1328 2310 1375 2336 καὶ
1389 2310 1428 2340 εις
1443 2308 1477 2335 τὰ
1489 2308 1552 2343 ἔθνη
1569 2308 1586 2342 ἡ
1598 2307 1732 2343 τιμωρία·
1746 2307 1790 2333 ἵνα
1804 2306 1859 2342 γὰρ
1874 2306 1911 2342 μὴ
1930 2306 1974 2341 δεῇ

1193 2357 1248 2387 τοῖς
1268 2355 1449 2390 Ἰσραηλίταις
1470 2353 1560 2389 μόνοις
1573 2353 1625 2379 ὑπὸ
1642 2352 1688 2379 τοῦ
1704 2352 1773 2378 Θεοῦ
1791 2351 1974 2387 ἐλεγχομένοις

1193 2399 1282 2436 λέγειν
1298 2402 1396 2432 αὐτοὺς
1419 2400 1497 2435 μόνον
1518 2399 1563 2426 τὸν
1577 2399 1642 2425 Θεὸν
1656 2399 1703 2425 ἐπὶ
1724 2400 1780 2430 τοῖς
1798 2399 1974 2434 ἁμαρτήμασι

1193 2448 1382 2483 τιμωρεῖσθαι,
1397 2446 1458 2480 οὐχὶ
1471 2446 1500 2472 δὲ
1513 2445 1560 2472 καὶ
1573 2445 1606 2472 τὰ
1620 2445 1694 2481 Εθνη,
1704 2444 1861 2478 ἀναγκαίως
1873 2445 1919 2471 καὶ
1928 2443 1973 2479 τὴν

1192 2494 1240 2520 ἐπὶ
1253 2494 1288 2520 τὰ
1301 2493 1364 2528 ἔθνη
1377 2491 1553 2527 διαδήσεσθαι
1567 2491 1688 2518 ἐκδικίαν
1708 2490 1817 2525 φάσκει,
1835 2491 1882 2516 καὶ
1895 2498 1972 2517 κατα-

1194 2539 1327 2574 λήψεσθαι
1341 2538 1439 2568 αὺτοὺς
1451 2536 1500 2572 τὴν
1514 2537 1546 2563 ὲκ
1564 2536 1614 2571 τῆς
1638 2536 1796 2571 πλανήσεως
1813 2534 1891 2571 δίκην
1912 2543 1971 2570 προ-

1194 2584 1329 2619 αγορεύει.

1229 2629 1279 2656 Διά
1290 2628 1390 2655 τούτων
1408 2626 1599 2662 διδασκόμεθα,
1621 2626 1658 2657 ὡς
1672 2626 1703 2652 οὒ
1719 2625 1771 2661 χρὴ
1789 2626 1903 2653 πάντοτε
1917 2625 1970 2656 ταις

1194 2676 1302 2703 ἀνέσεσι
1314 2674 1418 2710 χαίρειν
1427 2683 1434 2689 ·
1448 2674 1508 2700 οὐδὲ
1523 2673 1577 2708 γὰρ
1590 2673 1618 2699 ὲν
1629 2673 1688 2703 ταῖς
1701 2673 1806 2708 ἑορταῖς
1820 2671 1971 2707 ἀμείϐοντες

1194 2721 1303 2755 ἐσθῆτα.
1321 2720 1368 2746 καὶ
1392 2716 1560 2754 διαχεόμενοι
1584 2717 1633 2752 τὴν
1655 2716 1743 2752 ψυχὴν
1767 2717 1797 2742 ὲν
1812 2715 1969 2755 ερφροσύνῃ.

1193 2765 1231 2797 ὡς
1247 2754 1340 2800 μισθὸν
1357 2765 1421 2800 ἡμῖν
1437 2762 1581 2799 προξενοῦν
1597 2761 1809 2796 μεταδιώξομεν·
1825 2754 1883 2788 ἀλλ’
1894 2761 1919 2787 εί
1931 2759 1971 2787 καὶ

1194 2810 1384 2846 ἀναμάρτητον
1397 2809 1469 2836 δοκεῖ
1483 2807 1551 2835 εἶναι
1569 2808 1599 2834 τὸ
1615 2808 1644 2834 ὲν
1661 2809 1720 2840 ταῖς
1734 2808 1841 2843 ἑορταῖς
1866 2806 1971 2840 εὐωχεῐο

1196 2855 1267 2886 σθαι,
1284 2853 1340 2881 ἀλλ’
1357 2853 1416 2880 οὐδέ
1428 2861 1480 2880 που
1494 2853 1530 2885 ὡς
1546 2852 1640 2888 μισθὸν
1656 2851 1738 2880 αὑτοῦ
1750 2852 1844 2878 τούτου
1853 2850 1971 2887 ληψόμε-
