2131 3167
223 205 292 234 ηαδ

943 205 976 233 ΙΝ
995 205 1121 234 ISAIAII.

1763 211 1830 240 {326

222 270 262 288 νοι
273 261 434 297 ἔκδεξόμεθα
445 271 452 278 ·
466 262 546 289 ὁπότε
562 261 616 288 οἶδε
633 261 763 294 πολλάκις
771 262 825 305 ’καὶ
841 262 920 298 ιορτὴ
935 263 1002 298 ὰμέ-
1017 267 1038 294 Α
1053 270 1063 290 ε

990 277 1002 283 ο
1017 267 1038 294 Α
1053 263 1152 297 saepius
1171 264 1253 291 etiam
1277 271 1420 298 peccamus
1440 273 1503 293 cum
1525 267 1608 294 nimia
1632 267 1667 296 ibi
1693 269 1829 305 voluptate

220 314 292 342 τρως
301 307 341 339 είς
353 307 449 342 ἡδονὴν
462 307 606 343 ἐκχυθεῖσα
619 307 667 333 καὶ
677 299 814 342 ἁμαρτίαν
824 307 998 343 προξενῆσαι.

220 352 265 379 Δεῖ
279 350 325 380 οὗν
348 353 474 388 ἁσμένως
498 352 597 388 μᾶλλον
611 352 660 384 τὰς
681 351 784 387 θλίψεις
799 352 935 386 δέξασθαι,
962 353 1000 384 ὡς

219 397 367 433 ὶμμίσθους
382 398 523 433 ἐσομένας.

255 444 291 471 Τὸ
316 445 477 476 ἐξάκουστον
490 444 539 478 τῆς
553 443 702 480 μελλούσης
724 444 821 476 αὐτοὺς
844 443 1000 480 καταλήψο-

219 489 281 518 σθαι
293 490 371 526 δίκης
381 490 455 526 δηλοῖ
465 490 480 515 ό
498 489 576 523 λόγος
588 499 594 505 ·
609 489 669 517 οὐδὲ
690 490 745 526 γὰρ
775 490 812 522 ὡς
833 490 932 522 ἀδίκως
955 491 1000 516 έπ-

218 536 401 571 αχθησόμενον
418 534 507 570 κρυφῆ
528 534 574 561 καὶ
591 534 620 561 ἐν
631 534 716 570 γωνίᾳ
730 534 926 570 πραχθήσεται,
940 535 999 562 ἀλλ’

218 580 329 616 ἔκδηλος
353 580 428 606 ἔσται
450 581 506 611 τοῖς
530 580 627 615 πᾶσιὴ
648 579 718 614 μετὰ
743 579 846 607 δικαίου
868 579 1000 616 κρίματος

217 625 285 662 ὀργὴ
298 625 463 660 ἐπαγομένη.

252 671 346 704 Τοῦτο,
362 670 432 698 κατὰ
454 671 508 698 τῶν
528 671 676 706 Ἀσσυρίων
698 671 808 706 ὀλέθρου
832 679 999 706 προαγορευ-

217 717 317 750 θέιντος,
330 717 377 744 καὶ
391 717 440 751 τῆς
453 718 513 743 κατ’
526 716 608 744 αὑτοῦ
624 717 701 752 δίκης
713 716 887 751 δηλωθείσης,
901 717 999 743 δικαιό-

215 770 283 789 τατα
298 762 322 788 οί
346 761 507 797 Ἰσραηλῖται
522 761 724 793 ταλανίζονται·
742 761 809 796 πρὸς
835 761 884 796 μὲν
903 761 997 788 τοῦτον

217 807 389 842 ὶπτοημένοι,
409 807 482 843 παρὰ
507 807 535 834 δὲ
550 807 705 840 Δίγυπτίων
719 805 896 841 βοηθήσεσθαι
919 815 1000 842 προσ-

214 852 356 884 δοκῶντες,
377 853 424 879 καὶ
449 852 486 888 μὴ
509 852 723 887 καταφεύγοντες
738 852 785 878 ἐπὶ
803 851 848 878 τὸν
861 851 916 878 τῶν
930 852 997 878 ὅλων

214 897 280 925 Θεόν
297 907 326 925 τε
345 899 390 925 καὶ
405 899 529 934 Σωτῆρα,
544 898 573 924 δν
595 898 643 933 οὐχ
657 897 772 932 ἡγοῦντο
789 897 858 934 πρὸς
871 898 921 932 τὴν
935 897 997 933 βοή-

214 943 289 972 θειαν
309 944 398 971 αὐτῶν
423 944 610 980 ἀνταρκέσειν,
627 943 695 970 ἀλλὰ
712 945 745 979 τῇ
769 943 824 970 τῶν
844 944 934 971 ῐππων
950 944 997 971 καὶ

213 990 344 1026 ἁρμάτων
357 989 457 1025 πληθύῖ
478 989 636 1021 πεποιθότες
657 989 721 1024 παρ’
740 989 852 1016 ἐκείνων
877 988 996 1024 σωθήσε-

215 1035 276 1062 σθαι
293 1036 471 1072 προσεδόκων.

248 1081 302 1118 Τὴν
316 1082 405 1116 σοφῶς
419 1081 493 1117 παρὰ
509 1081 556 1108 τοῦ
575 1080 643 1108 Θεοῦ
661 1080 834 1116 ἁρμόζουσαν
850 1079 996 1116 θεραπείαν

211 1126 271 1157 ταις
293 1125 392 1160 ψυχαῖς
413 1125 503 1152 αὐτῶν
528 1124 764 1161 προσαχθήσισθαι
786 1125 932 1161 σημαίνει·
955 1125 995 1152 ὅτι

212 1171 260 1198 καὶ
282 1171 353 1198 αὐτὰ
376 1171 461 1198 ταῦτα
486 1171 638 1204 κακωτικὰ,
664 1171 758 1207 ὥσπερ
777 1171 879 1206 ἀγαθοῦ
902 1171 995 1206 ἰατροῦ

211 1217 391 1249 ικκόπτοντος
403 1217 478 1243 νόσον
493 1217 539 1244 καὶ
563 1218 678 1252 ίωμένου
697 1218 895 1253 ἁμαρτήματα,
911 1225 995 1253 προσ-

211 1262 273 1298 άγει
283 1271 289 1278 ·
309 1262 398 1297 σοφῶς
412 1262 458 1289 τοῦ
473 1262 540 1289 Θεοῦ
554 1263 599 1290 διὰ
609 1263 662 1290 τῶν
672 1263 820 1291 δοκούντων
828 1261 896 1290 εἶναι
909 1263 994 1298 λυπηο

211 1308 267 1344 ρῶν
290 1309 501 1342 σωφρονίζοντος
525 1309 586 1341 τοὺς
602 1309 816 1345 ἁμαρτάνοντας,
837 1310 884 1336 καὶ
900 1310 993 1345 καιρὸν

211 1353 355 1389 μετανοίας
366 1353 554 1389 χαριζομένου.

252 1399 330 1426 Ἀλλὰ
355 1399 400 1425 καὶ
428 1399 627 1434 μετανοούντων
650 1399 815 1435 ὑπερασπιεῖ
838 1400 927 1436 ἡμῶν,
945 1400 992 1427 καὶ

209 1444 446 1480 ἁντιποιηθήσεται
472 1444 521 1480 τῆς
543 1443 728 1481 Ἰερουσαλὴμ,
750 1444 795 1472 ῐσα
810 1446 867 1478 τοῖς
889 1446 992 1482 ὀρνέοις

208 1491 265 1521 τοῖς
280 1489 405 1525 βοηθοῦσι
417 1491 472 1522 τοῖς
484 1490 587 1517 ἑαυτῶν
603 1492 718 1522 νεοττοῖς
728 1499 735 1506 ·
750 1491 796 1517 καὶ
813 1490 867 1526 γὰρ
878 1491 992 1518 κάκεῖνα

209 1535 274 1570 παρ’
285 1534 368 1561 αὐτοῦ
383 1535 503 1562 δέδεκται
517 1534 604 1562 ταῦτα
616 1536 650 1562 τὰ
665 1535 765 1570 φυσικὰ
779 1535 945 1571 συνθήματα.

243 1580 312 1612 Τοὺς
324 1581 352 1606 ὲν
364 1581 420 1611 τοῖς
433 1582 526 1612 κακοῖς
540 1581 741 1616 ὲμδαθύνοντας
753 1581 801 1608 καὶ
815 1582 844 1608 ὲν
853 1583 910 1613 τοϊς
922 1581 991 1609 κατὰ

207 1623 273 1651 Θεὸν
296 1625 469 1656 ἐπιπολαίους
483 1626 653 1660 ἐπιστρέφων
665 1626 679 1652 ὁ
692 1625 780 1660 λόγος,
800 1625 833 1653 τὰ
849 1627 909 1654 καθ’
928 1627 991 1653 ἑαυ-

207 1671 270 1702 τοὺς
285 1672 400 1707 ωνορᾷν
422 1671 608 1706 συμὼυλεύει,
632 1671 750 1704 κακίζων
775 1671 864 1699 αὐτῶν
880 1673 926 1700 καὶ
940 1673 990 1709 τὴν

208 1716 378 1752 πεποίθησιν,
393 1717 425 1752 ἢν
441 1718 484 1743 ἐπ’
500 1717 663 1752 Αἰγυπτίους
680 1718 836 1753 ἐκέκτηντο.

248 1762 328 1788 Ἀλλὰ
340 1762 424 1790 ταῦτα
448 1763 506 1798 ιιλν,
521 1764 583 1790 ὅσον
596 1761 661 1799 ἧκεν
678 1765 718 1796 είς
738 1764 787 1799 τὴν
805 1765 934 1800 ἱστορίαν,
950 1765 989 1796 εἰς

206 1807 251 1833 τὸν
269 1808 392 1840 Ἐζεκίαν
414 1809 589 1845 λεχθήσονται
599 1819 605 1824 ·
620 1810 721 1845 κυρίως
732 1810 760 1836 δὲ
779 1810 938 1846 νοηθήσεται
950 1813 989 1843 είς

206 1852 288 1879 αὑτὸν
299 1853 345 1880 τὸν
359 1854 472 1889 Σωτῆρα
482 1863 489 1870 ⁸
503 1854 536 1880 ἶν’
557 1854 665 1889 ἔχοιμεν
679 1856 758 1886 νοεῖν,
772 1855 814 1881 ὅτι
833 1855 863 1882 τὸ
882 1855 989 1890 ἀληθῶς

206 1897 342 1933 μακάριον
357 1897 431 1925 ἔσται
444 1900 500 1930 τοῖς
515 1899 695 1934 προκεκοπόσι
713 1900 784 1926 κατὰ
803 1899 868 1926 Θεὸν
883 1900 930 1927 καὶ
940 1901 988 1936 τὴν

205 1943 262 1971 ἄνω
283 1942 351 1984 Fui»:
365 1944 478 1976 οἰκοῦσι,
495 1945 541 1971 καὶ
560 1945 670 1979 βασιλέα
694 1946 924 1982 ἐπιγραφομένοις
944 1947 988 1974 τὸν

205 1988 307 2024 Κύριον
318 1988 395 2024 ἡμῶν
412 1989 515 2025 Ἰησοῦν
531 1990 657 2025 Χριστὸν,
676 1991 715 2022 είς
728 1990 758 2017 ὃν
773 1990 843 2017 κατὰ
855 1991 906 2026 γῆν
921 1992 989 2027 ἡμε-

204 2033 286 2069 τέραν
297 2034 343 2060 καὶ
359 2035 376 2069 ἡ
390 2034 462 2069 ἄκρα
475 2034 628 2070 δικαιοσύνη
644 2035 813 2070 νοηθήσεται.

239 2079 290 2105 Τὸν
303 2078 354 2110 τὰς
364 2079 472 2111 ἐντολὰς
486 2079 531 2107 τοῦ
544 2079 610 2106 Θεοῦ
621 2081 783 2116 τηρήσαντα,
798 2081 843 2107 καὶ
855 2081 948 2116 ὥσπερ
959 2082 987 2108 ὲν

205 2124 292 2160 ἑαυτῷ
304 2124 368 2156 τοὺς
389 2125 484 2160 λόγους
495 2125 542 2152 τοῦ
565 2125 632 2152 Θεοῦ
655 2126 865 2162 κατακρύψαντα
887 2127 933 2153 ἐπὶ
946 2127 986 2153 δι-

204 2170 343 2207 καιοσύνῃ,
357 2170 451 2198 τοῦτον
470 2172 517 2198 καὶ
529 2172 583 2200 ἀπὸ
596 2172 681 2208 ὀργῆς
700 2173 872 2208 ὲπαγομένης
887 2181 986 2200 σκεπα-

205 2216 351 2251 σθήσεσθαι
360 2217 444 2252 δηλοῖ.

1053 307 1230 336 detineamur.
1249 308 1448 339 Tribulationes
1474 312 1555 348 igitur
1571 313 1662 348 potius
1682 315 1828 351 suscipias,

1054 357 1145 387 utpote
1159 353 1252 388 plenas
1267 355 1400 383 mercede.

1086 439 1167 468 Vens.
1184 440 1229 468 50.
1243 440 1369 469 Auditam
1384 443 1488 471 scilicet
1502 443 1584 473 faciat
1596 445 1666 475 Deus
1681 447 1828 476 vindictam

1051 492 1145 516 suam;
1161 487 1261 523 quippe
1275 495 1336 523 quae
1350 496 1405 516 non
1428 496 1533 518 secreto
1553 496 1581 518 et
1603 493 1630 519 in
1652 495 1750 529 angulo
1765 494 1826 527 ﬁet.

1049 531 1127 565 quasi
1146 538 1219 560 esset
1235 541 1304 568 opus
1321 535 1444 570 iniquum
1455 555 1463 568 .
1479 536 1525 564 sed
1540 538 1667 566 omnibus
1684 541 1827 576 perspicua

1049 576 1100 603 erit
1116 577 1157 605 ira
1173 585 1235 606 cum
1246 579 1322 614 justo
1336 579 1440 615 judicio
1452 586 1574 609 ventura.

1084 665 1148 693 Cu».
1166 666 1266 700 XXXI,
1284 668 1366 696 Vens.
1385 670 1410 697 t.
1427 670 1495 699 Cum
1509 671 1683 708 Assyriorum
1698 675 1827 705 incursus

1049 711 1215 746 praedixerit.
1231 720 1257 741 et
1272 714 1420 742 vindictam
1435 716 1470 744 ab
1485 717 1545 752 ipso
1561 719 1756 755 exercendam,
1769 729 1826 750 mo-

1047 757 1100 784 rito
1121 757 1192 786 Deus
1208 757 1343 787 lsraelitas
1367 760 1449 788 dolet.
1471 761 1539 789 Nam
1561 767 1672 798 stupore
1685 770 1825 798 amentes.

1047 807 1073 829 et
1082 803 1212 830 auxilium
1221 805 1255 832 ab
1265 804 1400 840 Egyptiis
1417 811 1618 842 exspectantes,
1628 808 1662 835 ad
1677 808 1760 838 Deum
1770 819 1825 840 non

1046 847 1227 884 confugerunt
1260 852 1380 878 omnium
1410 850 1553 880 Dominum
1584 858 1612 881 et
1639 854 1824 889 Salutarem,

1047 895 1125 928 quasi
1141 894 1238 923 fuisset
1258 896 1339 924 inane
1353 897 1413 931 ejus
1432 899 1605 933 pmsidium;
1627 901 1674 928 sed
1693 909 1825 936 equorum

1013 935 1033 965 Β
1046 943 1074 967 et
1088 947 1219 968 curruum
1233 942 1408 971 multitudine
1421 943 1526 978 conﬁsi,
1539 953 1568 973 se
1578 946 1613 974 ab
1625 947 1666 974 eis
1679 935 1826 977 salsandos

1047 991 1107 1011 esse
1122 991 1307 1020 speraverunt.

1079 1071 1162 1101 Vens.
1178 1073 1206 1102 4.
1224 1075 1339 1104 Animos
1360 1084 1453 1104 eorum
1471 1078 1620 1113 prudenter
1636 1087 1652 1107 a
1667 1079 1723 1108 Deo
1738 1081 1824 1109 infor-

1045 1120 1159 1149 mandos
1182 1129 1244 1150 esse
1272 1122 1408 1157 declarat;
1435 1132 1499 1152 nam
1533 1126 1653 1153 vindicta
1675 1126 1723 1154 Dei
1751 1128 1824 1155 velut

1045 1166 1142 1194 medici
1159 1169 1302 1202 prudentia
1319 1170 1442 1198 morbum
1460 1171 1626 1205 recidentis,
1647 1177 1675 1201 et
1700 1174 1825 1202 sanantls

1043 1211 1171 1246 vulnera;
1196 1214 1333 1248 sapienter
1349 1219 1506 1250 peccatores
1529 1216 1563 1244 ad
1589 1218 1697 1246 saniora
1714 1225 1824 1248 revocat

1043 1255 1116 1284 Deus
1127 1277 1135 1290 ,
1151 1261 1178 1286 et
1193 1263 1300 1296 tempus
1313 1261 1479 1296 paenitentis!
1491 1268 1635 1299 praeparat.
1648 1264 1712 1292 dum
1728 1265 1823 1293 laedere

1043 1301 1160 1330 videtur.

1079 1389 1162 1418 Vens.
1187 1391 1213 1418 5.
1235 1390 1426 1421 Paenitentiam
1454 1399 1564 1430 agentes
1589 1400 1712 1431 proteget
1737 1395 1819 1428 Deus.

1041 1440 1068 1464 et
1084 1436 1233 1465 Jerusalem
1252 1438 1389 1471 defendet,
1412 1440 1502 1467 avium
1529 1441 1562 1468 ad
1588 1448 1712 1468 normam
1733 1442 1822 1476 pullos

1041 1489 1106 1509 suos
1130 1481 1279 1510 foventium
1301 1493 1307 1517 ;
1337 1484 1424 1519 ipsam
1447 1485 1520 1512 enim
1542 1489 1619 1514 tanto
1647 1486 1737 1514 studio
1760 1495 1821 1522 pro-

1041 1527 1174 1561 sequitur.

1077 1571 1161 1599 Vens.
1183 1571 1209 1599 6.
1227 1572 1304 1601 Malis
1324 1573 1465 1603 demersos
1483 1579 1510 1603 et
1533 1576 1663 1611 impietati
1683 1579 1710 1606 in
1735 1579 1818 1608 Deum

1004 1604 1024 1632 (ί
1040 1603 1147 1645 deditos
1171 1618 1317 1650 allocutus.
1334 1624 1363 1647 ut
1388 1621 1440 1648 sibi
1465 1603 1610 1650 consulant
1634 1625 1729 1651 suadet
1753 1633 1817 1660 pro-

1040 1663 1130 1697 pheta,
1143 1667 1170 1691 et
1188 1664 1313 1692 ﬁduciam
1328 1667 1473 1703 exprobrat
1487 1675 1539 1703 qua
1559 1668 1585 1696 in
1602 1669 1736 1706 Egyptiis
1749 1679 1817 1699 con-

1040 1707 1167 1736 ﬁdebant.

1074 1755 1140 1782 Car.
1158 1755 1264 1788 XXXII,
1288 1757 1368 1786 Vens.
1396 1759 1420 1785 1.
1443 1758 1580 1788 Historico
1604 1761 1712 1795 quidem
1734 1770 1815 1790 sensu

1039 1801 1096 1828 haec
1116 1801 1149 1828 ad
1169 1801 1311 1830 Ezechiam
1327 1809 1463 1839 spectant,
1478 1810 1551 1833 recte
1567 1810 1657 1834 tamen
1671 1808 1704 1835 ad
1727 1809 1814 1844 ipsum

1039 1845 1205 1874 Salvatorem
1227 1849 1387 1877 referentur.
1406 1851 1512 1880 Sentias
1530 1852 1613 1888 igitur
1637 1861 1698 1882 vere
1723 1855 1816 1883 beatos

1037 1902 1098 1923 esse
1111 1895 1157 1930 qui
1171 1895 1320 1923 secundum
1334 1897 1418 1924 Deum
1434 1899 1617 1933 profecerunt,
1631 1906 1657 1928 et
1668 1909 1816 1937 supernam

1039 1938 1103 1968 Sion
1131 1946 1276 1976 occupant,
1299 1947 1326 1969 et
1352 1950 1442 1978 regem
1469 1945 1569 1972 habent
1594 1945 1738 1974 Dominum
1767 1955 1816 1975 no-

1037 1992 1124 2014 strum
1161 1986 1254 2014 Jesum
1297 1987 1435 2016 Christum
1465 1990 1509 2017 cui
1544 1991 1626 2018 etiam
1672 1992 1699 2019 in
1736 1993 1816 2022 terris

1037 2038 1143 2059 summa
1154 2031 1259 2066 justitia
1275 2033 1412 2068 competit.

1072 2075 1153 2104 Vens.
1169 2077 1196 2103 2.
1213 2077 1341 2105 Homines
1360 2079 1406 2113 qui
1423 2085 1532 2107 servant
1551 2080 1598 2108 Dei
1620 2087 1765 2117 prmcepta.
1787 2089 1815 2112 et

1035 2121 1082 2150 Dei
1103 2130 1242 2150 sermones
1261 2130 1316 2158 pra:
1332 2123 1438 2158 justitia
1454 2125 1480 2152 in
1499 2127 1651 2162 semetipsis
1664 2130 1813 2163 occultant,

1036 2168 1070 2194 ab
1087 2168 1126 2195 ira
1139 2172 1250 2196 ventura
1264 2169 1448 2199 defendendos
1458 2171 1587 2199 declarat.

238 2263 308 2294 Τοὺς
330 2263 486 2298 Ἀσσυρίους
510 2264 698 2299 ἐπικειμένους
713 2265 752 2295 είς
771 2263 897 2299 πόλεμον,
921 2264 986 2291 ἀκό-
1001 2275 1023 2301 υ
1074 2257 1079 2273 ¹

971 2279 986 2286 ,
1001 2275 1023 2301 D
1074 2257 1152 2285 Vens.
1169 2258 1196 2290 ι,
1210 2257 1236 2285 5.
1254 2258 1412 2286 lmmincnte
1424 2259 1596 2295 Assyriorum
1612 2260 1692 2294 bello,
1707 2270 1812 2298 aequum

202 2307 295 2334 λουθον
307 2305 340 2343 ἦν
353 2308 415 2339 τοὺς
432 2308 499 2343 πρὸς
513 2308 557 2334 τὸν
573 2309 638 2335 Θεὸν
652 2308 786 2340 τείνοντας
800 2309 830 2335 τὺ
844 2309 919 2344 ὄμμα
933 2317 983 2336 και

201 2355 344 2389 ταφρονείν
357 2354 404 2389 μὲν
415 2353 464 2388 τῆς
477 2353 649 2390 ἀνθρωπίνης
664 2354 798 2390 βοηθείας,
811 2353 882 2388 λέγω
893 2354 924 2390 δὴ
934 2354 983 2390 τῆς

201 2399 255 2425 τῶν
266 2399 423 2434 Αἰγυπτίων
434 2407 440 2413 ·
455 2399 497 2425 ἐπ’
509 2399 623 2426 αὑτὸνδὲ
636 2400 684 2431 τὰς
701 2400 811 2431 ἐλπίδας
823 2399 981 2435 κεκτῆσθαι,

201 2445 333 2481 καὶαὺτῷ
347 2445 488 2480 προσέχειν
505 2445 549 2471 τὸν
564 2445 626 2472 νοῦν
639 2454 646 2461 ”
660 2445 722 2477 τοὺς
734 2445 788 2481 γὰρ
801 2446 932 2481 πρότερον
945 2446 981 2481 μὴ

199 2490 361 2525 δυναμένους
373 2490 418 2516 τὸν
429 2490 478 2524 τῆς
489 2489 640 2522 θεοσεϐείας
653 2490 818 2526 διαρθρῶσαι
833 2490 909 2524 λόγον
922 2491 981 2517 τότε.

199 2537 262 2572 ινῆν
280 2536 343 2563 ίδεῖν
358 2536 486 2563 δύνασθαι
508 2537 593 2572 τρανῇ
608 2538 640 2572 τῇ
654 2536 759 2572 γλώττῃ
783 2537 922 2572 ὁμολογεῖν
937 2537 982 2564 τὸν

198 2583 247 2618 τῆς
261 2584 371 2618 εἰρήνης
391 2583 551 2618 βραϐευτὴν,
565 2583 611 2609 καὶ
622 2583 712 2609 οὐκέτι
729 2583 865 2618 αἱρεῖσθαι
881 2583 926 2610 τὸν
937 2584 982 2610 Al-

198 2627 311 2661 γύπτιον
332 2627 420 2654 αὐτῶν
440 2627 542 2662 ἄρχειν,
565 2627 594 2653 ὃν
613 2627 704 2662 μωρὸν
727 2627 838 2660 δικαίως
855 2629 870 2663 ἡ
888 2628 980 2663 Γραφὴ

198 2672 348 2707 ὠνόμασεν.

232 2717 286 2744 Τοῦ
302 2719 439 2754 τάγματος
461 2719 515 2745 τῶν
543 2719 647 2754 ἀνδρῶν
676 2720 807 2753 ἀνηκοΐαν
829 2719 979 2751 νοσοῦντος,

199 2762 310 2797 μετάγει
327 2764 372 2790 τὸν
386 2764 464 2798 λόγον
476 2766 489 2791 ὁ
506 2766 646 2801 προφήτης
660 2766 706 2791 ἐπὶ
720 2766 768 2796 τὰς
780 2767 922 2799 γυναῖκας,
934 2765 981 2791 καὶ

197 2807 351 2843 νομοθετεῖν
375 2808 446 2841 ἀξιοῖ
466 2810 585 2841 ταύτας·
612 2810 658 2836 καὶ
681 2809 797 2844 μάλιστα
821 2810 870 2841 τὰς
888 2809 980 2844 κομώ-

198 2861 248 2885 σας
281 2853 396 2890 πλούτῳ,
413 2855 440 2881 αἶ
466 2855 512 2881 τοῦ
543 2855 591 2890 μὲν
621 2855 724 2882 ἑαυτῶν
755 2855 857 2890 κόσμου
881 2855 981 2891 πολλὴν

196 2899 354 2934 ἑπιμέλιιαν
385 2901 562 2936 ἐποιήσαντο,
595 2900 685 2933 καθὼς
717 2901 764 2928 καὶ
793 2902 821 2927 ὲν
847 2893 903 2933 τοῖς
931 2901 980 2936 ἔμ-

1034 2307 1093 2329 erat
1127 2306 1157 2329 ut
1178 2302 1265 2330 oculis
1283 2303 1310 2329 in
1327 2302 1410 2330 Deum
1434 2303 1540 2336 intenti,
1566 2303 1712 2332 humanam
1734 2313 1813 2341 opem

1035 2354 1195 2382 spernerent
1214 2358 1220 2382 ;
1238 2356 1321 2383 Aopem
1349 2349 1410 2376 dico
1436 2349 1646 2385 Egyptiorum;
1670 2351 1698 2378 in
1724 2351 1813 2386 ipsum

1035 2401 1098 2421 vero
1115 2394 1294 2427 conﬁderent.
1316 2402 1399 2421 unum
1421 2403 1482 2422 eum
1504 2396 1685 2424 intuerentur.
1707 2397 1814 2433 Quippe

1034 2442 1079 2474 qui
1111 2441 1187 2475 prius
1209 2441 1256 2468 Dei
1281 2449 1378 2468 nomen
1410 2442 1454 2468 vix
1477 2442 1611 2469 haesitanti
1634 2443 1725 2477 lingua
1754 2444 1813 2475 bal-

1034 2486 1122 2514 butire
1143 2490 1298 2521 potuerant,
1319 2495 1391 2515 nunc
1416 2488 1524 2515 eosdem
1541 2488 1642 2516 videris
1662 2489 1812 2524 principem

1033 2534 1108 2568 pacis
1136 2533 1265 2561 distincta
1292 2541 1358 2561 voce
1385 2534 1542 2566 confessos,
1568 2540 1595 2562 et
1621 2534 1811 2570 Egyptiorum

1033 2579 1176 2614 imperium
1192 2579 1248 2614 jam
1265 2580 1442 2607 abhorrentes
1464 2588 1533 2615 quos
1549 2581 1646 2608 merito
1669 2581 1812 2616 Scriptura

1033 2625 1132 2652 stultos
1153 2629 1239 2652 vocat.

1065 2715 1147 2742 Vens.
1162 2715 1189 2742 9.
1212 2714 1279 2742 Cum
1302 2715 1422 2743 virorum
1444 2715 1512 2742 ordo
1535 2715 1718 2744 inobedienlia
1733 2715 1810 2744 labo-

1033 2766 1083 2794 ret,
1102 2762 1229 2789 mulieres
1246 2761 1344 2788 aﬁatur
1365 2762 1506 2796 propheta,
1529 2762 1642 2796 illasque
1662 2762 1811 2789 informan-

1031 2807 1081 2835 das
1097 2807 1211 2842 suscipit
1229 2816 1237 2840 ς
1256 2808 1406 2840 praesertim
1423 2815 1487 2835 vero
1510 2807 1613 2835 divitiis
1629 2808 1810 2839 abundantes.

1031 2860 1091 2888 qua
1113 2860 1213 2888 corpus
1232 2861 1312 2880 suum
1333 2860 1440 2880 summo
1457 2853 1548 2881 studio
1568 2854 1754 2885 exornabant,
1771 2855 1812 2881 uti

1031 2905 1058 2927 et
1073 2899 1154 2936 supra
1174 2899 1303 2936 propheta
1322 2899 1512 2928 conﬁrmavit-
1529 2907 1623 2928 verum
1640 2903 1730 2928 autem
1751 2899 1811 2928 cul-
