2131 3167
210 191 279 221 1529

938 195 972 224 IN
991 194 1117 224 ISAIAI.

1754 191 1820 218 1330

243 249 423 285 Σημειωτεον,
439 250 477 283 ὡς
491 251 520 278 ὲν
537 252 569 287 τῇ
596 251 764 288 προκειμένῃ
786 252 891 289 Inopia
917 252 947 279 tv
959 254 994 288 τῇ
1008 254 1032 282 Α
1078 253 1084 278 4

980 254 994 288 ῃ
1008 254 1032 282 Α
1078 251 1143 279 Car.
1160 249 1304 282 XXXVIII,
1321 249 1404 277 νω.
1421 249 1448 281 l.
1466 249 1494 277 Ω.
1520 247 1670 276 Notandum
1687 251 1729 275 est
1749 252 1775 274 ut
1794 249 1821 275 in

210 294 292 331 βισλῳ
313 295 369 322 τῶν
400 296 644 332 Παραλειπομένων
668 297 813 334 δεδήλωται
829 317 837 325 .
852 318 859 325 .
873 317 880 325 .
894 299 990 334 ἀρθέν-

208 348 254 373 τος
267 341 314 368 καὶ
329 341 526 378 ὐψηλαυχενίαν
549 343 711 378 νοσήσαντος
724 351 731 358 ·
756 344 909 380 γέγραπται
919 345 989 381 γάρ’

212 394 221 411 ι
247 385 429 422 Ἐταπεινώθη
450 386 573 419 Ἐζεκίας
603 388 657 415 ἀπὸ
685 388 733 415 τοῦ
747 388 830 424 ὕψους
848 390 899 426 τῆς
924 398 992 425 καρ-

208 427 268 461 δίας
279 429 397 458 αὐτοῦ...
408 440 418 456 ι
429 430 491 458 νοῦν
498 431 634 464 λαϐόντος⁶
649 433 690 459 ὃτι
703 432 735 469 δή
746 434 847 466 ἐκεῖνός
861 435 929 461 ἐστι·
944 434 992 462 καὶ

209 476 249 507 είς
268 475 364 502 ἑαυτὸν
389 475 424 503 τὰ
439 496 446 503 .
458 496 465 504 .
478 496 485 503 .
514 477 643 511 ἀγγελίας
658 479 854 514 ’περιστήσεται
876 479 926 512 τὰς
951 479 992 511 εις

208 521 254 548 τδν
266 521 379 557 Σειηῆρα
391 521 471 558 ήμῶν
493 522 592 558 προλεχ
612 521 729 560 [θείσας]
739 532 747 540 ο
770 524 817 551 τοῦ
832 523 888 559 γὰρ
904 525 992 559 ’Δχαζ

209 564 311 601 πατρὸς
322 564 404 592 αὐτοῦ
416 565 603 601 διαδεξαμένου
614 567 662 603 τήν
672 568 896 604 προφητιίαν,τὺ,
905 578 915 595 ι
926 569 991 596 Ἰδοὺ

209 611 226 646 ή
238 610 372 645 παρθένος
387 611 416 638 ιν
430 612 528 647 γαστρὶ
538 611 668 647 λήψεται,
695 613 742 640 καὶ
764 613 870 646 τέξεται
885 613 958 641 υἱόν·
979 623 988 640 ι

207 655 347 690 τεχθέντος
366 655 394 682 δὲ
411 656 504 683 τούτου
523 657 592 692 μετὰ
618 658 668 693 τὴν
696 658 863 694 προφητείαν
875 678 883 691 ,
911 658 992 695 ἔμενε

208 699 279 726 τοῦτ’
294 699 362 735 ιχων
375 701 444 728 κατὰ
456 701 573 729 διάνοιαν
592 704 634 737 ἐφ’
649 703 744 730 ἑαυτοῦ
758 723 766 735 ,
796 704 864 739 μήτε
893 705 992 740 γάμοις

208 743 311 780 ὁμιλῶν
334 745 381 772 καὶ
406 746 554 782 παρθενίαν
578 747 689 774 ἀσκῶν·
719 748 757 780 ὥς
775 748 807 784 δή
826 749 873 776 καὶ
896 750 926 776 τὺ
941 758 991 786 ση-

211 790 286 824 μεῖον
299 789 349 825 τῆς
367 790 497 823 πτώσεως
510 791 564 818 τῶν
578 795 636 827 ρπε¹
653 792 779 828 χιλιάδων
792 794 923 828 ἐγεγόνει,
942 795 992 831 τὴν

209 834 307 862 ἑαυτοῦ
321 835 485 871 κηδεμονίαν
504 837 725 874 ἐπιδεικνυμένου
740 838 787 866 τοῦ
809 839 876 866 Θεοῦ
887 839 992 876 ,Ἔμενά

208 886 239 908 τε
255 878 436 915 ἀπολέμητος,
458 881 643 916 τροπουμένου
668 882 715 909 τοῦ
741 883 809 910 Θεοῦ
824 884 889 916 τοὺς
912 886 991 912 ὲνανα

1041 296 1091 324 hac
1111 297 1225 325 historia
1250 301 1311 331 qua:
1334 294 1405 322 libro
1427 293 1651 329 Paralipomenon
1674 294 1697 309 ¹⁶
1716 300 1823 320 'narra-

1041 346 1087 370 tur
1107 343 1179 379 (5)...
1199 341 1374 377 superbiente
1395 343 1423 368 et
1444 339 1607 367 insolentius
1629 346 1659 366 se
1681 337 1820 367 elférente.

1042 387 1179 423 Scriptum
1202 391 1246 415 est
1265 387 1338 414 enim
1353 394 1360 412 :
1375 394 1386 411 ι
1404 384 1570 412 Humiliatus
1592 387 1635 411 est
1659 382 1771 411 Ezecias
1788 383 1824 410 ab

1041 434 1184 461 altitudine
1205 430 1296 460 cordis
1317 431 1361 460 sui
1387 431 1443 459 “...
1467 439 1477 457 ι
1500 430 1639 466 cogitante
1665 438 1672 456 :
1693 436 1724 457 se
1743 429 1822 456 Chri-

1041 484 1113 508 stum
1129 486 1200 511 esse,
1221 477 1256 506 ad
1275 478 1365 513 ipsum
1383 479 1507 512 spectare
1527 475 1656 502 vaticinia
1671 474 1706 502 de
1727 474 1822 501 Salva-

1041 529 1103 552 tore
1117 523 1232 560 prolata.
1249 523 1319 551 Cum
1338 522 1412 551 enim
1427 526 1505 557 pater
1518 521 1578 556 ejus
1598 520 1691 548 Acha:
1706 520 1822 555 prophe-

1040 569 1106 596 tiam
1118 569 1193 596 illam
1207 567 1340 596 audiisset
1356 577 1363 595 :
1383 575 1394 593 ι
1415 565 1486 594 Ecce
1499 565 1576 601 virgo
1595 565 1624 593 in
1639 569 1717 593 utero
1730 564 1823 592 conci-

1041 614 1098 650 piet
1118 618 1146 642 et
1161 613 1248 649 pariet
1263 612 1389 646 lilium",
1408 621 1418 639 ι
1442 615 1523 639 natus
1541 610 1652 638 Ezecias
1676 614 1738 645 post
1760 617 1821 637 eam

1041 660 1212 696 prophetiam
1234 659 1368 694 innuptus
1388 657 1520 686 remansit
1534 660 1562 685 et
1575 655 1724 692 virginitati
1746 654 1823 683 dedi—

1041 711 1097 741 tus,
1113 706 1186 743 quod
1202 707 1282 734 istam
1296 705 1331 734 de
1355 705 1502 740 semetipso
1514 703 1692 740 proﬁtebatur
1713 707 1823 730 senten-

1041 754 1118 781 tiam.
1137 751 1189 780 Ubi
1214 757 1305 780 autem
1325 751 1435 786 signum
1454 750 1570 785 accepit,
1590 749 1695 776 cladem
1712 752 1822 776 centum

1041 798 1180 833 octoginta
1202 796 1324 833 quinque
1348 797 1463 824 millium
1477 796 1510 828 ",
1537 794 1593 822 Deo
1615 794 1702 830 ipsius
1728 800 1822 821 curam

1041 846 1162 878 gerente,
1175 846 1202 870 et
1216 841 1312 870 bellica
1328 841 1450 877 pericula
1467 841 1595 869 facillime
1608 840 1713 875 ellugit,
1729 840 1822 866 hostes

1043 888 1154 924 fugante
1181 887 1248 920 Deo.
1269 887 1456 915 conlirmatior
1475 886 1557 915 etiam
1583 887 1612 913 in
1635 892 1667 913 ea
1689 884 1822 912 sententia

208 923 293 957 τίους,
313 925 414 960 μᾶλλον
425 926 461 954 τὰ
473 926 525 962 τῆς
540 927 667 960 ὑπονοίας
685 929 783 965 ἐκύρου
805 930 871 966 παρ’
883 930 990 966 ἑαυτῷ,
1006 925 1028 952 Β
1042 933 1049 961 f

981 951 990 963 ν
1006 923 1132 961 Bfactus
1157 937 1211 965 est,
1238 940 1269 961 se
1295 936 1482 968 exspectatum
1517 932 1593 959 illum
1624 939 1686 959 esse
1724 930 1818 958 Deum.

208 969 247 1001 ὡς
261 970 294 997 ἂν
312 971 415 1004 ἐκεῖνος
428 971 468 999 ὢν
482 973 497 999 ό
512 973 735 1009 προσδοκώμενος
747 975 813 1007 Θεός
823 983 830 990 ·
853 975 943 1003 τοίνυν
961 976 992 1009 ἐξ

207 1011 245 1042 ὢν
257 1015 311 1043 ἔδει
327 1016 453 1052 μάλιστα,
478 1018 650 1054 ιπανήγαγιν
669 1020 750 1057 αὐτὸν
773 1022 814 1052 είς
825 1021 916 1057 νῆψιν,
944 1024 992 1050 καὶ

209 1062 265 1093 τοῖς
277 1061 327 1097 τῆς
338 1062 445 1097 φύσεως
459 1064 659 1100 συμπτώμασιν
678 1066 812 1102 ἐκέχρητο
827 1068 886 1095 κατ’
908 1069 991 1096 αὑτοῦ

210 1107 250 1138 τις
266 1109 470 1144 σωφρονισμόν
487 1109 687 1146 μαλακισθῆναι
700 1111 754 1147 γὰρ
768 1112 849 1140 αὐτὸν
875 1113 992 1149 συνεχώ-

210 1161 263 1187 ρει,
278 1154 325 1181 καὶ
346 1153 393 1181 τὸν
413 1154 479 1182 πόδα
493 1155 638 1191 ὑπομένειν
657 1157 742 1195 σῆψιν
764 1158 811 1184 ml
828 1157 917 1194 λώϐην
941 1160 991 1186 αὐ-

208 1199 254 1226 τὸν
271 1200 440 1236 ἐκδέχεσθαι.
461 1201 489 1229 '0
504 1202 593 1229 τοίνυν
618 1203 762 1239 μακάριος,
780 1205 821 1236 τις
843 1205 921 1232 νόσον
941 1205 991 1242 τήν

209 1245 402 1282 προλεχοιτσαν
417 1248 624 1283 καταστρέψας,
642 1249 749 1284 ἐδέχετο
759 1249 804 1276 διὰ
815 1249 861 1277 τοῦ
883 1252 990 1287 προφή-

208 1298 255 1317 του
278 1290 390 1317 Ἦσαῖου
404 1291 556 1327 πρόρρησιν
581 1293 645 1328 περὶ
657 1292 706 1319 τοῦ
721 1292 926 1328 καταλήψεσθαι
940 1294 991 1321 αὒ-

209 1336 254 1364 τὸν
276 1335 420 1371 μέλλοντος
432 1336 548 1364 θανάτου
560 1345 569 1353 ·
582 1338 629 1364 καὶ
643 1339 684 1370 εις
701 1338 875 1375 συναίσθησιν
894 1339 990 1373 ἐλθὼν,

209 1380 257 1408 καὶ
275 1379 320 1407 διὰ
335 1380 389 1407 τῶν
407 1380 501 1408 παθῶν
516 1381 557 1413 εις
578 1382 741 1417 κατανόησιν
761 1382 812 1417 τῆς
825 1382 922 1409 ἑαυτοῦ
940 1382 991 1417 φύ-

209 1434 278 1458 σεως
305 1426 436 1462 ἑναχθεὶς,
454 1435 464 1453 ι
484 1426 612 1459 Διάταεαι
637 1428 701 1462 περὶ
727 1426 774 1454 τοῦ
790 1427 866 1454 οῐκου
896 1436 942 1454 σου
955 1448 963 1460 ,
979 1437 989 1454 ι

209 1472 334 1507 ἤκουσεν,
351 1472 390 1504 ὡς
411 1472 448 1507 μή
459 1471 566 1507 ἔχοντος
584 1472 631 1499 τὸν
648 1471 833 1508 διαδεξόμενον
850 1472 899 1508 τὴν
915 1472 992 1508 βασι-

208 1517 301 1550 λείαν,
319 1517 366 1544 ἐπὶ
381 1517 411 1544 τὸ
434 1518 578 1553 φάρμακον
607 1518 658 1554 τῆς
687 1519 831 1553 μετανοίας
852 1519 990 1555 ἐτρέπετο.

207 1563 385 1599 Περιστείλας
406 1563 461 1598 γὰρ
476 1563 526 1595 τὰς
539 1563 636 1590 ἑαυτοῦ
663 1563 805 1600 αἰσθήσεις
823 1563 877 1591 τῶν
899 1573 992 1600 περιτ-

208 1607 264 1635 τῶν
279 1608 445 1643 φαντασιῶν,
471 1609 519 1636 καὶ
531 1609 626 1645 ὥσπερ
642 1610 810 1645 εῑσοικισμὸν
830 1610 928 1637 ἑαυτοῦ
947 1619 993 1637 κα-

208 1655 364 1687 τακλείσας,
380 1655 498 1691 στρέψας
509 1665 537 1682 τε
555 1656 586 1683 τὸ
609 1656 754 1692 πρόσωπον
768 1656 815 1683 ἐπὶ
831 1656 877 1683 τὸν
893 1658 991 1692 τοῖχον,

209 1700 303 1736 καιρὸν
319 1700 403 1728 ἐδίδου
419 1702 451 1736 τῇ
469 1700 565 1728 ἑαυτοῦ
579 1701 651 1736 ψυχῇ
672 1702 866 1738 ἑπανατριχειν
883 1703 930 1729 ἐπὶ
945 1702 993 1729 τὸν

209 1745 308 1781 tam;
329 1745 483 1781 densos-rw,
509 1746 557 1773 καὶ
584 1746 628 1773 διὰ
647 1747 802 1782 προσευχῆς
823 1747 993 1782 καρποῦσθαι

207 1791 258 1826 τὴν
284 1790 332 1818 τοῦ
352 1791 478 1827 σώματος
492 1792 564 1819 ἴασιν
580 1800 587 1807 ·
612 1791 690 1820 τοῦτο
711 1793 771 1819 ἀντὶ
793 1792 993 1829 δυσωπήματος

208 1836 366 1872 προσάγων,
382 1837 423 1864 δτι
445 1837 489 1864 Ἐν
503 1837 618 1874 ἀφελείᾳ
630 1837 718 1873 ψυχῆς
733 1838 781 1864 καὶ
800 1837 913 1874 ἀληθινῇ
927 1846 994 1874 καρ-

208 1880 254 1917 δίᾳ
276 1881 449 1917 ππόρευμαι
469 1880 584 1909 ἐνώπιόν
612 1890 669 1909 σου.
685 1882 801 1917 Λέγεται
824 1883 871 1910 καὶ
893 1883 923 1910 ιν
937 1884 993 1915 τοῖς

208 1926 302 1959 τόπος
312 1928 359 1954 καὶ
377 1927 470 1965 ἕτερόν
481 1937 518 1959 τι,
532 1929 572 1955 ὃτι
584 1948 593 1961 ,
612 1928 659 1956 τοῦ
676 1928 846 1964 Σολομῶντος
863 1929 994 1964 βασιλέως

209 1971 240 1999 ὲν
266 1971 351 2009 στήλη
372 1973 557 2009 emptione;
582 1973 616 2001 τὰ
640 1974 742 2009 φυσικὰ
771 1974 826 2001 τῶν
843 1974 993 2010 θεραπειῶν

209 2016 257 2044 τοῦ
270 2017 406 2053 σώματος,
431 2019 479 2046 καὶ
505 2019 607 2056 ταύτην
625 2020 834 2056 ἀναστήσαντος,
862 2021 878 2048 δ
904 2021 994 2056 μακά-

212 2068 268 2096 ριος
287 2060 419 2095 Ἑζεκίας,
444 2062 582 2095 καθελὼν,
606 2063 649 2090 ἴνα
679 2063 717 2100 μή
739 2064 754 2091 ι
776 2064 839 2097 λαὸς
865 2065 993 2101 ἀσχολίαν

210 2104 260 2142 Im
283 2105 330 2133 τοῦ
348 2106 515 2141 ἀφίστασθαι
538 2107 585 2134 τοῦ
603 2107 670 2134 Θεοῦ
681 2127 690 2139 ,
708 2108 738 2135 ἐν
759 2108 799 2144 τῷ
815 2108 912 2136 ἑαυτοῦ
927 2110 994 2145 οῐκῳ

209 2151 251 2183 εις
278 2152 325 2178 τὸν
343 2154 432 2188 τοῖχον
451 2153 589 2190 ἑντίθησι·
618 2154 726 2189 λέγεται
742 2152 799 2188 οὖν,
822 2156 852 2182 ἐν
872 2156 911 2192 τῷ
926 2157 993 2183 ἀπο-

211 2196 325 2232 στρέψαι
339 2198 420 2225 αὐτὸν
443 2199 511 2235 πρὸς
530 2200 576 2226 τὸν
588 2201 687 2235 τοῖχον,
711 2200 772 2227 ἀντὶ
793 2200 992 2237 δυσυητήματος

1041 978 1192 1013 Aptissima
1215 977 1299 1014 igitur
1317 977 1425 1004 ratione
1451 983 1584 1004 revocans
1606 983 1668 1003 eum
1690 974 1761 1003 Deus
1786 973 1821 1001 ad

1040 1022 1160 1054 saniora,
1176 1022 1272 1050 morbo
1305 1029 1373 1050 usus
1404 1025 1456 1052 est,
1493 1028 1548 1056 quo
1573 1028 1636 1048 eum
1660 1020 1820 1055 sapientiam

1041 1067 1151 1095 doceret
1171 1070 1325 1102 :atgrotare
1349 1074 1410 1094 eum
1429 1074 1527 1102 passus
1544 1070 1596 1098 est,
1611 1069 1638 1093 et
1663 1065 1744 1100 pedes
1773 1073 1822 1100 pu-

1040 1113 1146 1142 tredine
1156 1113 1259 1146 vitiari,
1277 1116 1305 1140 et
1316 1113 1431 1141 summis
1445 1112 1518 1139 allici
1532 1112 1710 1139 cruciatibus.
1723 1110 1821 1138 Beatus

1039 1157 1122 1193 igitur
1144 1157 1254 1186 Ezecias
1274 1165 1336 1185 cum
1356 1157 1486 1192 praedicto
1509 1157 1604 1184 morbo
1626 1156 1779 1186 laboraret.
1805 1162 1820 1181 a

1041 1203 1172 1239 propheta
1187 1203 1257 1231 lsaia
1277 1203 1406 1231 monitus'
1419 1207 1461 1230 est
1475 1201 1509 1229 de
1530 1201 1679 1228 imminenti
1697 1201 1751 1235 jam
1768 1200 1820 1228 sibi

1040 1252 1147 1282 morte;
1168 1252 1233 1276 tunc
1244 1249 1287 1276 sui
1303 1248 1431 1276 conscius
1445 1248 1546 1279 factus.
1564 1250 1591 1275 et
1605 1254 1655 1282 per
1669 1246 1777 1274 dolores
1787 1245 1821 1273 de

1040 1299 1136 1322 natura
1152 1301 1201 1322 sua
1222 1294 1347 1326 edoctus,
1371 1293 1464 1320 domui
1485 1300 1542 1321 sua:
1562 1293 1706 1320 consulere
1722 1292 1821 1326 jussus

1040 1341 1092 1368 est.
1108 1342 1135 1366 et
1149 1338 1292 1366 deficiente
1310 1338 1356 1373 qui
1370 1345 1484 1372 regnum
1505 1337 1667 1372 susciperet.
1681 1336 1714 1363 ad
1733 1343 1821 1363 reme-

1039 1383 1115 1410 dium
1131 1383 1297 1418 poanitentiat
1309 1382 1443 1418 confugit.
1453 1381 1520 1409 Nam
1532 1382 1680 1416 repudiatis
1696 1381 1821 1408 sensibus

1040 1428 1074 1456 de
1087 1428 1274 1463 prastantiore
1283 1432 1382 1456 natura
1393 1432 1420 1456 et
1431 1427 1504 1455 velut
1512 1427 1587 1454 aditu
1597 1427 1630 1454 ad
1641 1434 1670 1454 se
1679 1427 1820 1458 obstricto,

1040 1482 1172 1503 conversa
1192 1474 1262 1503 facie
1286 1474 1321 1502 ad
1345 1475 1492 1510 parietem,
1510 1473 1598 1501 locum
1630 1473 1704 1501 dedit
1731 1474 1822 1500 animo

1043 1520 1186 1548 Dominum
1220 1528 1300 1549 suum
1321 1519 1460 1557 rogandi,
1484 1523 1512 1548 et
1535 1519 1674 1547 obtinendi
1699 1519 1822 1554 corporis

1042 1566 1196 1594 sanitatem.

1079 1610 1163 1639 Vsus.
1176 1611 1204 1639 5.
1216 1610 1259 1638 Nil
1278 1611 1351 1639 aliud
1368 1610 1401 1638 ad
1420 1609 1582 1646 placandum
1600 1609 1682 1636 Deum
1697 1608 1821 1644 protulit,

1043 1656 1097 1684 nisi
1112 1664 1119 1683 :
1133 1655 1164 1683 in
1177 1656 1351 1692 simplicitate
1365 1656 1448 1683 animi
1463 1660 1491 1682 et
1506 1655 1533 1682 in
1549 1654 1631 1682 corde
1649 1661 1713 1681 vero
1724 1653 1823 1681 ambu-

1043 1701 1097 1728 lavi
1112 1708 1205 1729 coram
1222 1704 1260 1729 te.
1279 1699 1389 1736 Legitur
1402 1700 1484 1728 etiam
1503 1704 1532 1727 et
1545 1698 1628 1731 aliud,
1648 1698 1823 1733 inscripsisss

1042 1747 1147 1776 scilicet
1178 1746 1352 1774 Saloonem
1377 1753 1469 1781 regem
1491 1745 1519 1773 in
1547 1745 1675 1772 columna
1702 1743 1823 1772 remedia

1042 1793 1142 1829 quibus
1162 1792 1266 1820 sanitas
1284 1793 1407 1827 corporis
1429 1791 1631 1823 restitueretur,
1650 1794 1677 1818 et
1691 1797 1752 1818 eam
1772 1797 1821 1816 ex—

1043 1839 1195 1872 strurisse;
1215 1837 1338 1866 eamdem
1367 1843 1432 1865 vero
1462 1839 1557 1872 postea
1578 1842 1595 1863 a
1620 1835 1699 1863 beato
1725 1833 1822 1862 Ezecia

1044 1884 1128 1911 fuisse
1150 1883 1279 1915 ablatam,
1302 1890 1336 1910 ne
1358 1882 1474 1918 populus
1495 1880 1593 1910 exinde
1617 1886 1727 1908 causam
1756 1879 1822 1907 deli-

1043 1928 1131 1957 ciendi
1145 1936 1161 1956 a
1172 1927 1229 1956 Deo
1240 1931 1360 1964 caperet,
1377 1931 1405 1955 et
1419 1927 1448 1954 in
1463 1926 1549 1962 ipsius
1558 1926 1639 1954 domo
1652 1925 1679 1952 in
1691 1925 1822 1960 parietem

1043 1975 1242 2008 constitutam;
1266 1981 1330 2001 cum
1349 1973 1434 2009 igitur
1447 1972 1543 2001 faciem
1562 1972 1597 2000 ad
1610 1971 1740 2007 parietem
1755 1977 1823 1998 con-

1042 2023 1172 2053 verteret,
1182 2019 1217 2047 ad
1229 2017 1391 2054 placandum
1405 2016 1489 2045 Deum
1504 2018 1638 2045 columna;
1663 2015 1822 2043 memoriam

1043 2072 1172 2094 revocare
1193 2065 1271 2093 visus
1291 2068 1344 2093 est.
1363 2063 1440 2092 ﬂant:
1463 2070 1571 2092 summo
1583 2069 1645 2090 cum
1665 2061 1756 2090 studio
1770 2069 1822 2088 au-

1044 2109 1183 2138 ferendam
1197 2109 1292 2137 curavi
1305 2116 1340 2137 ne
1352 2112 1457 2144 pateret
1470 2108 1570 2145 popqu
1589 2108 1633 2135 via
1647 2107 1681 2134 ad
1698 2107 1822 2142 impieta-

1043 2161 1107 2184 tem.
1137 2153 1292 2183 Notandum
1320 2161 1429 2190 quoque
1451 2154 1496 2182 hic
1522 2161 1576 2182 una
1597 2161 1666 2181 voce
1688 2151 1822 2181 Hebraica

1044 2201 1175 2236 parietem
1198 2202 1227 2228 et
1252 2200 1408 2228 columnam
1438 2199 1503 2228 dici.
1529 2199 1634 2228 Idcirco
1657 2198 1758 2234 optime
1783 2198 1822 2225 ita

211 2241 317 2278 δτείνην
331 2242 529 2278 προϐάλλεσθαι
538 2243 588 2280 τήν
608 2243 709 2280 στήλην
719 2252 726 2260 ³
743 2245 804 2272 ὀτι
819 2245 852 2280 δὴ
877 2245 995 2282 σπουδήν
1009 2255 1032 2283 ι)
1045 2255 1052 2274 ι

980 2254 995 2272 ν
1009 2255 1032 2283 ι)
1045 2253 1143 2275 sonare
1160 2248 1251 2282 potest
1272 2247 1416 2274 conversio
1430 2245 1535 2274 Ezeciat
1553 2244 1588 2273 ad
1608 2245 1750 2280 parietem.
1765 2241 1821 2270 Nec

210 2286 311 2323 ἰθεμην
334 2287 437 2324 ταύτην
452 2289 610 2322 ἀνελέσθαι,
636 2290 704 2325 πρὸς
725 2290 756 2317 τὺ
775 2290 813 2326 μή
841 2289 910 2318 εἶναι
944 2293 994 2327 ξμ-
1046 2293 1051 2320 1

980 2306 994 2312 -
1046 2292 1117 2321 facta
1128 2295 1172 2321 est
1189 2292 1248 2321 sine
1262 2292 1392 2329 lacrymis
1405 2291 1561 2328 deprecatio
1577 2290 1649 2326 ejus,
1661 2289 1708 2318 sed
1724 2295 1821 2324 magna

210 2333 302 2360 τώδιον
322 2334 362 2370 τῷ
389 2333 445 2370 λαῷ
464 2335 513 2362 τοῦ
527 2337 568 2368 εις
583 2336 633 2372 τήν
655 2336 809 2364 Θεοσὲὁειαν
825 2337 912 2364 τόνου.
938 2337 994 2365 Καὶ
1046 2346 1051 2374 ι

494 2335 513 2362 νῦ
527 2337 568 2368 εις
583 2336 633 2372 τήν
655 2336 809 2364 θεοσέϐειαν
825 2337 912 2364 τόνου.
938 2337 994 2365 Καὶ
1046 2339 1196 2374 ploratlone
1210 2339 1335 2374 ploravit.

208 2377 290 2406 τοῦτο
318 2378 347 2406 δι
361 2380 506 2415 ἀναγκαῖον
535 2382 713 2418 μνημονεύειν
726 2402 734 2415 ,
752 2382 790 2414 ὡς
809 2383 898 2417 τοῖχος
919 2383 967 2410 καὶ
985 2383 1068 2420 στήλη
1084 2386 1117 2419 τῇ
1143 2385 1213 2420 αὐτῇ
1230 2385 1305 2420 φωνῇ
1328 2384 1378 2420 τῆς
1397 2382 1534 2420 Ἑδραῖδος
1551 2381 1674 2408 λέλεκται
1688 2388 1695 2396 ’
1727 2379 1822 2413 διόπερ

211 2424 329 2470 μάλιστα
342 2426 390 2453 καὶ
406 2427 446 2459 τις
475 2426 555 2454 τοῦτο
579 2427 732 2470 ὲξελήφθη,
751 2428 768 2463 ἢ
799 2428 839 2459 εἰς
867 2427 914 2455 τὸν
930 2429 1018 2463 τοῖχον
1041 2428 1123 2456 αὐτοῦ
1142 2429 1300 2466 ἀποστροφή
1312 2436 1320 2444 ·
1339 2429 1389 2465 τήν
1409 2427 1438 2455 δὲ
1462 2426 1615 2462 προσευχήν
1638 2424 1754 2452 ιποιεῖτο
1770 2423 1820 2450 οὐκ

210 2469 275 2497 lusu
301 2471 436 2508 δακρύων,
459 2472 527 2500 ἀλλὰ
546 2473 594 2499 καὶ
609 2469 714 2500 ⁸ιὲολλιῖιν
726 2473 837 2500 τούτων.

246 2515 332 2551 ’Υψος
347 2517 458 2553 ήμερῶν
483 2518 557 2553 λέγει
580 2518 629 2554 τὴν
642 2518 821 2555 ἐγγενομένην
842 2520 877 2555 τῇ
889 2518 993 2555 διανοίᾳ⁵
1080 2518 1087 2533 ‘

980 2528 993 2555 ιι
1080 2518 1164 2546 Vsus.
1180 2518 1274 2546 to-li.
1297 2517 1440 2545 Excelsum
1453 2516 1559 2544 dierum
1577 2518 1656 2542 vocat
1667 2513 1821 2550 superbiam

1044 2572 1098 2601 qua
1123 2572 1202 2593 mens
1223 2564 1286 2599 ejus
1310 2563 1482 2596 eﬂ'erebatur,
1502 2569 1558 2597 qua
1577 2560 1686 2588 inﬂatus
1707 2564 1821 2588 mortem

1043 2611 1097 2639 sibi
1118 2614 1315 2646 promeruerat.
1327 2609 1391 2638 Haec
1404 2616 1498 2637 secum
1510 2608 1645 2644 reputavit
1663 2617 1670 2633 :
1686 2606 1742 2642 iam
1765 2613 1822 2633 nua

1043 2657 1111 2685 mihi
1129 2664 1192 2692 spes
1204 2656 1324 2685 salutare
1339 2655 1387 2683 Dei
1415 2655 1443 2682 in
1456 2658 1528 2683 terra
1540 2653 1687 2681 viventium
1700 2650 1819 2682 videndi.

1044 2703 1162 2730 amentia
1190 2707 1270 2739 capto
1302 2706 1330 2730 et
1353 2702 1498 2730 convictO'
1527 2701 1576 2730 sed
1601 2704 1628 2729 et
1649 2700 1732 2727 vitam
1753 2697 1820 2725 mihi

210 2561 294 2588 αὐτοῦ
309 2561 517 2599 ὑψηλαυχενίαν,
545 2565 590 2599 ὑφ’
615 2563 650 2600 ἧς
672 2565 862 2601 συνεχόμενος,
880 2565 993 2601 ἔμελλον

209 2605 259 2642 τήν
269 2607 387 2642 ἐμαυτοῦ
400 2607 472 2644 ζωήν
481 2609 689 2646 ὑποτέμνεσθαι·
703 2610 787 2638 ταῦτα
796 2610 992 2646 διανοούμενος,

209 2651 270 2678 οῠδι
285 2651 340 2688 γὰρ
357 2654 388 2680 ἐν
410 2654 445 2690 γῇ
464 2653 574 2686 ζώντων
597 2655 710 2692 ἤλπιζον
731 2656 843 2692 δψεσθαι
858 2656 889 2683 τὸ
904 2657 993 2692 σωτή-

212 2705 269 2732 ριον
290 2696 338 2724 τοῦ
361 2698 428 2725 Θεοῦ
441 2718 449 2730 ,
473 2699 610 2736 ἐλεγχθεὶς
631 2701 676 2728 ιπὶ
693 2703 724 2736 τῇ
751 2701 938 2738 καταλαδούσῃ
951 2702 992 2736 ’με

246 2776 267 2792 ¹⁶
278 2775 300 2803 ll
314 2775 432 2812 Paralip.
447 2785 533 2812 sun,
548 2776 583 2806 26
598 2786 660 2815 sqq.
699 2779 720 2796 "
731 2780 797 2809 ibid.
808 2780 854 2809 28.
894 2781 915 2797 "
926 2780 976 2809 lsa.
993 2787 1041 2808 vti.
1060 2780 1087 2808 ll

580 2792 583 2806 ι
598 2786 660 2815 sqq.
699 2779 854 2809 “ibid”.
894 2780 976 2809 "lsa.
993 2787 1041 2808 vn.
1060 2780 1102 2808 η.
1142 2780 1208 2807 "iV
1223 2780 1289 2816 Reg.
1303 2788 1360 2813 su,
1378 2780 1421 2808 τε.

245 2852 283 2885 (5)
311 2852 428 2882 Lacuna
443 2853 542 2883 breves
551 2855 580 2883 in
590 2855 693 2884 codice.
