2131 3167
236 203 302 232 I357

920 205 954 234 IN
973 205 1102 235 ιδειειι.

1787 203 1858 232 1388

231 262 376 295 ιαελοῦντος
397 261 470 298 ὑμᾶς
489 262 653 298 ἀννοήσατε·
667 261 705 294 ὡς
730 263 770 295 εἰς
790 261 916 299 οὐράνιον
941 263 1017 291 πολι-
1031 266 1072 295 Αι

1015 266 1057 295 -Α
1070 262 1106 290 sit
1120 269 1197 291 utens
1215 262 1351 290 vocantis.
1373 261 1414 289 Ad
1439 261 1581 289 cmlestem
1603 260 1744 289 civitatem
1765 261 1856 288 vocati

230 306 306 335 τιίαν
318 307 462 343 κέκλησθε,
476 307 525 335 καὶ
542 307 580 339 εἰς
598 307 731 342 ἀγγέλους
743 307 830 334 τελεῖν
846 308 1017 344 παρεσκεύα-

231 351 295 378 σθεο
314 351 390 379 οὺδδν
412 352 507 387 tum
528 352 594 386 παρ’
619 351 696 386 ὑμῶν
714 351 857 384 ἀπαιτῶν,
874 351 891 384 ἢ
910 351 959 387 τὴν
986 351 1018 383 εξ

231 396 338 429 εὐνοίας
363 397 479 424 αῖνεσινο
500 396 591 432 ἧνπιρ
618 396 831 433 παραλιπόντες,
850 396 1017 424 excessu"

231 442 343 474 tamab;
368 442 406 476 τῷ
427 441 548 478 πονηρῷ,
575 442 622 469 καὶ
643 442 774 477 γεγόνατε
797 442 900 469 ἐκείνου
916 443 1016 478 αἰχμά·

231 487 324 521 λωτοι,
339 487 533 523 παγιδεύοντες
547 487 645 519 αὐτοὺς
656 487 688 514 ιν
701 486 865 523 συνειδήσει,
879 488 925 515 καὶ
940 488 1017 515 εἰδω-

231 532 402 564 λωεοιοῦντες
425 533 455 560 ιν
476 533 532 567 τοῖς
546 533 629 566 οίκοις
651 532 743 569 ὑμῶν’
769 533 825 560 ἀπὸ
847 533 903 569 γὰρ
922 532 1016 560 κακῶν

230 578 341 606 ιννοιῶν
356 578 397 610 εἰς
418 577 498 619 ἔργον
512 578 723 614 προκεχώρηκεν
736 578 802 613 ὑμῖν
819 577 854 604 τὰ
874 577 1015 614 ἐπιτηδεύ-

232 632 305 660 ματα
313 633 319 640 ·
330 624 435 660 διόπερ,
446 623 618 660 αἰχμαλωσίᾳ
630 625 664 660 τῇ
676 631 706 650 τε
717 623 789 650 κατὰ
800 623 878 659 σῶμα
886 624 934 650 καὶ
942 623 1015 659 ψυχῇ

231 668 436 704 omnem“,
444 669 493 704 οὐχ
507 668 581 702 ἕξετε
590 668 636 696 τὸν
648 667 911 704 ἀντιλαμϐανόμενον
920 667 996 703 ὑμῶν
1006 677 1013 683 ·

229 714 284 742 τῶν
298 714 353 749 γὰρ
368 714 503 749 πολεμίων
519 714 696 746 ἐπελθόντων,
713 714 738 741 οἰ
761 713 933 749 νομισθέντες
950 715 1015 750 παρ’

231 760 295 796 ὑμῖν
308 758 378 787 εἶναι
392 759 447 786 θεοὶ
457 761 488 787 οὐ
503 760 540 796 μή
550 759 694 794 ἐξέλωνται
711 759 793 796 ὑμᾶς,
810 760 871 787 οὐδὲ
890 760 925 787 τὰ
940 760 1016 796 παρά

229 804 284 830 τῶν
298 803 433 840 πολεμίων
451 804 638 840 διαρπγέντα
657 804 928 839 ἀποκαταστήσουσιν
939 804 1014 839 ὑμῖν.

265 849 322 885 Γῆς
340 850 371 882 ἐξ
385 849 522 884 Αἰγύπτου
548 849 703 885 ἐλευθερίας
722 850 943 885 ὑπομιμνήσκει·
959 849 1016 876 δει-

230 895 307 927 κνὺς,
323 895 370 927 ὥς,
387 894 454 922 Ὄλα
467 893 531 930 ἔθνη
544 895 783 930 τιμωρησάμενος,
795 893 872 929 ὑμῶν
888 894 1016 921 ἀντικατ-

1068 307 1145 340 estis.
1162 311 1190 336 et
1207 307 1236 335 in
1257 307 1416 343 angelorum
1433 306 1603 334 consortium
1620 304 1771 338 destinati;
1789 304 1858 332 nihil

1068 361 1084 381 a
1099 354 1178 382 vobis
1194 354 1320 389 deposcit
1342 352 1415 380 Deus
1425 373 1433 386 ,
1452 357 1548 388 praeter
1564 352 1633 388 grati
1648 351 1732 378 animi
1751 350 1856 379 laudes.

1068 398 1141 432 Quas
1168 403 1258 427 autem
1275 399 1449 434 denegantes,
1469 397 1543 427 malo
1565 404 1614 425 vos
1635 397 1710 432 ipsos
1729 395 1855 429 dedistis,

1067 444 1142 472 illius
1167 445 1266 480 captivi
1291 443 1356 472 facti
1391 444 1458 471 estis
1474 463 1482 476 ,
1517 442 1716 472 conscientiam
1737 442 1856 470 obdure—

1067 493 1185 523 scentes,
1213 494 1241 518 et
1265 489 1336 518 idola
1363 489 1390 517 in
1418 489 1545 516 domibus
1566 487 1665 516 vestris
1686 488 1859 516 constitueno

1067 539 1130 569 tes;
1148 539 1211 563 actu
1224 535 1297 563 enim
1313 533 1479 570 perfecistis,
1503 540 1563 568 qua
1586 533 1665 568 prius
1686 536 1778 560 mente
1793 537 1853 560 stu-

1066 579 1197 607 dueratis.
1222 578 1393 613 Quapropter
1416 582 1443 605 et
1454 581 1610 613 corporeet
1624 577 1716 604 animo
1743 577 1771 604 in
1803 584 1850 605 ca-

1066 624 1215 660 ptivitatem
1235 623 1349 655 redacti,
1367 630 1421 650 nan
1446 622 1581 650 habebitis
1599 622 1646 658 qui
1667 630 1718 650 vos
1742 622 1852 650 liberet.

1065 668 1133 696 Nam
1149 668 1273 696 hostibus
1287 675 1337 695 vos
1356 667 1556 699 invadentibus,
1573 675 1626 694 non
1641 671 1784 703 prolegent
1806 675 1855 696 vos

1068 715 1120 747 illi,
1134 715 1182 750 qui
1196 714 1235 741 dii
1249 721 1311 742 esse
1327 718 1500 749 reputantur,
1517 721 1568 741 nec
1582 717 1659 749 rapta
1674 713 1710 741 ab
1730 713 1854 742 hostibus

1065 761 1143 788 vobis
1157 760 1313 788 restituent.

1101 847 1168 876 Cu.
1197 846 1291 880 XLIII,
1308 846 1392 874 Vens.
1413 846 1440 874 3.
1462 845 1663 874 Liberationem
1685 853 1717 873 cx
1736 844 1855 880 Egypto

1065 895 1272 921 commemorat.
1285 891 1387 920 Gentes
1400 895 1514 919 cunctas
1526 889 1616 926 poenis
1625 889 1769 917 efﬁciendo
1779 897 1856 916 com-

228 939 403 977 ηλλαξάμην,
429 940 549 972 ἐκείνους
581 939 632 975 μὲν
654 939 784 971 κακώσας
816 939 864 968 καὶ
890 939 1014 975 ἀπωλείᾳ
1030 937 1069 966 BI

1012 960 1014 966 .
1030 937 1051 964 Β
1065 938 1248 966 mutationem
1264 941 1384 965 vestram
1398 936 1460 968 feci,
1477 936 1575 970 inquit,
1588 934 1648 962 illos
1656 935 1765 970 quidem
1781 935 1853 962 cala-

230 986 377 1022 παραδοὺς,
393 986 458 1022 ὑμῖν
471 986 499 1013 δὲ
510 985 636 1022 βοήθειαν
648 985 754 1021 νείμας.

263 1081 348 1108 Πάλιν
364 1079 482 1108 ενταῦθα
498 1080 710 1116 ὑπομιμνήσκει,
726 1080 768 1108 ὅτι
790 1081 840 1117 οὐχ
854 1081 892 1113 ὡς
904 1082 1013 1112 οἰκείοις

228 1127 319 1158 πόνοις
332 1126 411 1160 δόξαν
426 1127 532 1157 ἑαυτοῖς
546 1126 783 1161 περιεποιήσαντο,
797 1127 857 1153 οὐδὲ
869 1127 922 1163 ἰδίᾳ
934 1127 1013 1154 δυνά-

229 1180 275 1207 μει
295 1170 350 1198 τῶν
364 1170 448 1198 ἐθνῶν
470 1170 670 1206 περιεγένοντο,
692 1171 759 1198 ἀλλὰ
774 1171 822 1198 τοῦ
836 1171 903 1199 Θεοῦ
927 1173 1013 1200 ἀπαν-

226 1216 310 1253 ⁴ιάχοῦ
322 1217 370 1244 καὶ
383 1216 486 1243 τούτων
501 1216 675 1252 ἑρημούντων
689 1217 862 1253 ἐνεργοῦντος
873 1218 944 1244 κατὰ
957 1218 1012 1244 τῶν

227 1262 373 1290 ιναντίων·
395 1261 524 1298 ἑλομένου
546 1261 600 1297 γάρ
617 1270 668 1297 μου
686 1262 820 1289 συντελεῖν
842 1271 871 1290 σε
893 1264 932 1295 εἰς
949 1263 1012 1290 λαὸν

227 1307 304 1342 ιμὺν,
318 1306 485 1342 ἀπρονόητος
497 1306 527 1332 οὐ
545 1314 577 1341 με
581 1306 713 1341 μένηκας.

263 1362 324 1389 Ὀτι
340 1362 357 1397 ἡ
383 1361 485 1397 ἔρημος
514 1361 623 1388 νοτίδων
647 1360 727 1388 θείων
750 1360 921 1396 τυγχάνουσα
938 1361 1010 1398 ψυχή

228 1407 298 1444 μετὰ
308 1408 359 1443 τήν
381 1406 531 1443 παρουσίαν
552 1405 599 1432 τοῦ
621 1405 745 1441 Σωτῆρος
758 1406 918 1442 πλημμυρεί
932 1407 1011 1434 θείων

227 1453 415 1489 διδατμάτων,
432 1453 462 1485 ὃς
483 1452 532 1488 τήν
555 1452 617 1480 καθ’
632 1451 746 1478 εκαστον
760 1452 845 1487 ἀνδρα
862 1452 908 1479 καὶ
934 1455 1010 1489 κοινῇ

225 1500 275 1535 τὴν
292 1499 454 1534 Ἐκκλησίαν
472 1499 517 1525 ίσα
534 1499 666 1532 ποταμοῖς
680 1497 846 1532 ὲπαρδεύετο
860 1500 915 1529 τοῖς
929 1498 1012 1530 θείοις

225 1545 403 1580 ὁιδάγμασιν·
421 1544 521 1580 ὁμοίως
536 1543 565 1570 as
582 1544 688 1578 νοήσεις
714 1543 761 1568 καὶ
783 1542 817 1569 τά
836 1542 908 1578 ἑξῆς,
926 1544 1012 1579 ἁρμό-

1063 982 1207 1010 mitatihus
1220 988 1249 1010 et
1260 982 1347 1010 exitio
1358 981 1493 1017 afﬂigens,
1507 988 1558 1008 vos
1569 984 1660 1008 autem
1678 980 1780 1008 auxilio
1792 987 1854 1008 meo

1063 1027 1169 1055 fovens.

1102 1083 1182 1118 ius.
1198 1084 1225 1111 4.
1253 1083 1355 1110 lterum
1373 1083 1418 1111 hic
1434 1082 1568 1116 declarat,
1584 1083 1658 1118 ipsos
1676 1089 1730 1110 non
1751 1082 1853 1110 labori-

1063 1130 1115 1158 bus
1128 1130 1187 1158 suis
1200 1129 1315 1165 gloriam
1338 1129 1453 1164 adeptos
1468 1136 1541 1161 esse,
1564 1136 1614 1155 nec
1628 1135 1677 1155 sua
1695 1128 1795 1155 virtute
1810 1127 1852 1155 fu-

1064 1176 1173 1211 gavisse
1189 1175 1295 1207 hostes,
1312 1174 1360 1202 sed
1376 1174 1461 1202 Deum
1476 1174 1588 1209 ubique,
1605 1176 1633 1201 et
1649 1180 1698 1209 per
1713 1181 1742 1200 se
1755 1173 1852 1200 adver-

1063 1221 1153 1248 sarios
1167 1227 1293 1256 quosque
1309 1219 1452 1255 repulisse.
1470 1219 1526 1255 Ego
1542 1219 1613 1246 enim
1630 1221 1662 1246 ‘te
1681 1219 1807 1253 eligerem
1821 1224 1851 1245 ut

1061 1270 1088 1294 te
1115 1266 1245 1301 populum
1259 1272 1348 1293 meum
1373 1264 1501 1297 facerem,
1521 1264 1681 1300 imprudens
1711 1270 1776 1291 vero
1795 1271 1851 1291 non

1061 1310 1255 1345 perseverasti.

1095 1365 1180 1393 Vnus.
1196 1364 1241 1392 19.
1266 1364 1378 1392 Deserta
1399 1364 1471 1391 facta
1495 1363 1615 1390 hominis
1631 1363 1743 1394 anima,
1761 1365 1788 1389 et
1804 1360 1850 1388 di-

1061 1411 1132 1439 vinis
1145 1410 1358 1446 cogitationibus
1372 1416 1458 1436 vacua
1468 1427 1477 1441 ,
1499 1413 1561 1443 post
1577 1407 1727 1435 Salvatoris
1741 1407 1846 1434 adven-

1060 1461 1119 1484 tum
1137 1455 1237 1483 divinis
1260 1455 1395 1482 doctrinis
1419 1453 1579 1489 replebitur,
1598 1452 1645 1488 qui
1662 1452 1785 1487 singulos
1800 1452 1850 1479 ho-

1061 1502 1150 1528 mines
1175 1504 1203 1528 et
1229 1500 1385 1528 universam
1409 1499 1560 1526 Ecclesiam
1582 1498 1661 1533 quasi
1688 1497 1851 1526 ﬂuminibus

1062 1546 1220 1574 celestibus
1243 1546 1376 1574 doctrinis
1395 1545 1536 1580 irrigavit;
1555 1545 1683 1573 similiter
1702 1548 1729 1572 et
1751 1548 1849 1571 caetera

226 1590 281 1623 ζων
296 1590 410 1617 ἑκαστον
425 1589 481 1616 τῶν
495 1589 644 1624 λεχθέντων
662 1589 703 1620 είς
723 1586 773 1614 τὴν
790 1587 820 1616 έν
832 1588 931 1624 ψυχαῖς
945 1589 1013 1617 θεω-
1025 1597 1047 1627 c
1064 1593 1067 1619 i

1007 1604 1013 1610 -
1025 1597 1047 1627 ο
1064 1591 1297 1627 interpretaberis,
1307 1591 1388 1618 verba
1397 1590 1504 1625 singula
1513 1590 1546 1617 ad
1555 1590 1708 1617 animarum
1723 1596 1848 1616 naturam

227 1636 300 1671 ρίαν.

260 1691 317 1726 Τὴν
342 1690 445 1733 ἀνωθεν
460 1691 508 1718 καὶ
528 1693 561 1718 ὲκ
584 1691 706 1719 παλαιῶν
731 1693 834 1729 χρόνων
861 1694 1011 1730 γενομένην

226 1736 315 1764 αὐτῶν
334 1737 461 1772 πρόνοιαν
490 1736 566 1772 παρὰ
586 1737 633 1763 τοῦ
652 1737 719 1764 Θεοῦ
748 1738 952 1765 ὑποδείκνυσιν
978 1739 1010 1766 οὐ

225 1781 280 1818 γὰρ
303 1780 350 1808 νῦν
372 1780 500 1816 ἠρξάμην
515 1782 639 1817 προνοεῖν
660 1782 750 1817 ὑμῶν’
775 1782 835 1808 οὐδὲ
856 1782 937 1818 ἡνίκα
961 1782 1010 1818 τήν

224 1827 273 1853 ἀπ’
290 1825 428 1860 Αἰγύπτου
450 1825 538 1859 ἔξοδον
562 1827 713 1860 ἐποιεῖσθε,
744 1827 840 1858 θυσίας
865 1827 937 1863 ὑμᾶς
958 1828 1011 1854 ἀπ’

223 1871 322 1908 ᾔτησα·
333 1871 393 1898 om
404 1872 474 1908 μετὰ
488 1871 617 1907 καμάτων
626 1872 691 1904 τοὺς
704 1872 842 1904 ἐναντίους
853 1872 1009 1908 χειροῦσθαι

225 1917 402 1954 συνεχώρησα
410 1926 418 1934 ο
427 1917 496 1945 ἀλλὰ
507 1918 553 1945 καὶ
564 1917 649 1944 ταῦτα
663 1918 828 1954 προσφέρειν
845 1919 914 1954 μετὰ
924 1919 1009 1946 ταῦτα

225 1963 357 1996 ἒνέδωκα,
373 1964 526 1999 ἀποστῆσαι
544 1963 703 1999 βουλόμενος
724 1964 858 1997 εἰδώλων,
874 1965 921 1991 καὶ
945 1966 1009 2001 ὑμῖν

225 2009 373 2046 προφάσεις
386 2009 555 2046 δωρημάτων
569 2010 757 2046 παρασχέσθαι
766 2019 772 2025 ·
782 2010 812 2037 οὐ
823 2009 878 2046 γὰρ
887 2011 917 2037 ὲν
930 2011 1010 2047 χρείᾳ

223 2055 327 2082 τούτων
343 2055 511 2092 καθέστηκα.

265 2100 492 2136 ’Υπομιμνήσκει,
502 2101 541 2134 ὡς
559 2102 606 2129 καὶ
622 2103 698 2137 κοινῇ
712 2101 759 2128 τοῦ
774 2101 869 2136 γένους
885 2101 933 2128 καὶ
955 2101 1007 2138 ἰδίᾳ

223 2146 339 2174 ἑκάστου
359 2148 476 2183 ποιητὴς
493 2147 676 2183 καθέστηκεν·
692 2147 761 2175 ἀλλά
774 2148 822 2174 καὶ
843 2147 888 2174 διὰ
905 2147 1008 2180 κοιλίας

225 2191 360 2227 μέμνηται
383 2192 529 2227 διήκουσαν
549 2192 692 2228 πρόνοιαν,
708 2191 944 2225 (mmmam
961 2193 1008 2219 αύ-

222 2236 270 2263 τοῦ
285 2237 388 2268 πάντας
403 2238 479 2273 ἡμᾶς
500 2239 530 2265 ὲν
556 2239 589 2274 τῇ
609 2237 686 2274 νηδύϊ
708 2237 758 2274 τῆς
773 2237 892 2274 μητρὸς,
915 2238 1007 2266 καὶτὸ

223 2280 293 2309 εἶναι
306 2283 372 2317 ἡμῖν
384 2282 510 2315 διδόντος.
523 2300 526 2302 λ

258 2337 424 2364 Ἐνταῦθατδ
436 2347 445 2363 ι
459 2338 508 2365 οὐκ
519 2335 590 2374 ἦσαν
602 2338 640 2374 (9)
651 2339 675 2366 οἰ
689 2339 861 2372 πλάττοντες,
877 2348 886 2365 ι
894 2339 925 2366 οὐ
932 2339 1008 2375 παρὰ

222 2382 253 2409 τὸ
266 2382 304 2418 μὴ
319 2381 390 2409 εἶναι
404 2383 468 2416 τοὺς
482 2384 569 2411 ταῦτα
581 2384 792 2420 ὶργαζομένους,
807 2384 874 2412 ἀλλὰ
888 2385 964 2420 παρά
978 2386 1009 2412 τὸ

224 2429 262 2464 μὴ
275 2428 404 2456 δύνασθαι
418 2429 526 2465 βοηθεῖν
539 2431 595 2461 τοῖς
608 2429 805 2465 θεραπεύουσιν
817 2430 897 2463 αὐτὰ,
916 2430 954 2462 ὡς
969 2430 1008 2467 μὴ

221 2472 311 2504 ὄντες·
327 2474 375 2501 καὶ
389 2474 445 2510 γὰρ
460 2475 508 2501 καὶ
527 2474 609 2511 ήνίκα
627 2475 645 2510 ή
660 2475 737 2511 χώρα
752 2476 808 2507 τοῖς
828 2475 1009 2511 Ἰσραηλίταις

222 2518 438 2554 ὲκληροδοτεῖτο,
469 2519 574 2547 πολλῶν
597 2520 682 2548 θντων
707 2521 901 2557 σεσασμάτων,
922 2521 1009 2554 οὕτως

222 2563 370 2600 ἀνῃροῦντο
386 2565 433 2591 καὶ
452 2564 615 2597 ἑξεωθοῦντο
640 2566 694 2593 τῶν
710 2567 801 2593 τόπων
817 2567 851 2593 τὰ
873 2566 951 2602 ἔθνη,
969 2567 1008 2599 ὼς

222 2608 271 2644 τὴν
290 2608 339 2644 μὲν
361 2609 472 2636 ἐκείνων
497 2611 650 2647 ἀδυναμίαν
674 2611 722 2638 καὶ
739 2612 878 2639 οὺθένειαν
901 2613 1006 2640 δείκνυε

223 2653 294 2686 σθαι,
308 2654 489 2691 φανεροῦσθαι
504 2656 532 2683 δὲ
545 2657 596 2692 τὴν
610 2657 658 2684 τοῦ
671 2657 739 2684 Θεοῦ
755 2658 925 2686 δεσποτείαν.

258 2741 391 2768 ’Δσυσσον
407 2742 533 2778 εἰρήκασι
553 2744 603 2779 τὴν
620 2744 753 2780 Ἐρυθρὰν
771 2744 918 2779 θάλασσαν,
938 2746 1004 2782 ἐρη-

222 2786 357 2822 μωθεῖσαν
374 2788 525 2814 παοιόντων
541 2789 595 2816 τῶν
612 2790 803 2825 Ἰσραηλιτῶν*
818 2792 955 2826 ποταμοὺς
975 2791 1003 2818 δὲ

1063 1638 1196 1666 referens.

1099 1692 1184 1720 Vens.
1202 1691 1248 1719 22.
1266 1692 1289 1718 Δ
1305 1691 1440 1728 principio
1457 1694 1484 1718 et
1499 1691 1534 1719 ab
1547 1690 1669 1726 antiquis
1682 1690 1850 1726 temporibus

1064 1747 1093 1767 se
1108 1738 1238 1775 peculiari
1253 1745 1301 1766 eos
1313 1737 1486 1773 providentia
1501 1737 1611 1769 fovisse,
1624 1737 1747 1764 declarat
1758 1737 1829 1764 Deus
1840 1746 1847 1752 ·

1063 1784 1122 1812 Non
1149 1792 1223 1812 nunc
1243 1784 1361 1818 primum
1376 1783 1461 1811 vestri
1476 1790 1571 1810 curam
1591 1783 1677 1818 gessi,
1701 1791 1752 1810 nec
1768 1783 1849 1810 dece-

1062 1831 1192 1858 dentibus
1203 1830 1280 1858 vobis
1295 1837 1329 1857 ex
1350 1828 1479 1864 Egypto,
1496 1829 1622 1857 victimas
1640 1837 1656 1856 a
1671 1829 1746 1856 vobis
1758 1829 1847 1863 exegi,

1063 1884 1116 1904 nec
1130 1877 1224 1904 hostes
1239 1874 1317 1903 vobis
1337 1882 1399 1902 cum
1420 1874 1562 1902 laboribus
1576 1874 1724 1902 vincendos
1736 1875 1848 1902 tradidi.

1063 1921 1116 1950 Sed
1129 1925 1224 1957 postea
1238 1920 1368 1948 victimas
1381 1919 1444 1947 ideo
1457 1920 1565 1955 excepi,
1579 1924 1610 1946 ut
1619 1919 1654 1946 ab
1669 1920 1748 1948 idolis
1763 1921 1848 1948 absti-

1062 1968 1166 2000 neatis,
1179 1971 1206 1995 et
1221 1966 1356 1994 beneﬁcia
1368 1965 1502 2000 largiendi
1514 1966 1674 1994 occasiones
1693 1966 1760 1993 mihi
1777 1973 1847 2001 prc-

1061 2013 1149 2041 beatis
1163 2022 1171 2039 :
1189 2012 1250 2040 istis
1265 2011 1337 2039 enim
1355 2017 1410 2038 non
1426 2009 1544 2045 indigeo.

1097 2099 1162 2128 Cu.
1186 2098 1277 2132 XLIV,
1302 2097 1386 2125 Vens.
1407 2097 1435 2125 2.
1462 2096 1594 2125 Iemorat
1611 2096 1691 2125 .Deus
1713 2104 1743 2125 se
1759 2097 1847 2126 totius

1060 2147 1159 2182 gentis,
1173 2150 1198 2173 et
1214 2145 1385 2180 singulorum
1401 2143 1543 2171 hominum
1555 2147 1706 2170 creatorem
1720 2147 1843 2176 exstare;

1059 2195 1087 2220 et
1098 2199 1233 2226 quemque
1247 2196 1373 2219 nostrum
1387 2189 1429 2216 vel
1439 2191 1467 2217 in
1483 2193 1562 2216 utero
1577 2189 1672 2217 matris
1680 2189 1737 2224 jam
1753 2190 1845 2224 provi-

1059 2236 1150 2264 dentia
1165 2235 1300 2267 coluisse,
1316 2242 1378 2262 cum
1398 2241 1494 2263 omnes
1507 2242 1559 2262 nos
1574 2234 1602 2261 in
1616 2238 1710 2262 ventre
1726 2235 1844 2269 plasma-

1021 2274 1044 2303 Ι)
1058 2282 1137 2315 verit,
1153 2284 1180 2308 et
1196 2281 1251 2308 vita
1267 2279 1418 2308 donaverit.

1102 2336 1182 2364 Vsus.
1201 2336 1229 2364 9.
1250 2335 1300 2362 Hic
1319 2335 1400 2363 verba
1422 2335 1474 2362 ista
1492 2344 1499 2362 :
1520 2344 1530 2360 ‹
1543 2334 1603 2362 Νοη
1621 2340 1699 2363 erant
1718 2335 1763 2370 qui
1790 2334 1845 2362 for-

1059 2383 1181 2414 mabant,
1194 2392 1204 2408 ι
1222 2389 1276 2409 non
1289 2381 1430 2409 declarant
1445 2388 1493 2408 eos
1509 2388 1606 2416 reapse
1619 2388 1675 2408 non
1692 2380 1844 2413 exstitisse,

1061 2427 1106 2462 qui
1123 2427 1195 2454 idola
1207 2426 1379 2461 sculpebant,
1397 2425 1445 2453 sed
1460 2433 1507 2453 eos
1522 2425 1596 2452 idola
1609 2425 1765 2453 colentibus
1779 2432 1844 2460 pro‘

1059 2473 1138 2500 desse
1155 2480 1210 2499 non
1227 2471 1359 2506 potuisse,
1378 2471 1458 2506 quasi
1478 2479 1535 2498 non
1556 2470 1681 2498 fuissent.
1703 2469 1770 2497 Nam
1788 2474 1844 2498 ter-

1059 2524 1118 2544 ram
1141 2516 1271 2544 laraelitis
1293 2516 1500 2552 usurpantibus,
1526 2523 1581 2543 non
1605 2515 1753 2542 defuerunt
1777 2522 1843 2542 sane

1059 2562 1141 2595 idola,
1157 2562 1332 2597 possessione
1341 2566 1434 2590 tamen
1446 2569 1495 2590 sua
1517 2566 1612 2597 gentes
1630 2562 1755 2596 spoliatae
1778 2559 1845 2589 sunt

1057 2612 1086 2635 et
1098 2607 1236 2643 expulsas:
1252 2608 1353 2643 quibus
1368 2608 1450 2636 simul
1466 2612 1493 2635 et
1515 2608 1650 2634 idolorum
1669 2606 1843 2634 imbecillitas

1057 2653 1262 2681 demonstratur
1279 2657 1306 2682 et
1319 2653 1493 2688 impotentia,
1511 2652 1559 2680 Dei
1581 2660 1644 2680 vero
1661 2655 1772 2687 apparet
1790 2652 1842 2678 im-

1058 2699 1173 2734 perium.

1095 2744 1177 2772 Vsus.
1193 2744 1238 2772 27.
1254 2744 1377 2780 Abyssus
1393 2750 1468 2771 mare
1491 2742 1675 2779 Erythraeum
1699 2741 1839 2777 designat,

1057 2791 1265 2819 transeuntibus
1293 2790 1424 2819 lsraelitis
1446 2790 1616 2823 desolatum;
1644 2787 1755 2815 ﬂumina
1778 2794 1842 2815 vero

256 2863 294 2897 (9)
309 2863 486 2893 Communius
499 2865 590 2901 legunt
603 2874 608 2893 :
626 2867 682 2894 οὐκ
693 2867 824 2900 ἥκουσαν
839 2867 887 2896 scd
901 2868 977 2896 Alex.
993 2867 1051 2895 Ald.
1064 2867 1093 2896 C.
1110 2865 1188 2902 ἦσαν.
