2131 3167
211 183 276 214 15M

921 185 956 213 IN
972 185 1099 216 ISAIAM'.

1758 182 1826 211 οδες

210 241 308 273 πόπους
327 241 382 268 τῶν
395 241 500 277 vﬁcuw'
515 241 596 277 νῆσος
614 240 643 268 δὲ
660 242 706 268 καὶ
720 243 737 277 ἡ
759 241 936 278 Ἰερουσαλὴμ
950 243 995 270 λέ-
1009 247 1031 272 Α
1045 242 1051 269 .'

984 257 995 262 -
1009 247 1031 272 Α
1045 242 1208 274 Jerusalem,
1233 245 1326 278 utpote
1348 248 1408 282 qua
1422 241 1548 277 gentibus
1570 239 1690 275 undique
1707 239 1823 266 circum-

209 295 304 322 γεται.
329 288 496 323 συνεχομένη
518 287 566 322 μὲν
588 287 755 322 πανταχόθεν
773 288 826 314 ὑπὸ
848 287 901 314 τῶν
916 297 994 324 περι-

210 332 379 361 κυκλούντων
404 333 489 369 αὐτὴν
511 332 596 359 ἐθνῶν
615 352 621 365 ,
650 333 866 368 περικλυζομένη
890 334 919 360 δὲ
946 334 994 360 καὶ

211 377 262 406 ὑπὸ
275 378 329 406 τῶν
343 378 389 406 τοῦ
404 378 469 405 λαοῦ
491 378 631 413 ἁμαρτιῶν
651 374 688 404 ὦν
710 379 885 414 ἡμάρτανον,
903 379 943 410 εἰς
961 378 995 405 τὰ

211 423 258 458 ιθη
274 423 328 450 τῶν
338 423 422 461 tm»
437 424 614 455 ἐκπίπτοντες
625 444 632 455 ,
654 423 702 450 καὶ
720 424 760 455 είς
774 423 994 458 είδωλολατρείαν

210 469 416 501 ὀλισθαίνοντες.
442 468 676 501 Ἀνακαινίξεσθαι
687 469 776 498 τοίνυν
788 469 971 505 προτρέπεται
984 477 992 484 ·

211 515 328 551 μάλιστα
350 515 399 550 μὲν
423 515 606 550 πρωτοτύπως
626 516 711 551 αὐτὴν
729 515 779 552 τὴν
805 515 991 550 Ἰερουσαλὴμ,

210 559 242 587 οὐ
255 559 308 595 μὴν
326 559 394 586 ἀλλὰ
418 560 465 587 καὶ
488 561 576 588 πάντα
590 561 671 588 τόπον
685 561 740 588 τῶν
763 561 847 588 ἐθνῶν
864 561 911 588 καὶ
927 561 992 588 ἁνα-

1045 289 1194 318 tluentibus
1205 287 1412 321 circumdatur;
1428 287 1624 315 circumluetur
1635 285 1716 320 etiam
1733 283 1824 319 populi

1045 336 1166 371 peccatis
1179 335 1280 370 quibus
1296 342 1312 361 a
1335 334 1392 362 Deo
1407 333 1574 365 defecerunt,
1597 331 1630 358 ad
1650 338 1740 358 mores
1759 337 1824 364 gen-

1044 381 1114 408 tium
1138 381 1254 416 delapsi,
1280 385 1307 407 et
1325 379 1360 406 ad
1381 379 1470 414 ipsum
1497 379 1631 405 idolorum
1654 376 1767 403 cultum.
1793 371 1826 400 Ut

1045 427 1210 454 innoventur
1225 424 1287 452 ideo
1309 426 1401 450 monet
1418 430 1486 455 eos;
1503 421 1652 458 praesertim
1673 426 1737 446 vero
1749 417 1827 445 Jeru-

1046 472 1132 499 salem
1148 476 1175 499 et
1189 472 1337 506 quamlibet
1350 472 1469 507 gentium
1492 469 1631 503 regionem
1647 466 1780 496 hortatur,
1798 466 1828 489 ut

1046 517 1183 552 excipiant
1201 525 1293 546 veram
1310 518 1343 545 de
1363 517 1419 544 Deo
1436 515 1600 545 doctrinam,
1615 516 1641 540 et
1656 511 1711 538 Deo
1725 508 1827 545 gratias

1046 563 1216 596 exhibentes,
1233 564 1349 591 salutem
1362 563 1415 590 sibi
1430 564 1587 596 operentur.

210 605 358 642 λαμϐάνειν
394 606 504 638 laureo;
531 607 571 640 εις
599 607 764 642 θεογνωσίαν
778 628 787 641 ,
814 608 861 634 καὶ
893 608 1136 644 πραγματεύεσθαι
1170 609 1275 640 ἑαυτοῖς
1298 607 1435 643 σωτηρίαν
1453 605 1578 637 αἰώνιον,
1612 602 1828 638 προστρέχοντας

211 651 243 688 τῇ
259 652 306 680 τοῦ
319 651 387 679 Θεοῦ
402 652 501 688 χάριτι.

245 699 318 736 Πρὸς
331 700 380 735 τὴν
390 699 461 727 οὕτω
477 701 599 737 μεγάλην
610 701 787 736 ἱπαγγελίαν,
798 702 846 728 καὶ
859 702 906 738 τὴν
921 703 992 736 ἐγει-

212 747 328 783 ρομένην
339 748 395 779 τοῖς
411 748 554 775 ἁκούουσιν
574 748 796 783 ἀμφισϐήτησιν,
816 748 870 775 ἀπὸ
890 747 995 780 ἀξιοπί-

212 800 282 820 στων
296 791 350 819 τῶν
363 792 409 819 τοῦ
421 793 488 820 Θεοῦ
504 793 592 829 ιργων
606 793 741 820 νουθετεῖν
762 793 850 820 ῑοικεν
869 794 884 820 ο
896 793 973 827 λόγος
988 801 995 809 ι

211 834 295 870 οὗτος
318 838 391 873 γὰρ.
417 837 518 874 φησιν.
542 839 558 865 ὁ
584 837 659 866 ταῦτ’
679 838 911 874 ἐπαγγελλόμενος
929 838 995 870 Θεός

211 884 301 915 ἐστιν,
314 884 329 910 ὁ
344 884 391 910 καὶ
402 884 515 920 οὐρανὸν
528 884 644 919 ποιήσας
655 904 662 916 ,
680 884 726 910 καὶ
740 885 791 919 γῆν
807 883 897 917 δείξας
915 883 994 918 Ιργον

210 928 357 963 γενομένην
369 930 418 964 τῆς
431 929 527 956 ἑαυτοῦ
538 929 726 965 προλασούσης
738 929 839 960 ἐννοίας
848 937 857 945 υ
871 929 918 955 καὶ
927 928 992 956 ταύ-

210 981 260 1009 την
273 974 392 1009 χωρίσας
407 975 461 1001 ἀπὺ
477 974 532 1002 τῶν
549 974 653 1001 ὑδάτων
672 974 858 1010 συναχθέντων
875 975 916 1006 εἰς
929 983 993 1001 συν-

210 1019 330 1054 αγωγάς.
360 1019 391 1046 '0
416 1020 505 1046 τοίνυν
529 1019 583 1046 τῶν
611 1019 718 1055 φύσεων
754 1019 857 1046 τούτων
880 1019 995 1055 ποιητὴς

209 1063 306 1091 οὔποτε
319 1063 452 1092 παύσεται
467 1065 754 1100 φιλανθρωπευόμενος
767 1073 774 1079 ·
795 1065 855 1091 οὐδὲ
872 1064 926 1101 γὰρ
946 1065 994 1091 ἀνα

210 1109 336 1149 θρώπους
346 1111 387 1142 et;
400 1110 430 1137 τὸ
446 1107 515 1137 εἶναι
529 1111 690 1146 παρήγαγεν
703 1129 711 1141 ,
727 1109 760 1136 ἶν’
777 1109 826 1146 ἔχῃ
844 1109 890 1142 οὓς
909 1117 996 1144 τιμω-

212 1157 343 1192 ρήσηται,
356 1156 404 1183 καὶ
419 1154 521 1191 ἔρημον
535 1155 637 1183 τούτων
649 1154 698 1190 τὴν
713 1155 764 1191 γῆν
779 1155 922 1191 ἀποφήνῃ,
935 1155 994 1182 ἀλλ’

210 1201 254 1228 ινα
266 1200 407 1232 οἰκοῦντας
414 1201 544 1236 εὑεργετῇ
555 1220 563 1232 ,
577 1201 623 1229 καὶ
636 1200 833 1235 μετανοοῦντας
846 1200 937 1236 σώζῃ,
948 1200 995 1233 καὶ

209 1246 441 1280 ὲπιγινώσκοντας
457 1246 538 1272 αὑτὸν
551 1245 654 1281 διδάξῃ.

245 1292 276 1318 οι
289 1291 379 1317 τοίνυν
393 1292 426 1317 ὲκ
438 1290 492 1318 τῶν
509 1290 592 1317 ἐθνῶν
605 1291 671 1318 Θεὸν
683 1291 870 1325 ἐπεγνωκότες
881 1290 928 1317 καὶ
943 1298 995 1318 σω-

209 1335 306 1372 τηρίας
319 1335 389 1368 ἄξιοι
406 1335 627 1371 ἁναδειχθέντες,
648 1336 848 1371 συστρέψαντες
871 1337 993 1368 ιαιηοὺς,

211 1381 258 1408 καὶ
271 1380 343 1415 κατὰ
355 1380 417 1407 νοῦν
433 1380 671 1416 συσκοτιησάμενοι
680 1401 688 1413 ,
705 1381 736 1407 τὸ
751 1380 851 1408 ἄτοπον
864 1381 993 1413 «uviae-rs,

211 1426 252 1452 ὅτι
274 1427 299 1453 οἱ
325 1427 368 1452 ἐπ’
384 1425 466 1461 ὤμων
485 1425 614 1462 φέροντες
636 1426 670 1453 τὰ
694 1426 798 1454 ἑαυτῶν
825 1426 994 1461 σεϐάσματα,

212 1472 259 1499 καὶ
286 1471 412 1507 βοήθειαν
438 1471 545 1502 τούτοις
568 1471 711 1506 νέμοντες,
739 1471 770 1497 οὑ
800 1473 857 1506 μετ’
876 1471 906 1497 οὺ
929 1471 995 1497 πολὺ

212 1517 288 1544 πλεῖν
302 1516 454 1553 μέλλοντες.
472 1516 520 1544 καὶ
534 1515 644 1552 μακρὰν
660 1515 718 1543 ὸδδν
736 1516 916 1551 στελλόμενοι,
931 1517 996 1551 παρ’

212 1562 324 1590 δκείνων
347 1561 474 1589 ἐπάνοδον
500 1561 658 1596 ἐπιζητοῦσι
669 1581 677 1592 .
694 1561 741 1588 καὶ
756 1561 890 1596 σωτηρίαν
907 1562 996 1594 αὐτοῖς
1009 1576 1030 1604 C

210 1606 388 1644 χορηγεῖσθαι
404 1606 550 1642 ἡλπίκασν
574 1604 632 1633 διον
648 1605 678 1633 τὺ
693 1605 791 1632 ἄτοπον
810 1606 921 1632 συνιδεῖν
931 1626 938 1639 ,
955 1606 995 1633 ὅτι

213 1652 358 1689 διμιιυχος
376 1653 422 1679 καὶ
440 1651 529 1686 ἑαυτῷ
553 1651 706 1686 ἐπαμύνειν
732 1650 896 1686 δυνάμενος,
922 1652 998 1687 παρὰ

213 1697 260 1724 τοῦ
277 1696 393 1732 ἁδοήθου
414 1697 461 1723 καὶ
479 1696 642 1732 ἁναισθὴτου
658 1695 734 1723 οὐδὲν
749 1695 804 1722 τῶν
835 1696 925 1722 καλῶν
947 1697 999 1724 ἀπ-

213 1741 331 1768 ώνασθαι
345 1740 455 1767 δύναται
468 1741 535 1776 (10).

248 1786 286 1813 τὸ
304 1785 484 1822 ἀκοινώνητον
502 1786 553 1821 τῆς
567 1785 616 1813 τοῦ
631 1785 700 1814 Θεοῦ
721 1785 828 1820 φύσεως
847 1786 894 1813 καὶ
914 1785 999 1820 ἀσύγ-

214 1839 306 1870 κριτον
320 1832 372 1859 κάν
387 1831 474 1866 τούτῳ
491 1831 667 1867 σημαίνεται·
693 1830 804 1866 μηδενὸς
827 1831 906 1858 ἄλλου
927 1831 998 1858 οὓτω

212 1877 245 1905 τὸ
259 1876 328 1906 εἶναι
343 1876 509 1912 κεκτημένου
521 1896 528 1908 ,
545 1876 626 1911 μόνου
646 1876 675 1902 δὲ
695 1876 771 1907 ὄντος
789 1877 935 1912 ἀγενήτου,
952 1877 998 1904 καὶ

213 1923 358 1951 τδδίκαιον
375 1921 482 1956 ἑκάστῳ
502 1922 639 1956 νέμοντος.
653 1936 689 1942 —
706 1922 810 1956 Ἰησοῦς
825 1922 853 1949 δέ
872 1924 929 1949 ὲστι
947 1931 999 1949 σω-

213 1969 296 2006 τηρία
308 1968 392 2000 Θεοῦ,
410 1968 470 1994 κατ’
484 1967 549 1993 αὐτὸ
564 1967 594 1993 τὸ
611 1966 714 2001 ὄνομα*
726 1968 773 1994 καὶ
787 1968 802 1994 ὁ
820 1958 916 2003 Σωτὴρ
932 1968 999 1999 Θεὸς

214 2016 244 2043 ιν
260 2014 334 2050 αὑτῷ
345 2035 352 2047 ,
371 2014 417 2041 καὶ
439 2013 520 2044 αὐτὺς
533 2014 562 2039 ὲν
573 2012 633 2048 Θεῷ
647 2021 654 2028 ·
677 2014 706 2039 οὐ
723 2013 755 2048 δὴ
771 2013 816 2040 τὸν
831 2013 919 2048 ἑαυτῷ
933 2013 998 2045 Θεὸς

214 2059 338 2097 ἀφορίζει
357 2059 452 2087 ἑαυτοῦ
467 2059 513 2085 καὶ
527 2057 573 2085 τοῦ
589 2055 657 2088 εἶναι
668 2078 675 2090 ,
690 2057 760 2085 ἀλλὰ
774 2058 820 2085 τὸν
834 2058 886 2092 ἔξω
904 2058 950 2085 καὶ
969 2059 1000 2085 ὲν

215 2107 297 2142 ἑτέρᾳ
319 2106 430 2141 δυνάμει
452 2103 625 2139 δικαιοσύνης
641 2104 687 2131 καὶ
715 2104 852 2140 σωτηρίας
867 2111 874 2119 ο
891 2105 921 2131 οὐ
946 2105 1000 2140 γάρ

215 2153 289 2179 ἔστιν
306 2149 516 2179 οὐδὲιριοιοῦτον
530 2149 667 2184 ἀλλότριον
684 2148 732 2177 τοῦ
747 2149 906 2184 μονογενοῦς
920 2149 998 2181 Θεοῦ,

215 2197 265 2233 τῆς
291 2197 373 2232 μόνης
393 2195 484 2231 πηγῆς
504 2195 561 2222 τῶν
580 2194 690 2228 ἀγαθῶν
703 2202 709 2209 '
737 2195 766 2221 ἓν
779 2195 833 2230 γὰρ
847 2195 878 2221 τὸ
899 2194 1000 2229 ἀγαθὸν

1084 699 1169 728 νεεδ.
1194 700 1238 727 18.
1257 699 1299 726 Ad
1332 695 1545 726 conﬁrmandam
1574 697 1710 721 tantarum
1735 699 1827 719 rerum

1046 746 1282 782 praedicationem,
1303 749 1330 772 et
1344 743 1481 772 tollendas
1497 740 1663 768 audientium
1681 738 1828 765 dubitatio-

1048 799 1110 824 nes,
1134 791 1360 826 praestantissima
1381 789 1428 817 Dei
1452 794 1535 823 opera
1555 787 1748 813 commemorat
1766 789 1829 818 pro-

1046 838 1138 872 pheta.
1154 837 1206 870 Qui
1222 837 1274 864 ista
1294 836 1436 863 denuntiat
1451 834 1521 862 idem
1543 835 1595 864 est,
1612 830 1710 864 inquit,
1735 837 1767 855 ac
1783 828 1829 856 ille

1047 884 1093 919 qui
1118 884 1218 911 coelum
1241 883 1316 914 fecit,
1339 886 1367 909 et
1389 886 1491 908 terram
1514 878 1686 907 extrinsecus
1709 875 1828 903 ostendit

1045 933 1135 956 mente
1154 930 1230 964 prius
1251 928 1345 956 divina
1360 929 1540 962 excogitatam
1553 947 1561 959 ,
1579 930 1606 953 et
1621 931 1681 954 eam
1700 922 1736 949 ab
1750 922 1829 958 aquis

1045 975 1204 1002 distinxitin
1219 973 1446 1010 congregationes
1458 980 1524 1000 suas
1538 973 1642 1000 coactis
1666 972 1765 999 iterum
1780 977 1827 996 au-

1045 1024 1099 1047 tem
1115 1020 1230 1047 istarum
1247 1019 1385 1050 conditor,
1402 1025 1489 1053 usque
1506 1018 1692 1052 perseverabit
1703 1014 1828 1043 homines

1045 1065 1137 1093 studio
1154 1073 1204 1092 suo
1221 1069 1433 1099 persecuturus;
1449 1070 1503 1090 non
1517 1064 1591 1090 enim
1605 1063 1660 1090 vita
1680 1068 1728 1089 eos
1743 1061 1829 1087 dona-

1045 1109 1086 1137 vit
1099 1115 1128 1138 ut
1143 1110 1256 1137 haberet
1278 1117 1348 1144 quos
1367 1108 1488 1143 puniret,
1502 1112 1549 1134 aut
1569 1110 1670 1134 terram
1695 1106 1828 1141 praeberet

1045 1157 1156 1184 abistis
1178 1163 1303 1186 vacuam.
1330 1155 1378 1183 sed
1401 1159 1430 1181 ut
1453 1156 1545 1189 posset
1568 1156 1702 1180 terrarum
1725 1151 1829 1179 insulas

1045 1201 1149 1234 fovere,
1175 1205 1202 1228 et
1218 1199 1407 1235 paenitentiam
1429 1203 1539 1234 agentes
1556 1205 1678 1230 servare,
1692 1200 1718 1224 et
1743 1203 1828 1231 agno-

1045 1252 1154 1275 scentes
1169 1254 1231 1273 eum
1246 1246 1356 1273 docere.

1080 1291 1164 1318 Vens.
1185 1291 1230 1318 το.
1254 1289 1338 1325 Igitur
1366 1297 1400 1318 ex
1421 1290 1548 1325 gentibus
1567 1289 1612 1324 qui
1643 1288 1727 1315 Deum
1749 1287 1829 1315 novi-

1045 1338 1107 1370 stis,
1125 1342 1152 1365 et
1178 1337 1267 1364 salute
1288 1336 1365 1371 digni
1386 1335 1518 1363 declarati
1543 1336 1622 1366 estis,
1648 1334 1776 1361 conversi
1801 1336 1830 1360 et

1045 1383 1137 1410 animo
1151 1382 1291 1410 vobiscum
1304 1385 1460 1416 reputantes
1472 1380 1669 1407 absurditatem
1681 1379 1755 1405 illam
1764 1386 1831 1413 Aper-

1046 1429 1155 1464 pendite
1170 1437 1177 1455 :
1195 1427 1268 1462 quod
1284 1427 1301 1454 ii
1316 1426 1363 1461 qui
1378 1426 1526 1454 simulacra
1545 1426 1579 1452 ab
1594 1433 1624 1453 se
1644 1425 1718 1452 culta
1731 1425 1830 1452 hume-

1047 1474 1086 1500 ris
1110 1476 1219 1508 gestant
1236 1473 1360 1508 ipsisque
1387 1479 1464 1508 opem
1488 1472 1588 1501 ferunt,
1607 1471 1679 1498 haud
1699 1470 1746 1498 diu
1767 1474 1830 1505 post

1047 1518 1214 1553 navigaturi,
1237 1522 1263 1545 et
1278 1518 1388 1553 longum
1406 1518 1458 1544 iter
1478 1516 1634 1549 emensuri;
1653 1516 1687 1543 ab
1709 1516 1742 1543 iis
1761 1516 1831 1544 salu—

1047 1568 1101 1590 tem
1124 1563 1176 1591 sibi
1196 1567 1222 1591 et
1240 1563 1356 1591 reditum
1371 1570 1534 1590 concessum
1557 1563 1590 1590 iri
1614 1565 1743 1597 sperent;
1766 1569 1830 1589 cum

1047 1613 1186 1644 oporteret
1204 1610 1244 1636 rei
1257 1609 1455 1636 absurditatem
1472 1608 1633 1641 intelligere,
1648 1607 1758 1643 quando
1769 1608 1831 1643 qui-

1047 1654 1107 1681 dem
1126 1654 1172 1688 qui
1188 1654 1324 1682 animatus
1337 1658 1379 1682 est
1398 1657 1424 1680 et
1441 1661 1519 1689 opem
1536 1654 1589 1680 sibi
1609 1653 1679 1680 ferre
1692 1653 1775 1684 valet,
1796 1653 1831 1680 ab

1047 1706 1079 1726 eo
1094 1699 1140 1733 qui
1156 1699 1224 1725 nihil
1239 1699 1336 1732 juvare
1351 1702 1441 1734 potest
1454 1702 1481 1726 et
1496 1705 1579 1726 sensu
1592 1703 1669 1726 caret
1684 1697 1751 1725 nihil
1765 1698 1830 1725 boni

1048 1744 1190 1779 percipere
1205 1745 1287 1771 valet.

1082 1788 1166 1816 Vens.
1191 1789 1236 1816 21.
1257 1789 1304 1816 Dei
1329 1793 1455 1816 naturam
1484 1796 1545 1816 cum
1574 1789 1627 1815 alia
1650 1787 1779 1815 contendi
1803 1792 1831 1815 et

1047 1835 1200 1869 comparari
1213 1841 1267 1860 non
1284 1841 1364 1868 posse
1375 1834 1530 1861 declaratur
1542 1833 1598 1864 hic,
1614 1840 1677 1860 cum
1694 1840 1749 1859 non
1761 1832 1831 1859 alius

1047 1878 1141 1906 eodem
1164 1879 1245 1906 modo
1259 1879 1291 1905 τὸ
1307 1887 1368 1906 esse
1384 1879 1532 1913 possideat,
1556 1886 1617 1906 cttm
1641 1886 1713 1905 unus
1727 1877 1831 1912 ingeni-

1048 1928 1092 1951 tus
1124 1924 1171 1954 sit,
1191 1929 1219 1951 et
1237 1923 1317 1951 suum
1337 1924 1435 1958 cuique
1462 1924 1602 1958 largiatur.
1627 1923 1705 1951 Jcsus
1739 1927 1830 1950 autem

1047 1973 1089 1996 est
1121 1969 1196 1996 salus
1222 1969 1288 2001 Dei,
1310 1968 1383 2003 quod
1413 1976 1511 1995 nomen
1539 1969 1628 2002 ipsum
1648 1970 1831 1999 testaturret

1049 2015 1175 2042 Salvator
1190 2014 1263 2042 Deus
1281 2015 1309 2041 in
1325 2015 1397 2049 ipso,
1415 2018 1441 2041 et
1457 2014 1515 2048 ipse
1535 2014 1563 2040 in
1578 2014 1644 2044 Deo,
1659 2020 1739 2047 quem
1756 2011 1830 2039 enim

1048 2062 1076 2088 in
1092 2069 1121 2087 se
1138 2068 1192 2087 non
1208 2067 1223 2086 a
1243 2068 1272 2087 se
1283 2063 1309 2087 et
1323 2060 1357 2087 ab
1372 2067 1434 2087 esse
1448 2059 1582 2090 excludit,
1601 2058 1648 2086 sed
1669 2059 1787 2084 alienum
1803 2061 1832 2084 et

1049 2107 1076 2134 in
1089 2107 1142 2133 alio
1155 2106 1269 2141 justitire
1284 2110 1311 2133 et
1328 2107 1425 2134 salutis
1446 2105 1541 2133 ordine
1561 2105 1758 2136 constitutum;
1776 2111 1831 2131 non

1048 2157 1090 2180 est
1113 2152 1185 2179 enim
1209 2152 1302 2185 justus
1326 2155 1353 2178 et
1381 2151 1507 2178 Salvator
1536 2153 1633 2185 praeter
1663 2149 1833 2184 unigenitum

1050 2197 1145 2229 Deum,
1173 2205 1257 2225 unum
1284 2197 1347 2224 boni
1375 2197 1509 2232 cujusque
1537 2195 1656 2228 fontem;
1682 2203 1765 2222 unum
1790 2202 1833 2222 es.

215 2243 263 2271 καὶ
277 2243 308 2269 τὸ
327 2243 357 2276 ἐξ
375 2241 456 2269 αὑτοῦ
481 2242 580 2274 ταὺτὸ,
603 2242 641 2274 ὡς
665 2239 746 2268 είκὼν
770 2240 883 2276 ἀληθινή
904 2249 933 2269 τε
954 2241 1000 2268 καὶ
1016 2244 1056 2272 οε

991 2241 1000 2267 ι
1016 2244 1037 2272 D
1051 2245 1124 2271 enirn
1139 2244 1253 2275 bonum,
1270 2246 1297 2270 et
1311 2243 1384 2278 quod
1401 2251 1433 2270 ex
1449 2250 1481 2270 eo
1497 2241 1602 2274 itidem,
1618 2245 1646 2268 ut
1661 2249 1725 2269 vera
1740 2245 1768 2269 et
1783 2248 1832 2269 na-

236 2297 252 2315 υ
255 2296 316 2315 om:
321 2308 328 2315 .

236 2296 299 2315 υσικ
321 2308 328 2315 .

216 2297 235 2324 φ
257 2334 286 2360 '0
300 2288 440 2369 :mqpia;
457 2332 571 2368 χορηγὸς
598 2333 645 2361 καὶ
665 2333 737 2367 ζωῆς
754 2332 842 2363 αἴτιος
865 2331 989 2364 αώζεσθα

216 2379 319 2411 πάντας
333 2379 534 2415 προτρέπεται,
548 2379 595 2405 καὶ
609 2379 638 2405 ιν
654 2379 754 2415 βεδαίῳ
768 2378 890 2413 δεδέχθαι
902 2378 936 2405 τὰ
952 2379 998 2412 τῆς

215 2426 256 2456 εἰς
276 2424 374 2456 αὐτοὺς
395 2423 541 2458 γενομένης
565 2423 738 2457 ἐπαγγελίας.
770 2423 876 2459 Ἐπειδὴ
902 2424 958 2458 γὰρ
982 2424 998 2458 ἡ

216 2470 311 2505 κλῆσις
330 2470 379 2496 καὶ
407 2469 542 2501 Ἰουδαίοις
567 2470 703 2506 σωτηρίαν
728 2469 927 2505 ἐμνηστεύετο,
953 2469 999 2496 καὶ

216 2516 280 2549 ἔθνη
304 2515 354 2549 τῆς
378 2515 463 2550 αὐτῆς
485 2515 590 2550 δωρεᾶς
612 2515 688 2550 ἠξίου
704 2515 749 2541 καὶ
767 2515 868 2546 πάντας
883 2515 1000 2541 ἅπαντα·

215 2561 295 2596 κόθεν
319 2561 352 2595 τῇ
374 2561 421 2587 τοῦ
443 2560 510 2587 Θεοῦ
522 2561 739 2596 προστρέχοντας
757 2560 845 2596 δωρεᾷ
867 2559 999 2592 σώζισθαι

216 2605 425 2644 εὐηγγελίζετο⁸
449 2607 473 2633 ει
496 2607 550 2642 γὰρ
565 2608 580 2633 δ
610 2607 716 2642 Ἰσραὴλ
742 2606 810 2641 μετὰ
833 2606 862 2632 τὸ
882 2605 1000 2632 τοσαῦτα

215 2653 375 2690 ἁμαρτῆσαι
389 2652 500 2687 χάριτος
516 2653 613 2688 ἐδεήθη
625 2672 633 2685 ,
649 2652 738 2687 πολλῷ
762 2652 861 2687 μᾶλλον
884 2652 954 2687 μέγα
970 2651 999 2678 ὃν

215 2700 246 2726 τὺ
257 2700 403 2734 λεγόμενον
414 2699 563 2731 ὴπιστεϊτο,
577 2699 614 2730 ὡς
628 2699 707 2733 μόνον
718 2699 770 2730 ἕως
782 2698 910 2734 ῥημάτων
923 2697 1000 2724 τοῦτο

216 2745 428 2780 διχθησόμενον,
445 2742 505 2777 οὐκὶ
529 2743 557 2769 δὲ
573 2743 620 2770 καὶ
642 2744 681 2775 είς
705 2743 784 2778 ἔργον
807 2741 998 2776 προχωρῆσαν.

217 2790 311 2817 Πᾶσαν
331 2789 418 2815 τοίνυν
447 2788 649 2824 ἀμφισϐήτησιν
674 2790 729 2820 τοῖς
755 2788 930 2822 καλουμένοις
956 2786 1002 2812 ἐπὶ

1051 2291 1147 2318 turalis
1165 2290 1264 2325 imago.

1086 2335 1169 2363 Vsus.
1196 2336 1240 2362 22.
1270 2335 1373 2362 Salutis
1395 2335 1523 2369 princeps
1545 2338 1573 2361 et
1595 2334 1657 2361 vitae
1683 2336 1779 2360 auctor
1802 2335 1833 2359 ut

1051 2390 1146 2418 omnes
1169 2382 1235 2409 salvi
1261 2381 1326 2408 {iant
1343 2381 1478 2411 hortatur,
1497 2385 1524 2408 et
1546 2387 1698 2408 sermonem
1723 2378 1782 2412 ejus
1799 2378 1832 2405 ad

1048 2427 1124 2461 ipsos
1147 2426 1266 2454 delatum
1286 2426 1377 2453 studio
1404 2426 1568 2460 suscipiant.
1589 2425 1737 2452 Vocatione
1759 2423 1833 2450 enim

1051 2472 1165 2499 salutem
1183 2470 1283 2498 Judaais
1298 2471 1493 2505 despondebat,
1510 2476 1537 2498 et
1550 2474 1644 2506 gentes
1663 2470 1757 2497 eodem
1772 2476 1834 2495 mu-

1052 2526 1117 2544 nere
1128 2517 1224 2552 dignas
1237 2516 1403 2547 declarabat.
1426 2522 1454 2544 et
1471 2524 1566 2544 omnes
1579 2515 1758 2543 denuntiabat
1778 2514 1834 2541 sal-

1051 2563 1166 2595 vandos,
1188 2567 1279 2597 utpote
1300 2562 1345 2596 qui
1362 2570 1395 2589 ex
1413 2563 1539 2589 omnibus
1555 2566 1689 2589 terrarum
1709 2561 1833 2596 partibus

1054 2607 1100 2634 Dei
1115 2608 1201 2642 gratia
1228 2609 1424 2635 excitarentur.
1446 2608 1523 2640 Quod
1549 2611 1638 2634 autem
1654 2606 1754 2634 ludatis
1770 2610 1833 2640 post

1053 2659 1091 2680 tot
1113 2661 1146 2679 ac
1167 2657 1242 2679 tanta
1265 2658 1375 2688 percata
1392 2654 1470 2680 venia
1498 2662 1566 2689 opus
1590 2657 1657 2684 erat.
1683 2659 1716 2679 eo
1746 2651 1833 2686 magis

1054 2699 1139 2726 tantis
1163 2700 1307 2734 promissis
1332 2699 1498 2730 dillidehant,
1515 2699 1594 2734 quasi
1615 2698 1705 2726 verbis
1727 2701 1833 2723 tantum

1055 2743 1206 2777 profitenda
1229 2748 1332 2774 essent,
1358 2751 1387 2769 re
1409 2751 1473 2770 vero
1498 2749 1635 2777 nunquam
1657 2738 1831 2775 perﬁcienda.

1055 2788 1112 2820 Qua
1125 2788 1158 2815 de
1175 2795 1269 2818 causa,
1288 2792 1317 2815 ut
1333 2788 1517 2815 dubitationes
1533 2795 1653 2822 quasque
1667 2786 1785 2821 gentium
1800 2783 1833 2810 ad

253 2845 309 2879 (10)
325 2844 518 2881 Fragmentum
540 2844 590 2872 hoc
607 2845 769 2873 lleracleota:
785 2844 887 2873 editum
910 2843 1008 2878 legitur
1030 2845 1110 2871 ctiam
1137 2845 1207 2879 apud
1228 2844 1459 2872 Montiuuconiunt
1481 2844 1507 2871 in
1531 2844 1620 2871 erca
1640 2843 1834 2878 pulwogmpluu

218 2889 277 2915 pag.
297 2880 358 2908 317.
