2131 3167
302 199 372 227 1343

873 195 1046 224 ΪΗΕΟΒΟΒΙ
1065 194 1324 224 ηελιοιεεινεισ

1844 198 1914 226 ιδιι

301 257 418 285 salutem
430 259 588 284 vocatarum
605 255 715 283 tolleret
735 254 818 286 Deus.
831 255 1018 289 juramentum
1033 255 1079 282 ad-
1092 258 1114 286 Α

1102 258 1114 286 ι
1129 254 1250 290 σωτηρίᾳ⁵
1263 254 1334 281 λύων
1345 274 1353 286 ,
1367 255 1448 290 δριων
1463 253 1561 288 ἐπάγει
1570 273 1581 286 ,
1599 254 1646 280 καὶ
1659 253 1747 289 τούτῳ
1762 254 1914 290 συγκίχρη-

301 302 401 335 hibuit,
414 306 441 329 et
457 309 490 329 eo
502 301 612 336 quidem
634 301 720 328 utitur
736 308 799 328 cum
813 301 971 328 hominibus
990 300 1081 328 disce-

301 351 393 382 ptant,
410 354 464 382 quo
477 353 559 381 quam
583 346 768 373 ﬁrmissimam
791 345 844 373 sibi
864 344 937 380 apud
953 345 1080 373 homines

302 392 381 419 ﬁdem
398 391 510 419 faceret.

337 436 421 464 Vens.
441 437 487 464 25.
507 436 668 470 Quicunque
689 435 717 463 in
744 436 796 464 hac
821 437 876 462 rita
903 435 937 463 de
958 435 1081 471 peccatis

303 484 362 510 suis
376 482 565 517 pcenitentiam
579 489 633 508 non
650 484 740 515 agent.
753 485 790 513 et.
807 481 913 516 ingrato
926 481 1018 509 animo
1033 482 1082 509 de-

302 527 386 562 cepti,
413 526 552 554 Christum
584 525 707 554 conﬁteri
734 526 870 553 noluerint
898 525 1080 561 (confunden-

303 573 369 606 tur).

338 617 421 645 Vsus.
436 617 480 644 26.
501 615 727 644 Justiﬁcabuntur
738 624 803 644 vero
819 620 847 645 et
856 616 1082 652 gloriﬁcabuntur

303 670 352 698 per
369 670 476 690 omnem
492 663 572 690 vitam
589 670 666 690 suam
691 663 736 698 qui
759 662 897 690 Christum
919 670 1079 698 agnoscere,

300 708 433 743 justitiam
452 708 558 743 operari
579 714 606 735 et
618 716 710 735 verum
727 716 818 736 semen
836 708 918 736 Israel
934 707 1002 736 eﬁici
1019 713 1079 736 stu-

302 753 423 781 duerint.

338 798 403 826 Cn.
420 798 511 831 XLVI,
529 797 609 826 Vens.
624 799 650 826 Ι.
670 798 720 826 Hic
743 803 875 826 memorat
897 798 969 826 Deus
989 798 1080 825 omnia

303 849 379 871 certo
399 844 503 880 perﬁci,
528 852 697 879 quaecunque
725 844 759 871 ab
784 852 816 872 eo
836 844 945 872 fuerunt
957 844 1079 877 decreta;

303 889 338 916 de
352 889 432 917 idolis
446 897 509 917 vero
525 897 578 916 non
594 889 665 916 idem
678 889 778 921 valere,
795 888 841 916 sed
853 897 884 916 ea
898 890 1019 916 omnium
1034 897 1080 917 co-

1130 308 1197 332 ται,
1223 299 1261 331 ὡς
1289 299 1443 335 ἀνθρώποις
1472 299 1677 335 διαλεγόμενος.
1703 296 1727 333 ᾧ
1745 299 1861 334 μάλιστα
1881 301 1916 327 τὸ

1131 345 1316 380 συμπέρασμα
1333 345 1423 381 πάσης
1439 345 1668 382 ἀμφισϐητήσεως
1680 345 1766 373 αἴτιον
1777 345 1914 373 ιπιλύεται

1129 391 1185 422 τοῖς
1196 389 1362 426 ἀνθρώποις.

1165 437 1197 462 οι
1213 435 1251 471 μὴ
1269 436 1298 463 ιν
1323 435 1362 471 τῷ
1386 435 1437 472 βίῳ
1458 444 1545 472 mw
1570 437 1785 472 μετανοήσητε
1802 443 1852 472 μιν
1871 436 1915 470 ιφ’

1129 479 1171 512 οἷς
1183 481 1325 516 ἥμαρτον,
1347 480 1568 516 ἀγνωμονοῦντες
1591 481 1635 514 δὲ,
1657 481 1704 508 καὶ
1723 481 1791 517 πρὸς
1805 480 1854 516 τὴν
1866 480 1913 508 τοῦ

1130 526 1249 563 Χριστοῦ
1262 525 1420 561 ὁμολογίαν.

1164 614 1248 650 Δόξης
1262 615 1291 641 δὲ
1306 615 1355 642 καὶ
1366 614 1555 650 εὐθυμοσύνης
1572 614 1795 651 πληρωθήσονται
1807 614 1915 642 ἅπαντα

1129 659 1175 686 τὸν
1189 658 1291 686 ἑαυτῶν
1308 658 1379 693 βίον·
1397 652 1583 692 ﬂammise;
1603 658 1652 693 μὲν
1667 659 1713 685 τὸν
1729 658 1859 694 Χριστὸν,
1876 658 1916 685 δι-

1130 704 1277 739 καιοσύνης
1299 704 1329 730 δὲ
1356 703 1469 739 ιργάται
1496 703 1697 737 καταστάντες,
1719 704 1766 730 καὶ
1790 702 1914 739 ἀληθινὸν

1131 749 1242 784 σπέρμα
1257 748 1304 775 τοῦ
1327 748 1435 784 Ἰσραὴλ
1447 748 1675 784 χρηματίσαντες.

1170 793 1302 820 Ἐνταῦθα
1327 794 1531 829 ὑπομιμνήσκει
1554 793 1653 825 αὐτοὺς
1676 793 1691 819 ὸ
1712 792 1799 824 Θεὸς,
1821 792 1859 825 ὡς
1879 793 1916 820 τὰ

1131 837 1179 872 μὲν
1201 837 1284 864 αὐτοῦ
1301 838 1390 865 πάντα
1410 837 1589 870 ἀδιαλείπτως
1606 837 1754 873 τελούμενα
1775 839 1866 874 μένει·
1881 846 1915 865 τα

1129 883 1158 909 δὲ
1171 882 1226 909 τῶν
1249 883 1366 910 εἰδώλων
1385 883 1434 918 οὐχ
1457 883 1557 917 οὕτως,
1573 883 1641 911 ἀλλά
1658 883 1820 911 πεπτωκότα
1835 883 1918 919 690+,-

303 941 362 961 ram
385 934 472 961 oculis
487 934 648 968 prostranda
662 941 732 961 esse.
750 934 885 969 Agnoscat
899 935 1014 969 quisque
1033 941 1079 961 ve-
1096 921 1116 948 Β

1102 921 1116 948 Β
1133 935 1219 955 σεται.
1234 927 1288 954 Καὶ
1304 928 1366 963 ἐμοὶ
1385 928 1499 960 ἕκαστος
1515 929 1684 956 συσκοπείτω
1695 949 1702 961 ,
1720 928 1758 960 ὡς
1770 929 1801 955 οὺ
1812 928 1917 964 κόμης

304 984 389 1008 ιιι-ατη
407 980 488 1007 verba
503 985 561 1006 mea
578 987 633 1006 non
651 986 747 1006 vanam
760 986 820 1006 esse
831 979 1019 1014 jactationem,
1032 979 1080 1007 sed

302 1029 406 1052 certam
429 1031 519 1051 rerum
544 1031 607 1050 mox
629 1027 820 1051 eventurarum
841 1023 1043 1058 praedictionem
1065 1031 1081 1050 a

303 1069 359 1096 Deo
374 1069 490 1101 factam;
517 1076 580 1095 nam
603 1076 664 1095 cum
684 1067 919 1097 nuntiaretbeus
942 1068 1080 1095 Abraham

303 1122 397 1142 semen
409 1123 441 1142 ΘΧ
457 1123 490 1142 eo
503 1121 692 1150 egressurum,
706 1118 734 1141 et
749 1118 851 1140 terram
870 1118 1080 1148 occupaturum,

302 1160 409 1188 dicente
431 1160 484 1187 isto
507 1168 514 1187 :
548 1167 558 1184 ι
584 1157 738 1185 Secundum
761 1158 825 1193 quid
849 1158 977 1186 sciam?»
1005 1162 1082 1186 ratus

303 1205 498 1241 patriarcham,
523 1204 624 1232 auditis
647 1204 851 1231 calamitatibus
871 1204 905 1231 ad
920 1204 1081 1239 sapientiam

304 1250 495 1278 instruendum
508 1257 579 1281 esse,
599 1249 725 1284 prtedixit
743 1250 851 1284 generis
867 1250 1036 1282 servitutem,
1055 1253 1083 1277 et

304 1300 365 1330 post
379 1294 558 1329 quadraginta
578 1297 606 1321 et
620 1294 818 1329 quinquaginta
843 1300 930 1320 annos
948 1293 1084 1321 liberatio-

304 1347 366 1367 nem
377 1339 399 1355 “
413 1349 420 1367 :
435 1347 495 1375 quae
517 1339 608 1366 omnia
635 1343 734 1366 eventu
749 1338 908 1366 conﬁrmata
925 1342 1000 1370 sunt,
1018 1338 1082 1366 licet

304 1392 358 1412 non
374 1384 454 1412 fuerit
475 1385 726 1420 quitprzedictorum
743 1384 944 1412 exsecutionem
961 1388 1079 1420 urgeret.

339 1472 421 1500 Vens.
437 1472 464 1500 2.
483 1472 579 1500 Vestra
601 1474 691 1500 omnia
713 1473 740 1499 in
766 1473 950 1507 captivitatem
970 1472 1080 1505 tradita,

303 1525 373 1545 onus
388 1521 467 1544 erunt
482 1517 666 1552 elephantium
679 1520 706 1544 et
718 1517 904 1550 iumentorum
920 1516 1021 1551 quibus
1033 1516 1083 1543 ab-

303 1563 427 1590 ducenda
444 1563 627 1597 imponentur.
644 1562 700 1588 lmo
713 1561 899 1596 fatigabuntur
909 1565 936 1588 et
950 1562 998 1587 viri
1009 1561 1082 1588 scul-

304 1609 379 1643 ptilia
401 1590 552 1643 portantes.
581 1607 619 1634 Eo
643 1615 751 1642 quoque
764 1590 890 1634 vistorum
912 1590 1117 1633 imbecillita-c

305 1659 359 1681 tem
382 1654 594 1686 conﬁtebuntur,
625 1661 687 1681 cum
710 1660 740 1680 ea
764 1657 903 1687 portantes
922 1651 1082 1687 fatigantur,

303 1704 332 1727 et
354 1699 420 1727 deos
443 1699 560 1727 ferentes
586 1699 731 1730 deﬁciunt,
760 1706 774 1725 a
801 1698 903 1733 quibus
927 1698 1019 1732 potius
1040 1705 1084 1724 re-

305 1744 414 1773 creandi
426 1748 515 1777 erant,
531 1745 554 1772 si
566 1744 613 1780 qui
628 1743 665 1771 dii
679 1743 805 1771 fuissent.

342 1830 424 1859 Vens.
452 1832 478 1859 3.
507 1831 621 1858 Deducit
654 1838 702 1859 eos
731 1832 765 1858 ad
798 1832 972 1866 intelligenda
998 1832 1085 1866 lpsrus

304 1877 398 1909 verba,
416 1877 613 1904 commendatis
628 1877 782 1911 patriarcha
796 1881 825 1904 et
841 1877 926 1912 gloria
940 1876 1019 1911 ejus;
1036 1884 1085 1903 cu-

303 1923 350 1957 jus
364 1930 450 1957 genus
461 1929 521 1949 esse
535 1922 697 1956 gloriantur,
715 1922 855 1948 imitentur
865 1925 892 1948 et
903 1929 993 1949 mores
1006 1928 1086 1956 opor-

306 1973 354 1996 tet.
374 1969 441 1995 Cum
464 1968 586 2002 reliquiae
605 1967 689 1995 Israel
712 1967 782 2001 sitis,
799 1967 908 1996 .relictaa
924 1968 1012 1995 tribus
1028 1972 1087 1994 tan-

305 2019 363 2041 tum
377 2015 447 2047 duae,
465 2014 572 2041 caeteris
584 2013 679 2040 decem
702 2012 730 2039 in
745 2012 930 2047 captivitatem
948 2011 1085 2044 abductis,

307 2065 361 2085 non
373 2065 422 2085 vos
437 2058 572 2090 deseram,
587 2058 610 2084 si
624 2057 813 2092 pmnitentiam
830 2057 953 2091 egeritis.

345 2145 426 2172 Vsus.
453 2145 479 2173 5.
507 2144 573 2177 Quis
599 2144 633 2171 sit
657 2144 701 2171 ille
724 2151 801 2171 error
827 2144 930 2171 indicat
955 2145 1087 2172 orationis

308 2194 462 2219 contextus.
487 2189 554 2216 Nam
579 2190 690 2216 insitam
718 2190 796 2217 vobis
820 2190 962 2221 habentes.
987 2191 1085 2225 inquit,

307 2236 452 2269 imaginem
475 2242 572 2266 meam,
603 2234 635 2261 ad
659 2234 782 2261 facienda
800 2234 872 2260 idola
892 2234 1085 2268 descendistis,

308 2281 385 2314 quasi
400 2287 447 2314 per
463 2287 495 2306 ea
513 2287 554 2306 me
568 2280 734 2311 veneraturi,
753 2283 782 2306 ut
801 2280 900 2307 animis
915 2280 1013 2307 vestris
1035 2280 1086 2306 im-

309 2332 429 2358 pressam
446 2325 562 2358 speciem
576 2324 632 2358 jam
653 2332 702 2359 per
714 2324 827 2358 eﬁigiem
849 2331 1006 2359 expressam
1021 2331 1087 2352 ocu-

309 2369 343 2396 lis
359 2370 455 2396 intueri
472 2370 592 2404 possitis.

342 2413 424 2441 Vsus.
441 2414 467 2441 6.
487 2414 521 2441 Ut
548 2422 601 2442 aere
615 2414 681 2442 dato
699 2414 780 2442 deum
803 2415 881 2442 vobis
897 2414 1014 2448 faciant;
1035 2422 1087 2450 ego

309 2467 373 2486 vero
397 2460 550 2487 mercedem
576 2468 591 2487 a
622 2460 698 2488 vobis
720 2460 822 2487 nullam
844 2460 972 2494 deposco,
999 2461 1086 2496 gratia

309 2508 404 2531 contra
426 2509 453 2531 et
480 2506 667 2532 misericordia
691 2505 769 2533 vobis
790 2513 904 2540 quaeque
925 2506 1036 2541 largior,
1060 2510 1088 2534 et

309 2556 370 2584 quae
380 2556 435 2576 non
449 2554 526 2576 erant
537 2550 591 2576 vita
605 2549 687 2577 dono.

348 2593 429 2622 Vens.
450 2595 476 2622 8.
496 2595 666 2623 Omnimodis
686 2595 837 2623 rationibus
859 2599 969 2623 revocat
987 2604 1034 2624 eos
1054 2596 1088 2624 ad

312 2641 471 2675 sapientiam
491 2645 518 2668 et
540 2641 574 2668 ad
598 2642 812 2670 recordationem
834 2645 892 2668 tum
915 2646 1089 2676 peccatorum

312 2693 373 2720 qua:
386 2686 438 2720 ipsi
452 2685 621 2719 admiserint,
637 2691 694 2714 tum
708 2687 910 2714 benefactorum
923 2687 1023 2722 quibus
1042 2694 1090 2715 eos

314 2730 386 2758 Deus
400 2731 531 2758 continuo
553 2733 705 2766 exornavit,
723 2736 752 2758 ut
765 2732 799 2760 de
818 2731 926 2761 delictis
949 2732 1009 2760 suis
1024 2740 1090 2760 con-

315 2776 366 2804 scii
379 2775 454 2809 facti,
470 2781 497 2804 et
513 2777 629 2812 seipsos,
646 2781 774 2813 tanquam
793 2777 850 2806 suis
868 2777 997 2813 operibus
1013 2785 1089 2806 mor-

359 2853 458 2882 "Gcn.
475 2863 518 2886 xv,
536 2855 562 2887 8,
582 2856 623 2882 i3.

1130 973 1165 1000 τὰ
1177 974 1307 1009 ῥήματα,
1332 973 1400 1001 ἀλλὰ
1427 974 1638 1010 προαγορεύσεις
1655 974 1815 1009 γιγνόμεναι
1840 974 1916 1009 παρὰ

1130 1017 1198 1044 Θεοῦ
1212 1017 1427 1045 ἀκολουθούντων
1441 1019 1626 1054 πραγμάτων*
1643 1019 1689 1045 καὶ
1706 1018 1761 1054 γὰρ
1781 1018 1828 1045 τοῦ
1844 1018 1914 1046 Θεοῦ

1131 1061 1366 1097 ἐπαγγελλομένου
1381 1062 1421 1097 τῷ
1440 1061 1564 1098 Ἀϐραὰμ
1582 1063 1674 1098 ζήσειν
1689 1062 1772 1089 αὐτοῦ
1784 1062 1815 1088 τὸ
1830 1063 1917 1098 σπέρ-

1133 1114 1172 1141 μα
1183 1126 1190 1138 ,
1205 1107 1251 1132 καὶ
1266 1106 1480 1142 κληρονομήσειν
1499 1107 1548 1142 τὴν
1565 1107 1632 1142 γῆν,
1652 1107 1778 1134 κάκείνου
1793 1106 1919 1133 ἐπειπόν-

1131 1151 1286 1182 τος,ιΚστὰ
1299 1152 1326 1178 τι
1339 1151 1488 1187 γνώσομαι,
1499 1161 1508 1178 ι
1521 1153 1563 1179 ὅτι
1575 1152 1662 1179 ταῦτα
1677 1152 1752 1185 ἔστις
1769 1151 1919 1186 ἐγνωκότος

1130 1196 1164 1230 τῇ
1178 1195 1246 1230 ἀκοῇ
1262 1196 1316 1222 τῶν
1335 1196 1464 1232 λυπηρῶν
1481 1197 1662 1233 σωφρονίσθαι
1677 1198 1723 1225 τὸν
1742 1198 1916 1234 προπάτορα.

1132 1241 1244 1275 προεῖπε
1259 1241 1306 1267 καὶ
1319 1241 1369 1277 τήν
1387 1241 1434 1268 τοῦ
1456 1243 1554 1277 γένους
1567 1243 1689 1270 δουλείαν
1706 1244 1753 1270 καὶ
1771 1244 1823 1280 τήν
1847 1244 1918 1279 μετὰ

1130 1285 1290 1320 τετρακόσια
1304 1287 1471 1322 πεντήκοντα
1486 1288 1533 1323 ἐτη
1549 1289 1683 1325 ἐσομένην
1697 1289 1853 1326 ἐλευθερίαν
1865 1291 1918 1317 αὺ-

1131 1330 1184 1357 τῶν
1194 1338 1202 1346 ·
1221 1330 1294 1366 ᾇπερ
1306 1331 1393 1358 πάντα
1403 1351 1410 1364 ,
1428 1332 1540 1368 μηδενὸς
1558 1334 1635 1366 ὄντος
1649 1334 1696 1361 τοῦ
1716 1335 1748 1362 ἑκ
1761 1336 1812 1370 τῆς
1830 1337 1919 1372 προρ-

1132 1375 1238 1410 ρήσεως
1255 1376 1434 1409 ἀπαιτοῦντος
1463 1377 1513 1414 τὴν
1537 1378 1649 1406 ἔκϐασιν
1673 1379 1726 1407 τῶν
1738 1381 1918 1417 πραγμάτοιν,

1132 1420 1292 1456 ἐπληροῦτο.

1167 1465 1256 1492 ’Δπαν
1285 1466 1362 1502 ὑμῶν
1393 1467 1567 1504 αἰχμαλωσίᾳ
1601 1469 1817 1504 παραδεδομένον
1841 1470 1918 1498 ἔσται

1133 1510 1230 1545 φορτία
1242 1511 1395 1543 ἐλεφάντων
1410 1513 1457 1539 καὶ
1473 1513 1628 1547 ὑποζυγίων
1640 1533 1648 1546 ,
1668 1515 1696 1540 ὲν
1711 1514 1750 1543 τῶ
1762 1515 1907 1544 ἁπάγεσίια

1133 1558 1224 1589 αὐτοῖς
1242 1558 1415 1594 ἐπιτιθέμενα
1425 1567 1432 1573 ·
1449 1560 1480 1586 οὐ
1495 1559 1548 1595 μὴν
1560 1560 1628 1588 ἀλλὰ
1639 1561 1686 1587 καὶ
1699 1561 1775 1589 αὐτοὶ
1786 1570 1811 1588 οι
1823 1563 1919 1598 ανδρες

1133 1603 1157 1630 oi
1174 1603 1259 1630 ταῦτα
1275 1603 1432 1639 κομίζοντες
1453 1605 1657 1640 κοπωθήσονται
1669 1613 1676 1621 ·
1695 1606 1745 1632 κᾶν
1766 1607 1853 1642 τούτῳ
1867 1608 1920 1643 τὴν

1134 1649 1274 1676 ἀσθένειαν
1296 1649 1398 1677 τούτων
1414 1650 1624 1686 ὁμολογοῦντες,
1647 1651 1688 1678 δτι
1703 1651 1790 1678 ταῦτα
1816 1651 1919 1686 βαστά-

1134 1694 1224 1726 ζοντες
1247 1694 1411 1726 κοποῦνται,
1437 1695 1484 1722 καὶ
1508 1695 1574 1722 Θεὸν
1600 1696 1728 1731 φέροντες
1748 1696 1918 1729 ἀσθενοῦσιν,

1134 1738 1201 1764 ὅπου
1215 1747 1247 1773 γε
1262 1739 1316 1766 ἔδει
1335 1738 1559 1775 ἐπικουφίζεσθαι
1574 1740 1629 1767 τῶν
1645 1741 1748 1774 πόνων,
1767 1742 1795 1769 ει
1810 1750 1842 1776 γε
1860 1742 1919 1769 θεοί

1134 1791 1205 1813 τινες
1218 1782 1350 1817 ὑπῆρχον.

1176 1827 1321 1862 Ἐπανάγει
1344 1827 1442 1859 αὐτοὺς
1462 1827 1531 1864 πρὸς
1554 1829 1729 1865 συναίσθησιν
1743 1830 1798 1857 τῶν
1812 1830 1920 1866 λεχθέν-

1134 1879 1206 1903 των,
1221 1872 1268 1898 τοῦ
1289 1873 1461 1909 προπάτορος
1481 1874 1657 1909 μνημονεύων
1676 1876 1725 1902 καὶ
1741 1876 1792 1911 τῆς
1813 1877 1919 1904 ἐκείνου

1135 1917 1229 1952 δόξης·
1246 1917 1293 1943 καὶ
1308 1918 1350 1944 δτι
1360 1937 1367 1950 ,
1387 1917 1492 1944 ἐκείνου
1506 1918 1652 1953 αὐχοῦντες
1669 1915 1739 1947 εἶναι
1764 1920 1859 1954 γένος,
1872 1922 1922 1949 τὸν

1137 1962 1240 1989 ἐκείνου
1267 1959 1364 1998 ζηλοῦν
1381 1963 1481 1999 τρόπον
1499 1963 1661 1998 ὀφείλουσιν.
1692 1965 1726 1991 Et
1741 1965 1796 2001 γὰρ
1815 1965 1920 2002 λεῖμμα

1137 2007 1184 2034 τοῦ
1211 2007 1318 2043 Ἰσραὴλ
1333 2007 1498 2043 τυγχάνετε,
1518 2007 1566 2035 δύο
1590 2008 1804 2044 περιλειφθείσαι
1825 2011 1919 2045 φυλαὶ,

1136 2053 1190 2079 τῶν
1205 2052 1290 2080 ἄλλων
1304 2052 1369 2079 δέκα
1383 2053 1424 2085 είς
1436 2053 1623 2088 αἰχμαλωσίαν
1635 2054 1820 2090 ἁπαχθεισῶν,
1832 2057 1862 2082 οὐ
1881 2057 1919 2092 μὴ

1137 2098 1300 2134 περιόψομαι
1317 2098 1389 2133 ὑμᾶς
1404 2099 1633 2134 μετανοήσαντας.

1172 2144 1227 2179 Τὴν
1249 2143 1459 2180 πεπλανημένην
1478 2143 1568 2171 αὐτῶν
1584 2144 1663 2178 δόξαν
1679 2145 1712 2181 τῇ
1730 2145 1855 2182 διατριδῇ
1872 2146 1919 2173 τοῦ

1137 2187 1215 2222 λόγου
1232 2188 1412 2214 ἐπιδείκνυσιν
1423 2195 1430 2203 ³
1449 2187 1494 2218 Ὧς
1506 2187 1614 2222 ἔχοντες
1641 2188 1706 2224 γὰρ,
1727 2190 1810 2225 φησὶν
1822 2207 1832 2222 ,
1850 2190 1921 2225 ἐμὴν

1102 2259 1123 2286 D
1139 2234 1361 2268 ὑποσεὸλημένην
1380 2233 1444 2269 ὑμῖν
1465 2233 1577 2265 είκόνα,
1597 2233 1645 2260 ιπὶ
1659 2234 1690 2262 τὺ
1716 2236 1802 2262 ποιεῖν
1823 2235 1921 2264 εἴδωλα

1137 2280 1231 2314 mea:
1243 2299 1250 2312 ,
1268 2280 1306 2311 ὼς
1329 2279 1373 2306 διὰ
1395 2279 1498 2307 τούτων
1514 2279 1743 2315 θεραπεύσοντες·
1765 2281 1809 2308 ινα
1824 2282 1873 2316 τῂν
1892 2283 1922 2310 ιν

1136 2327 1264 2358 διανοίαις
1289 2327 1471 2363 ἐγγενομένην
1491 2327 1556 2362 ὑμῖν
1578 2328 1729 2361 φαντασίαν
1753 2329 1784 2355 ὲν
1814 2327 1921 2364 όρωμὲ.

1137 2382 1192 2404 νοις
1207 2373 1287 2408 ἔχητε
1299 2374 1394 2408 τιμᾷν,

1171 2416 1230 2443 Ἷνα
1245 2416 1311 2443 Θεδν
1327 2417 1390 2450 ὑμῖν
1405 2415 1547 2452 ἀναπλὰσῃ
1568 2415 1616 2443 ἐπὶ
1638 2416 1743 2451 μισθοῖς
1757 2416 1919 2452 γενόμενον·

1135 2461 1203 2496 ἐμοῦ
1219 2462 1256 2497 μὴ
1271 2461 1384 2496 μισθοὺς
1398 2460 1584 2493 ἀπαιτοῦντος.
1603 2462 1693 2497 χάριτι
1704 2462 1732 2488 δὲ
1746 2462 1836 2488 πάντα
1849 2470 1921 2498 παρ-

1139 2507 1244 2542 έχοντος
1259 2507 1306 2533 καὶ
1321 2506 1477 2541 ἀγαθότητι,
1498 2506 1545 2533 καὶ
1564 2507 1597 2533 ὲκ
1617 2506 1664 2533 τοῦ
1682 2506 1719 2542 μὴ
1738 2507 1814 2538 ὄντος
1836 2508 1877 2539 είς
1893 2505 1924 2534 τὺ

1139 2550 1209 2579 εἶναι
1223 2553 1313 2579 πάντα
1328 2552 1508 2587 δωρουμένου.

1181 2595 1380 2631 ’Δπανταχόθεν
1398 2597 1543 2632 συγκροτεῖ
1561 2596 1660 2626 αὐτοὺς
1676 2595 1715 2626 είς
1730 2595 1810 2631 νῆψιν
1823 2595 1870 2623 καὶ
1884 2596 1924 2628 εις

1140 2642 1301 2677 κατανόησιν
1316 2639 1390 2668 ὧντε
1398 2641 1475 2668 αὐτοὶ
1484 2641 1629 2677 μετῄεσαν.
1646 2641 1693 2668 καὶ
1703 2637 1741 2667 ὧν
1754 2641 1821 2673 Θεὸς
1836 2641 1925 2668 ἀπαύ-

1144 2696 1212 2719 στως
1228 2687 1326 2719 αὐτοὺς
1348 2687 1571 2723 alienaret-1w,
1600 2687 1630 2713 ὲν
1653 2686 1825 2723 συναισθήσει
1849 2687 1926 2721 γινό-

1144 2741 1220 2768 μενοι
1239 2732 1285 2759 ἐπὶ
1309 2733 1364 2765 τοῖς
1391 2731 1668 2769 πεπλημμελημένοις
1694 2731 1794 2765 αὐτοῖς,
1817 2732 1864 2759 καὶ
1886 2732 1926 2764 ὡς

1143 2778 1189 2804 επὶ
1206 2777 1294 2814 νεκρῷ
1307 2779 1362 2810 τοῖς
1383 2778 1457 2810 ἰδίοις
1477 2778 1568 2813 ἔργοις
1591 2777 1753 2811 κατάγοντες
1765 2777 1880 2814 δάκρυα,
1893 2778 1925 2805 οὐ
