2131 3167
301 198 369 227 135⁵1

893 187 1069 217 τιιιιυυυιιι
1085 188 1347 215 ιιιιιιλυιιιωὸιθ

1844 187 1924 216 qua

298 257 390 282 autem
422 252 480 279 hac
512 250 609 279 aﬁectu
641 252 668 276 et
695 247 779 274 animi
813 247 905 274 studio
925 245 1043 273 sentitis.
1093 242 1139 274 Α)

1093 245 1118 274 Α
1130 242 1205 271 λείαν
1218 244 1272 271 τῶν
1287 244 1425 281 οὐρανῶν·
1443 254 1452 270 ι
1471 244 1540 272 κατὰ
1563 243 1703 280 προφορὰν
1721 242 1770 279 μιν
1790 243 1830 271 τῶ
1849 243 1924 281 λόγῳ

298 296 509 335 ὀμολογυῦντων,
526 295 563 331 μὴ
579 295 631 330 μὴν
644 293 762 321 διαθέσει
776 292 823 319 καὶ
838 291 932 327 ἀγάπῃ
947 290 1036 326 ψυχῆς
1048 288 1134 315 ταῦτα
1147 289 1327 325 φρονούντων.

336 365 418 394 Vna.
434 364 478 392 10.
495 362 555 389 Noli
566 362 657 389 dicere
669 365 696 388 te
707 363 820 395 propter
834 361 976 393 argentum
988 360 1016 384 et
1031 362 1084 382 aere

299 411 366 439 dato
381 418 396 437 a
415 417 458 437 me
473 409 559 436 fuisse
573 406 730 439 venditum;
750 412 814 432 nam
831 404 922 439 potius
936 406 966 429 tu
988 405 1082 428 temet-

300 457 359 493 ipee
373 454 531 486 vendidisti,
545 460 600 480 non
612 456 723 487 propter
739 451 882 486 pecuniam
897 448 1018 484 quidem,
1035 446 1083 475 sed

299 506 412 539 propter
425 501 545 528 admissa
559 502 606 526 tua
621 502 743 533 peccata.
758 496 812 524 Nec
825 494 1028 539 imbecillitatis
1040 500 1083 521 me

298 538 410 576 ineuses
424 545 610 582 prodigiorum
625 550 742 575 memor,
762 549 823 577 quae
837 541 948 568 fuerunt
959 540 987 567 in
999 538 1083 575 Egy-

298 596 347 628 pto
359 592 442 623 edita,
457 596 484 619 et
497 590 638 619 servitutis
650 592 746 617 vestra:
757 587 828 623 apud
841 586 994 624 Egyptios.
1004 584 1084 612 Nunc

299 642 390 665 tamen
416 644 509 664 eruam
538 640 566 663 te
595 643 628 663 ex
662 634 819 670 captivitate
846 636 957 669 propter
982 639 1083 659 nomen

298 690 408 715 meum,
429 690 462 710 ne
477 682 576 708 tradito
590 686 617 709 te
636 684 811 715 peccatorum
832 685 932 709 causa,
954 680 981 705 et
1007 678 1083 704 omni

299 734 348 763 spe
363 728 511 758 destituto,
530 726 603 753 idola
620 725 736 760 gloriam
752 731 840 751 meam
859 727 1009 758 usurpem,
1027 722 1081 749 im-

299 773 429 810 potentiae
443 780 486 800 me
500 771 653 806 urguentia,
668 770 748 806 quasi
767 769 845 798 vobis
858 769 1012 796 libertatem
1031 768 1084 795 lar—

299 818 353 855 giri
365 826 419 846 non
434 825 553 853 possem.

335 873 419 901 Vens.
443 873 486 900 l2.
508 873 573 906 Quae
594 873 703 908 quidem
726 871 760 899 ad
783 871 914 907 populum
931 870 1081 902 dicuntur;

1170 356 1369 392 Παρσδεδόσθαι
1395 356 1423 383 δέ
1447 357 1478 383 οὐ
1504 356 1601 393 φήσεις
1624 356 1664 387 ὡς
1686 356 1749 391 ἐμοὶ
1776 356 1926 385 ἐκτιννύων

1136 401 1224 437 χρέος,
1240 401 1294 428 οὐδ’
1316 402 1355 432 ὡς
1370 401 1501 437 ἀργύριον
1518 402 1569 438 μοῢ
1593 401 1785 437 κομιζομένου·
1806 402 1925 439 ἐπιγρά-

1135 446 1195 481 ψεις
1208 446 1237 473 δὲ
1251 446 1340 482 ἐαυτῷ
1355 446 1452 473 σαυτὺν
1464 446 1625 482 πεπρακὼς,
1646 447 1706 474 ἀντὶ
1728 447 1859 483 ἀργυρίου
1871 448 1925 481 τὰς

1136 491 1233 518 σαυτοῦ
1249 491 1385 527 ἁμαρτίας
1401 491 1550 527 προέμενος
1560 500 1567 507 ι
1585 493 1616 519 οὐ
1629 491 1683 528 γὰρ
1697 492 1768 528 ἐμῆς
1782 493 1926 526 ἀσθενείας

1138 538 1320 574 καταδρομῆς
1338 537 1392 564 τῶν
1414 539 1444 564 ἐν
1464 538 1593 574 Αἰγύπτῳ
1611 537 1799 574 μνημονεύσας
1814 539 1862 566 καὶ
1873 539 1926 575 τῆς

1136 583 1325 619 Αἰγυπτιακῆς
1342 583 1463 615 δουλείας
1486 584 1634 619 μνησθείς·
1661 584 1729 613 ἀλλὰ
1751 585 1797 612 καὶ
1818 585 1865 612 νῦν
1888 585 1925 612 δι’

1137 629 1253 664 ἐμαυτὸν
1267 629 1316 664 τὴν
1332 629 1461 657 ἐπάνοδόν
1483 638 1524 656 σοι
1547 629 1596 665 τὴν
1617 631 1650 658 ἐκ
1667 632 1716 667 τῆς
1735 630 1926 667 αἰχμαλωσίας

1136 675 1293 711 χαριοῦμαι,
1308 675 1351 701 ἵνα
1366 675 1414 711 μὴ,
1428 675 1643 711 παραδεδομένου
1655 685 1702 704 σου
1715 677 1759 708 διὰ
1772 677 1821 709 τὰς
1836 678 1924 714 ἁμαρ-

1135 719 1206 751 τίας,
1235 720 1445 756 σφετερίσωνται
1471 720 1521 757 τὴν
1546 721 1619 756 ἐμὴν
1644 721 1723 757 δοξαν
1752 723 1786 749 τὰ
1814 722 1924 754 εἴδωλα,

1135 765 1287 800 ἀδυναμίας
1318 770 1370 801 μοσ
1398 765 1625 802 καταδραμόνια,
1647 766 1686 799 ὡς
1707 768 1751 807 μὴ
1776 767 1924 804 δυνηθέντα

1135 810 1198 846 ὑμῖν
1215 810 1370 847 ἐλευθερίαν
1382 811 1556 848 χαρίσασθαι.
1753 823 1756 824 ν

1170 865 1210 893 Τὰ
1227 866 1276 902 μὲν
1294 866 1427 902 λεγόμενα
1440 867 1507 903 πρὸς
1522 868 1566 895 τὸν
1579 867 1653 900 λαὸν,
1671 852 1816 903 μετάγεται
1825 868 1858 896 ’δέ
1875 868 1924 897 καὶ

299 919 348 947 sed
373 919 407 946 ad
437 919 576 947 hominem
603 918 752 954 quemlibet
777 922 852 945 recte
880 923 912 945 ea
943 915 1081 944 tctuleris.
1098 919 1140 954 BI

1098 925 1120 954 Β
1134 911 1173 943 είς
1200 911 1287 938 πάντα
1313 911 1464 948 ἄνθρωπον.
1483 913 1513 940 '0
1531 913 1621 940 τοίνυν
1646 913 1712 945 Θεδς
1733 915 1861 950 παραινεῖ
1882 914 1923 946 ιίς

299 964 429 993 Hortatur
449 965 532 1001 igitur
555 965 627 993 Deus
653 965 813 996 audientes,
826 967 856 990 ut
880 963 955 991 dicta
977 962 1081 989 intelli-

299 1016 380 1046 gant,
401 1015 429 1039 et
440 1012 591 1047 condignas
606 1011 703 1039 exinde
718 1011 856 1044 excipiant
873 1008 990 1036 fructus.
1008 1007 1082 1034 idem

298 1056 372 1083 enim
388 1064 447 1084 sum
458 1057 581 1084 moribus
591 1057 638 1092 qui
652 1060 764 1088 natura;
778 1059 808 1082 ut
824 1054 963 1081 immutari
978 1058 1083 1081 natura;

298 1109 366 1129 mea
383 1109 437 1129 non
453 1107 505 1136 est,
518 1103 554 1129 ita
569 1109 620 1130 nec
633 1102 732 1129 mentis
749 1109 800 1129 nec
814 1108 937 1134 morum;
950 1100 998 1128 sed
1011 1100 1082 1128 idem

299 1154 428 1175 remaneo
434 1152 461 1176 et
473 1149 602 1176 immotus
610 1147 638 1175 in
645 1148 841 1182 sempiternum
847 1146 970 1174 bonitate
976 1154 1035 1173 mea
1045 1146 1084 1172 in-

298 1193 427 1229 signitus.
434 1202 486 1228 qua
494 1197 522 1221 et
529 1201 543 1220 a
552 1193 688 1228 principio
703 1196 802 1220 cuncta
814 1192 909 1224 edens,
924 1199 973 1227 per
983 1191 1082 1219 Filium

299 1244 333 1265 ea
348 1238 376 1265 in
396 1239 483 1265 lucem
506 1238 626 1273 protuli,
640 1242 668 1265 et
683 1245 732 1273 per
751 1238 841 1272 ipsum
864 1245 1008 1265 conservo.
1025 1237 1083 1264 Ma-

298 1289 352 1311 nus
380 1283 452 1310 enim
480 1287 508 1310 et
535 1283 647 1311 dextera
667 1283 768 1311 dicitur
794 1283 952 1319 unigenitus
976 1282 1081 1315 Filius,

299 1328 395 1364 patriae
424 1329 524 1356 mentis
549 1329 690 1362 minister;
705 1329 778 1356 unde
799 1336 864 1356 vere
880 1329 1013 1364 sapientia
1035 1328 1082 1356 Dei

298 1378 387 1402 exstat
406 1375 560 1410 unigenitus
579 1374 666 1403 Filius
681 1379 708 1403 et
720 1375 837 1410 patriam
857 1379 975 1403 mentem
992 1376 1082 1411 operi-

299 1419 349 1447 bus
361 1420 418 1447 suis
435 1420 564 1448 declarat.

334 1517 417 1546 Vsus.
434 1518 476 1546 ιι.
494 1518 601 1547 Rursus
619 1519 744 1548 homines
757 1521 890 1556 superbos
907 1521 1002 1555 jubet.
1016 1529 1082 1548 con-

298 1564 415 1599 gregalis
429 1565 555 1598 gentibus
570 1565 701 1592 accedere
713 1584 721 1597 ,
737 1570 763 1592 et
781 1566 917 1594 recordari
932 1575 961 1594 se
980 1567 1015 1594 ab
1027 1568 1082 1594 alio

297 1618 352 1639 non
369 1611 507 1646 accepisse
523 1611 592 1639 istas
607 1612 816 1646 pradictiones,
839 1621 888 1640 nec
901 1614 985 1640 alium
1010 1622 1080 1648 prae-

297 1657 468 1685 nuntiavisse
482 1665 542 1692 quae
560 1658 671 1693 longum
686 1662 748 1693 post
762 1659 893 1692 temporis
907 1659 1080 1686 intervallum

296 1703 439 1735 evenient,
467 1704 519 1731 nisi
546 1704 634 1738 ipsum
661 1704 743 1732 totius
764 1704 886 1732 universi
908 1705 1011 1739 Deum,
1034 1707 1081 1741 qui

298 1750 472 1777 imminentes
496 1750 550 1777 illis
566 1751 735 1778 calamitates
751 1751 908 1785 denuntiat,
927 1757 955 1780 et
978 1753 1011 1780 ad
1035 1761 1081 1781 εει--

299 1795 377 1822 niora
393 1802 540 1823 conversos
557 1795 647 1823 denuo
662 1797 777 1824 solatur.

333 1860 594 1889 Vens.i5.Memorat
605 1863 647 1889 hic
660 1862 730 1890 Deus
740 1863 874 1892 lsraelitas
882 1869 1006 1892 votorum
1017 1873 1081 1894 suo-

297 1913 357 1933 rum
374 1906 461 1935 factos
480 1915 541 1935 esse
563 1913 713 1943 compotes.
730 1910 834 1945 Quippe
853 1911 899 1945 qui
916 1919 930 1937 a
946 1912 1080 1940 Chaldaeis

297 1951 378 1979 toties
397 1953 521 1986 oppressi
541 1956 568 1980 et
588 1954 681 1988 praelio
710 1954 761 1981 fusi
786 1963 866 1989 quam
887 1956 1081 1985 ardentissime

296 1998 401 2024 cladem
418 2006 512 2025 eorum
528 1999 584 2026 ileri
599 1999 801 2027 desiderabant.
818 2001 867 2028 Cui
883 2002 1023 2029 desiderio
1036 2012 1079 2030 re-

297 2041 434 2076 spondens
462 2043 578 2078 benigne
605 2043 693 2076 Deus,
722 2044 842 2072 declarat
869 2054 899 2073 se
924 2054 976 2074 non
1005 2048 1080 2082 justa

297 2094 407 2124 agentes
429 2089 595 2120 defendisse.
610 2089 656 2117 sed
677 2095 786 2125 propter
798 2099 885 2126 genus
901 2097 1006 2121 amatos
1023 2102 1081 2122 ser-

297 2135 404 2162 vavisse
418 2139 513 2161 contra
527 2135 713 2163 Chaldaeorum
728 2137 867 2165 incursus.

1135 957 1309 992 συναίσθησιν
1329 958 1383 985 τῶν
1404 958 1557 994 λεγομένων
1579 959 1706 995 ἔρχεσθαι
1729 961 1792 992 τοὺς
1811 960 1924 987 ἀκούον-

1132 1011 1192 1035 τας,
1215 1003 1261 1030 καὶ
1287 1003 1337 1039 τὴν
1359 1004 1390 1038 ἐξ
1407 1004 1498 1031 αὐτῶν
1517 1005 1651 1039 ὠφέλειαν
1677 1005 1864 1041 καρποῦσθαι·
1893 1005 1923 1032 '0

1132 1049 1212 1081 αὐτὸς
1228 1049 1282 1087 γάρ
1296 1050 1354 1085 ειμι
1368 1050 1399 1077 τὸ
1419 1047 1495 1086 ἦθος,
1519 1050 1613 1087 ὥσπερ
1630 1048 1677 1079 οὖν
1696 1051 1744 1078 καὶ
1764 1051 1814 1086 τὴν
1826 1050 1922 1085 φύσινο

1133 1095 1180 1121 καὶ
1191 1094 1229 1126 ὡς
1242 1094 1292 1121 οὐκ
1304 1094 1406 1122 ἐνιστιν
1421 1096 1450 1123 ἐν
1463 1097 1496 1131 τῇ
1512 1096 1591 1130 φύσει
1605 1096 1653 1132 τὴν
1665 1096 1769 1132 τροπὴν
1784 1095 1922 1129 δέξασθαι,

1133 1140 1219 1172 οὕτως
1234 1140 1294 1167 ούδέ
1315 1142 1344 1167 ἐν
1360 1142 1392 1176 τῇ
1408 1141 1504 1178 γνώμῃ
1516 1150 1546 1168 τε
1565 1142 1614 1169 καὶ
1632 1142 1670 1177 τῷ
1683 1142 1755 1177 ήθει,
1772 1141 1829 1169 ἀλλ’
1845 1142 1860 1168 ὸ
1877 1142 1924 1169 αύ-

1132 1186 1177 1218 τὸς
1196 1187 1236 1217 εις
1257 1185 1301 1212 ἀεὶ
1319 1186 1368 1218 ὢν,
1384 1187 1439 1214 ἀπὸ
1453 1187 1621 1223 ἀγαθότητος
1637 1187 1817 1224 γνωρίζομαι,
1829 1187 1876 1223 ἀφ’
1888 1185 1923 1224 ἧς

1133 1233 1180 1258 καὶ
1194 1231 1243 1267 τὴν
1255 1232 1340 1267 ἀρχὴν
1351 1231 1386 1259 τὰ
1401 1232 1490 1260 πάντα
1506 1234 1706 1270 ὲτεκτηνάμην,
1725 1234 1755 1261 ἐν
1768 1233 1826 1269 Υίῷ
1837 1233 1923 1261 ταῦτα

1132 1278 1231 1311 δείξας,
1246 1278 1293 1305 καὶ
1312 1278 1345 1305 δι’
1365 1278 1446 1306 αὐτοῦ
1464 1280 1696 1315 ὑποστησάμενος.
1713 1279 1783 1316 Χεὶρ
1804 1280 1858 1316 γὰρ
1874 1279 1922 1307 καὶ

1132 1323 1230 1355 δεξιὰό
1250 1323 1395 1360 μονογενὴς
1414 1324 1477 1357 Υῑδς
1498 1324 1632 1357 λέλεκται,
1653 1325 1800 1361 πληρωτὴς
1813 1325 1851 1352 ὢν
1865 1324 1922 1352 τῶν

1133 1369 1272 1405 πατρικῶν
1290 1370 1409 1401 ἐννοιῶν,
1425 1370 1464 1403 ὡς
1477 1367 1546 1397 εἷναι
1563 1370 1664 1407 κυρίως
1679 1371 1776 1406 σοφίαν
1792 1372 1839 1399 τοῦ
1851 1371 1921 1398 Θεοῦ

1132 1415 1178 1441 τδν
1196 1415 1324 1450 μονογενῆ
1345 1415 1420 1448 Υίὸν,
1437 1415 1638 1452 σαφηνίζουσαν
1655 1416 1705 1448 τὰς
1722 1417 1859 1453 πατρικὰς
1877 1417 1922 1444 ἱν-

1132 1460 1206 1492 νοίας
1221 1461 1250 1486 ἐν
1263 1461 1320 1492 τοῖς
1334 1459 1380 1487 ὑπ’
1393 1460 1476 1487 αὑτοῦ
1489 1461 1641 1497 γινομίνοις
1653 1461 1754 1497 ἔργοις.

1168 1527 1252 1553 Πάλιν
1267 1527 1331 1559 τοὺς
1349 1527 1419 1563 μέγα
1438 1526 1602 1564 φρονοῦντας
1612 1528 1641 1555 ἐν
1656 1528 1755 1563 γνώσει
1771 1528 1825 1556 τιῖιν
1835 1528 1922 1556 ἐθνῶν

1134 1574 1260 1608 παρεῖναι
1283 1573 1474 1608 προτρέπεται,
1492 1573 1539 1600 καὶ
1557 1574 1626 1600 κατὰ
1651 1573 1713 1600 νοῦν
1728 1574 1919 1609 ἐκλαμϐάνειν,

1131 1618 1169 1650 ὡς
1183 1619 1211 1645 οὺ
1228 1619 1292 1654 παρ’
1306 1619 1399 1654 ἐτέρου
1409 1618 1511 1651 ταύτας
1525 1618 1574 1651 τὰς
1588 1619 1799 1655 προαγορεύσεις
1817 1618 1922 1655 ἐξειλή-

1132 1672 1227 1698 φεσαν,
1248 1663 1308 1690 οὐδέ
1328 1673 1370 1696 τις
1393 1664 1426 1691 τὰ
1451 1664 1520 1699 μετὰ
1545 1664 1658 1697 πολλοὺς
1681 1665 1795 1701 χρόνους
1808 1666 1922 1702 γενησό-

1133 1718 1200 1745 μενα
1217 1709 1375 1746 προῦλεγεν,
1387 1710 1444 1736 ἀλλ’
1465 1709 1547 1742 αὐτὸς
1560 1707 1595 1745 ἦν
1608 1711 1623 1737 δ
1635 1709 1690 1737 τῶν
1702 1710 1771 1738 ὅλων
1791 1711 1857 1744 Θεὸς
1873 1712 1922 1749 καὶ

1132 1755 1271 1790 προλέγων
1298 1755 1332 1782 τὰ
1356 1754 1566 1790 καταληιιρμενα
1595 1755 1693 1788 αὐτοὺς
1715 1756 1851 1793 δυσχερῆ,
1874 1757 1922 1785 καὶ

1133 1801 1213 1828 πάλιν
1231 1800 1447 1836 μετατιθεμένων
1459 1799 1593 1828 ἀνακαλού
1598 1808 1686 1836 μενος.

1175 1867 1391 1902 ’Υπομιμνήο-κει
1407 1865 1505 1897 αὐτοὺς
1522 1865 1636 1893 ἐνταῦθα
1649 1867 1697 1903 τῆς
1710 1867 1815 1899 οἰκείας
1831 1867 1922 1895 αὐτῶν

1134 1913 1279 1947 ἐπιθυμίας
1298 1913 1337 1943 εἰς
1362 1912 1441 1947 ἔργον
1460 1912 1686 1949 προχωρησάοης.
1702 1913 1763 1940 Τῶν
1776 1913 1830 1949 γὰρ
1842 1913 1923 1941 Χαλ-

1133 1958 1215 1985 δαίων
1240 1957 1383 1985 θλιϐόντων
1401 1957 1443 1984 ἀεὶ
1465 1958 1510 1985 τὸν
1528 1958 1635 1994 Ἰσραὴλ
1657 1959 1704 1985 καὶ
1725 1958 1921 1994 ἐπιτιθεμένων

1134 2004 1223 2035 αὐτοῖς
1237 2004 1265 2029 ἐν
1280 2003 1471 2038 παρατάξεσιν,
1486 2003 1618 2039 ἐπιθυμία
1631 2002 1664 2040 ἦν
1677 2003 1724 2031 τοῦ
1741 2004 1848 2040 Ἰσραὴλ
1862 2005 1921 2032 τούο

1133 2058 1196 2081 τους
1212 2049 1287 2085 παρὰ
1298 2049 1344 2076 τοῦ
1359 2049 1426 2076 Θεοῦ
1441 2049 1634 2086 διαφθαρῆναι·
1645 2052 1660 2077 ὁ
1671 2051 1760 2078 τοίνυν
1774 2051 1921 2083 Θεδς,,ὰπδ

1134 2096 1299 2131 ἀγαθότητος
1311 2095 1447 2130 καὶτοῦτο
1458 2096 1498 2127 είς
1509 2096 1588 2132 ἔργον
1602 2096 1714 2131 ἐκθῆναι
1728 2097 1919 2133 συγχωρήσας,

1135 2143 1337 2177 ὑπομιμνήσκει
1360 2141 1467 2173 αὐτοὺς,
1486 2141 1523 2174 ὡς
1543 2142 1574 2168 οὐ
1595 2142 1859 2177 δικαιοπραγούντων
1872 2142 1921 2169 αύ-

296 2178 350 2205 τῶν
367 2179 535 2212 ἀντελάϐετο,
550 2180 606 2206 ἀλλ’
619 2182 712 2215 ἀγάπῃ
727 2183 760 2217 τῇ
780 2184 843 2217 περὶ
857 2184 886 2209 τὸ
899 2185 984 2218 γένος,
1002 2187 1064 2219 τοὺς
1075 2188 1224 2219 Χαλδαίους
1238 2187 1283 2214 τοῦ
1299 2187 1425 2223 πολεμεῖν
1440 2186 1583 2214 ἐκώλυσεν.

335 2245 414 2274 Vsus.
435 2246 478 2274 i6.
495 2246 544 2273 Hic
563 2247 694 2274 describit
712 2249 850 2283 prophetae
866 2258 956 2279 sermo
973 2252 1080 2280 Domini
1097 2271 1121 2299 υ

1077 2254 1080 2280 l
1097 2271 1121 2299 υ
1175 2257 1304 2284 Ἐνταῦθα
1318 2257 1364 2283 τοῦ
1388 2257 1526 2293 προφήτου
1549 2257 1574 2283 οἱ
1597 2256 1668 2291 λόγοι
1685 2256 1847 2284 Δεσποτικὸν
1859 2256 1918 2289 ἔθος

297 2291 421 2319 aﬂ'ectus.
446 2291 511 2325 Quae
535 2294 607 2319 enim
634 2293 668 2319 ad
691 2295 822 2328 populum
849 2303 903 2322 non
928 2297 954 2323 in
974 2299 1081 2332 angulis
1097 2291 1138 2337 ν,

1077 2291 1119 2325 ιν
1135 2303 1311 2338 μιμούμενοι·
1340 2291 1477 2338 λελέχθαυ
1491 2303 1546 2338 γὰρ
1569 2303 1655 2330 ταῦτα
1683 2302 1757 2337 λέγει
1781 2302 1849 2338 πρὸς
1872 2303 1918 2330 του

297 2337 370 2365 dicta
390 2342 453 2365 sunt
473 2342 518 2364 aut
539 2339 565 2364 in
581 2339 750 2370 abscondito,
775 2340 821 2367 sed
840 2348 932 2368 coram
954 2344 1081 2372 omnibus

296 2387 324 2410 et
352 2384 441 2417 palam
469 2384 574 2418 prolata
598 2384 720 2411 fuerunt.
750 2385 816 2411 Nam
849 2391 950 2414 certam
978 2388 1081 2416 habens

297 2429 355 2465 ipse
373 2429 469 2456 horum
492 2430 615 2457 notitiam
632 2430 664 2457 ad
692 2439 740 2457 vos
763 2432 872 2459 locutus
888 2440 949 2459 sum
965 2438 992 2460 et
1007 2442 1081 2462 nunc

297 2483 352 2503 non
367 2483 446 2503 cesso
463 2476 533 2503 idem
562 2477 667 2505 faciens
687 2484 736 2511 pro
755 2482 844 2504 vestra
862 2479 965 2511 salute;
985 2479 1080 2507 Domi-

297 2529 350 2550 nus
364 2522 437 2549 enim
448 2522 522 2549 misit
533 2530 575 2549 me
585 2543 592 2555 ,
607 2527 634 2550 et
648 2522 719 2549 amat
734 2523 852 2557 Spiritus
869 2529 991 2553 sanctus.

331 2619 413 2648 Vens.
430 2621 473 2647 l7.
488 2620 610 2656 ingratos
629 2621 737 2648 illorum
752 2622 858 2649 animos
876 2630 974 2651 rursus
986 2623 1079 2651 incre-

296 2674 365 2702 pans
381 2666 520 2693 servitutis
535 2667 722 2702 depulsionem
735 2673 878 2695 memorat.
890 2669 962 2704 Age,
977 2670 1078 2704 inquit,

296 2712 471 2740 Conditorem
493 2717 569 2740 tuum
589 2721 642 2741 non
657 2715 809 2749 agnovisti,
830 2715 959 2751 dirigenti
972 2720 999 2744 et
1021 2716 1080 2751 pla-

297 2758 397 2786 smauti
411 2761 439 2785 te
451 2765 505 2785 non
521 2763 611 2786 mente
622 2760 770 2793 inservisti,
782 2769 846 2787 num
857 2766 884 2788 et
898 2768 1037 2790 eruentem
1053 2767 1080 2790 te

296 2811 329 2831 es
349 2802 467 2839 Egypto
489 2804 631 2833 iastidies?
651 2806 707 2841 Ego
719 2815 783 2835 vero
809 2808 855 2842 qui
884 2808 957 2834 istud
985 2808 1077 2840 eﬂeci,

297 2848 368 2875 idem
388 2849 477 2876 adhuc
494 2857 554 2877 sum
575 2860 582 2877 :
598 2851 701 2878 nullam
722 2852 884 2887 praetermisi
904 2853 1078 2881 occasionem

297 2892 346 2921 tibi
364 2900 395 2921 ea
419 2894 627 2923 commendandi
643 2904 702 2929 quae
726 2897 807 2925 saluti
835 2904 896 2925 esse
917 2897 1074 2931 potuerint,

1132 2349 1194 2376 λαὸν
1207 2350 1237 2375 ού
1252 2349 1321 2375 κατὰ
1340 2349 1442 2383 γωνίας
1455 2349 1516 2375 οὐδὲ
1533 2349 1562 2375 ἐν
1577 2348 1753 2384 παραϐύστῳ,
1771 2348 1839 2375 ἀλλὰ
1851 2347 1919 2385 πρὸς

1132 2398 1234 2426 πάντας
1249 2396 1295 2421 καὶ
1313 2396 1342 2421 ἐν
1358 2394 1396 2430 τῷ
1410 2393 1528 2430 φανερῷ.
1544 2394 1598 2421 Καὶ
1613 2394 1667 2429 γὰρ
1679 2395 1760 2426 αὐτὸς
1771 2394 1837 2429 ἐγὼ,
1851 2394 1918 2429 ἀλή-

1133 2449 1212 2475 ρητον
1224 2440 1292 2475 ἔχων
1305 2440 1352 2474 τὴν
1366 2439 1469 2465 τούτων
1482 2439 1592 2474 γνῶσιν,
1606 2439 1753 2475 ἐποιούμην
1767 2440 1829 2471 τοὺς
1850 2439 1918 2475 πρὸς

1132 2487 1202 2520 ὑμᾶς
1214 2486 1323 2519 λόγους·
1342 2485 1370 2510 τὸ
1386 2486 1406 2510 δ’
1422 2486 1486 2510 αὐτὸ
1507 2486 1552 2510 καὶ
1578 2485 1625 2511 νῦν
1646 2485 1728 2511 ποιῶν
1749 2485 1779 2511 ού
1797 2484 1918 2520 παύομαι

1133 2531 1198 2566 πρὸς
1215 2530 1350 2565 ὑμετέραν
1367 2530 1513 2563 ὠφέλειαν·
1534 2530 1600 2561 Θεὸς
1621 2530 1674 2564 γάρ
1698 2530 1772 2555 ἐστιν
1800 2531 1814 2557 ὁ
1840 2529 1919 2565 πέμ-

1134 2586 1199 2609 πων,
1214 2575 1381 2611 ὑπηχοῦντος
1402 2576 1447 2601 τοῦ
1468 2575 1624 2609 Πνεύματος
1638 2575 1684 2601 τοῦ
1697 2575 1787 2609 ἁγίου.

1166 2621 1250 2649 Πάλιν
1267 2622 1404 2656 ἐντρέπων
1420 2622 1517 2652 αὐτοὺς
1533 2621 1576 2647 διὰ
1594 2620 1641 2655 τὴν
1657 2620 1810 2655 προσοῦσαν
1827 2621 1919 2652 αὐτοις

1131 2668 1335 2703 ἀγνωμοσύνην,
1343 2668 1500 2702 λυτρώσεως
1510 2667 1747 2702 μέμνηται.”Εστω
1754 2667 1818 2702 γὰρ,
1825 2669 1918 2702 φησιν,

1130 2712 1152 2741 ὦ
1174 2713 1289 2749 Ἰσραὴλ,
1309 2713 1436 2739 ποιοῦντα
1458 2713 1506 2739 οὐκ
1529 2713 1692 2746 ἐγίνωσκες,
1711 2712 1919 2748 δημιουργοῦντι

1131 2761 1177 2786 καὶ
1197 2759 1337 2786 πλάττοντι
1362 2768 1390 2785 se
1411 2759 1440 2784 οὑ
1457 2757 1668 2794 παρηκολούθεις
1684 2759 1716 2793 τῇ
1732 2757 1919 2794 γνώσει.μῷ

1130 2805 1310 2841 λυτρουμένου
1328 2814 1373 2830 σου
1395 2804 1423 2837 ἐξ
1441 2805 1579 2838 Αἰγύπτου
1594 2805 1643 2830 οὐκ
1663 2803 1797 2838 suam»;
1817 2803 1848 2830 '0
1862 2803 1920 2831 τοί-

1130 2861 1175 2878 νυν
1198 2852 1228 2877 τδ
1253 2851 1354 2878 τέλειον
1381 2852 1561 2886 εὐεργετήσας
1581 2850 1640 2884 είμὶ
1665 2851 1679 2876 ὀ
1697 2849 1794 2882 αὐτός·
1816 2848 1926 2886 μηδένα

1129 2896 1223 2931 καιρὸν
1249 2896 1453 2932 παραλελοιτιὼς
1477 2896 1617 2928 νουθεσίας
1641 2895 1696 2924 τῶν
1721 2894 1922 2926 συνειδείη-ιο

1888 3004 1935 3046 ,1,
