2131 3167
205 199 274 227 5549

903 202 938 230 IN
956 201 1083 230 ISAIAM.

1764 206 1834 235 i550

201 263 243 282 σοι
269 255 337 289 πρὸς
355 255 500 291 σωτηρίαν,
524 255 581 283 ἀλλ’
596 255 769 288 σὺτεξούσιόν
788 263 818 283 σε
838 257 995 292 πεποιηκὼς
1010 261 1033 288 Α

1048 256 1096 284 sed
1112 256 1228 284 Uberum
1249 261 1278 284 te
1292 257 1422 298 constitui
1433 276 1441 288 .
1460 264 1502 285 me
1521 265 1606 290 nuce,
1622 265 1665 286 me
1684 266 1770 294 usque
1785 262 1831 290 de-

200 299 394 335 ὺφηγήσάμην,
417 301 461 327 καὶ
483 300 516 327 τὰ
541 301 665 335 πρακτέα
686 300 734 326 καὶ
759 299 794 326 τὰ
816 301 991 336 συμφέροντά

201 353 242 372 σοι
260 344 386 376 ὑπέδειξα
398 353 404 359 ·
422 345 469 371 καὶ
491 345 594 380 ταύτην
607 345 756 372 ὁδεύσαντά
771 354 800 372 σε
821 345 870 381 τὴν
886 346 989 382 τρίϐον,

200 390 325 422 ἐκκλίνας
342 390 396 417 ἀπὸ
407 391 456 425 τῆς
468 390 593 421 ἐναντίας
609 390 791 426 προξενούσης
807 399 848 418 σοι
865 391 989 419 θάνατον.

236 436 291 462 Καὶ
311 435 393 462 τόπον
416 436 462 462 καὶ
481 435 582 470 τρόπον
608 435 733 470 ἀμείϐειν
754 437 852 468 αὐτοὺς
875 436 992 472 συμϐου-

200 479 284 513 λεύει,
295 480 375 507 τοῦτο
391 481 440 515 μὲν
460 480 707 515 μετανισταμένους
720 482 752 508 ἐκ
773 482 822 517 τῆς
832 481 992 514 Βαϐυλῶνος

202 527 248 553 καὶ
273 526 530 561 ωταλαμὸἀνοντας
558 526 608 561 τὴν
638 527 834 564 Ἰερουσαλὴμ,
860 527 940 554 τοῦτο
963 528 992 554 δὲ

204 572 286 607 μηδὲν
318 571 468 605 ἐπάγεσθαι
498 572 596 603 αὐτοὺς
627 571 732 599 τοιοῦτο
757 573 816 605 ἔθος
843 573 992 601 Χαλδαῖκδν

203 617 404 652 συμϐουλεύων,
425 617 640 652 προσανέχοντας
659 617 862 654 εἰδωλολατρείᾳ
883 619 929 645 καὶ
947 619 994 645 oi.—

202 664 330 697 uwtcynlc
352 662 400 688 καὶ
419 663 479 693 ταῖς
494 662 587 692 ἄλλαις
609 662 775 694 Χαλδαῖκαϊς
796 663 920 695 πλάναις.
937 663 992 690 Kal

200 710 265 743 μετ’
288 708 384 743 ὀλίγα⁸
406 709 439 734 Ὃ
463 708 494 743 δὴ
522 708 637 744 ἁρμόσει
663 709 710 736 καὶ
734 709 779 736 ἐπὶ
807 709 916 736 πάντων
941 710 994 736 τῶν

203 753 288 780 ἐθνῶν
305 754 359 780 τῶν
377 753 532 790 ἁπανταχοῦ
550 754 602 791 γῆς
627 753 720 786 ὖντων,
741 755 837 781 καὶτὰ
855 755 927 790 ἄκρα
943 755 994 788 τῆς

201 801 254 836 γῆς
273 800 482 834 κατειληφότων,
504 791 748 835 εὐαγγελιζομένου
766 800 856 832 αὐτοῖς
875 799 921 826 τοῦ
943 809 995 826 σω-

202 845 297 882 τηρίου
316 845 394 879 λόγου
420 846 467 872 καὶ
491 846 540 880 τῆς
561 845 681 880 ψυχικῆς
704 844 859 881 ἐλευθερίας
879 845 929 880 τὴν
950 844 996 871 λύθ

203 899 304 926 τρωσιν
321 891 354 926 ἢν
372 889 542 926 ἐλυτρώσατο
564 890 662 922 αὐτοὺς
673 891 687 917 ό
702 890 851 926 μονογενὴς
867 890 932 922 Υἱὸς
947 891 994 917 τοῦ

203 924 270 962 (έεοῦ
286 937 314 962 ἐν
331 924 501 970 αίχμαλωσία
514 935 693 971 πράττοντας,
703 924 756 962 καὶ
772 924 888 972 ὕπὸ-τὴν
898 944 995 972 τυραν-
1013 924 1033 950 Β

203 979 263 1007 νίδα
275 980 321 1006 τοῦ
335 980 459 1007 διαεόλου
472 981 562 1012 ὄντας.

238 1037 319 1071 Λέγει
330 1037 368 1067 δὲ.
385 1037 435 1068 ὅτι,
451 1037 482 1063 Εί
497 1038 544 1064 καὶ
559 1034 631 1064 οὗτοι
644 1037 772 1072 οὐδεμίαν
785 1037 918 1072 ὠφέλειαν
932 1037 995 1064 ἐδέ-

204 1082 294 1114 ξαντο,
311 1082 367 1109 ἀλλ’
389 1080 436 1109 οὖν
459 1083 514 1116 ἐγὼ
533 1083 564 1108 τδ
589 1084 688 1110 οἰκεῖον
711 1082 789 1118 ἔργον
811 1083 991 1119 πεπλήρωκα·

204 1129 251 1154 καὶ
263 1127 341 1156 τοῦτο
356 1127 433 1153 δῆλόν
444 1128 502 1154 ἐστι
514 1128 553 1154 τῶ
568 1127 638 1156 Θεῶ.

241 1219 311 1255 Πρὸς
327 1220 358 1246 τὺ
371 1220 445 1255 παρὰ
465 1220 516 1256 τῆς
532 1220 708 1255 Ἰερουσαλὴμ
732 1221 826 1252 κακῶς
840 1219 994 1255 γυμνωθὲν

204 1264 275 1291 κατὰ
298 1264 346 1291 τοῦ
366 1264 433 1291 Θεοῦ
455 1265 493 1296 ὠς
517 1265 712 1300 ἐπιλαϐομένου
737 1265 787 1300 τῆς
818 1264 995 1300 Ἰερουσαλὴμ

203 1310 252 1337 καὶ
269 1310 348 1336 τοῦτο
368 1309 491 1345 ἁρμόζει,
514 1309 717 1346 διδασκομένης,
738 1310 778 1342 ὡς
792 1310 822 1336 οὐ
842 1310 912 1346 λήθῃ
934 1310 994 1337 δου-

205 1354 277 1382 λεύει
292 1355 323 1382 τὸ
344 1355 432 1388 Θείον,
444 1355 504 1382 οὑδὲ
524 1356 644 1392 ῥᾳθυμίᾳ
661 1355 827 1391 προσανέχον
840 1356 995 1391 ἀπρονόητα

204 1401 405 1435 ῑιαταλιμπάνει
425 1401 460 1427 τὰ
472 1401 567 1427 ἑαυτοῦ
581 1402 720 1437 ποιήματα
730 1409 737 1416 ’
754 1402 777 1427 εί
791 1400 847 1436 γὰρ
861 1401 994 1427 παύσεται

204 1445 270 1477 Θεὸς
286 1446 471 1481 διανοούμενος
492 1446 555 1482 περὶ
570 1446 659 1482 ήμῶν,
680 1447 726 1473 καὶ
744 1446 928 1480 ἀποπέσοιμεν
944 1445 994 1479 τῆς

204 1491 286 1518 αὑτοῦ
301 1491 419 1527 μνήμης,
440 1491 572 1518 παύσεται
583 1491 663 1527 ἡμῶν
675 1492 722 1518 καὶ
739 1490 770 1517 τὸ
783 1489 866 1517 εἶναι·
881 1490 929 1524 τῆς
940 1490 993 1525 γὰρ

204 1538 308 1569 ἐννοίας
322 1538 372 1572 τῆς
390 1538 432 1571 ἐφ’
444 1539 510 1572 ἡμῖν
525 1538 713 1573 παυσαμένης.
726 1538 772 1571 ἀφ’
787 1535 820 1573 ἧς
842 1537 890 1563 καὶ
908 1544 993 1571 προσ-

1042 303 1164 329 clarante
1188 302 1254 337 quid
1277 302 1327 330 tibi
1354 303 1508 338 agendum,
1535 304 1600 338 quid
1623 305 1672 332 tibi
1693 306 1831 340 profectu-

1042 355 1117 381 rum;
1138 353 1166 375 et
1184 348 1248 375 dum
1269 348 1319 375 hac
1341 348 1369 376 in
1390 348 1435 376 via
1453 349 1621 383 ambularis,
1637 351 1672 378 ab
1686 351 1773 378 altera
1787 359 1831 380 re-

1042 393 1149 421 cessisti
1164 401 1217 428 qua
1231 398 1345 420 mortem
1362 401 1577 429 consequuntur.

1080 438 1161 466 Vens.
1181 439 1227 467 20.
1254 439 1289 466 Ut
1315 440 1405 467 locum
1429 441 1510 468 simul
1530 445 1557 468 et
1575 448 1666 469 mores
1685 442 1830 470 iinmutent

1043 486 1176 517 consulit;
1190 486 1258 512 alios
1270 485 1382 521 quidem
1404 486 1468 513 dum
1496 487 1590 515 relicta
1616 486 1769 523 Babylone.
1786 488 1831 516 Je-

1042 531 1162 558 rusalem
1186 535 1326 565 repetant;
1344 531 1414 559 alios
1431 539 1513 563 vero,
1529 532 1592 559 dum
1607 532 1735 560 devitatis
1750 533 1830 561 Chal-

1043 572 1162 599 daeorum
1178 573 1300 599 moribus
1310 591 1318 604 ,
1330 573 1366 600 ab
1377 573 1459 600 idolis
1472 573 1638 606 abstineant,
1653 578 1681 601 et
1695 575 1729 601 ab
1742 581 1831 609 augu-
1866 572 1869 574 ’

1044 618 1092 645 riis
1103 623 1130 645 et
1143 618 1250 645 caeteris
1261 618 1375 653 hujusce
1387 619 1496 653 generis
1507 619 1640 647 moribus.
1651 619 1738 646 Paulo
1751 625 1809 654 pou
1819 626 1830 646 :

1044 663 1110 695 Quae
1123 663 1205 691 etiam
1220 667 1281 697 apte
1294 663 1328 690 ad
1343 671 1438 691 omnes
1451 668 1546 699 gentes
1560 664 1715 692 referentur
1730 665 1832 700 ubique

1045 714 1179 736 terrarum
1190 708 1331 744 degentes,
1342 709 1385 736 vel
1396 714 1531 737 extremas
1546 715 1635 738 terras
1649 716 1830 746 occupantes.

1044 761 1107 780 cum
1131 753 1200 789 ipsis
1221 755 1336 782 verbum
1367 755 1464 782 salutis
1493 756 1667 790 praedicatur,
1696 760 1724 784 et
1749 757 1831 792 spiri-

1045 798 1127 825 tualis
1146 797 1273 829 libertas.
1295 798 1421 826 liberatio
1444 799 1550 826 scilicet
1561 807 1615 835 qua
1637 808 1688 827 nos
1703 801 1832 828 liberavit
1851 795 1856 805 ’

1045 843 1203 878 ιιιιίιςειιίιιιε
1218 843 1266 871 Dei
1274 843 1362 872 Filius
1377 845 1405 871 in
1416 845 1575 880 captivitate
1589 850 1617 873 et
1628 845 1680 874 sub
1696 849 1831 881 potestate

1046 889 1147 916 diaboli
1160 895 1314 925 oppressos.

1079 1036 1145 1063 Cn.
1159 1035 1257 1070 xux,
1274 1035 1394 1064 VensJ.
1424 1036 1537 1065 Etiamsi
1558 1037 1627 1065 nihil
1642 1039 1767 1067 utilitatis
1795 1046 1830 1068 ex

1044 1082 1136 1109 verbis
1153 1083 1223 1109 meis
1248 1081 1447 1117 perceperitis.
1470 1083 1560 1118 inquit
1585 1084 1736 1119 propheta.
1761 1091 1831 1120 opus

1044 1134 1135 1154 meum
1161 1134 1305 1162 peregero;
1334 1127 1412 1155 labor
1442 1135 1520 1156 meus
1548 1135 1643 1156 coram
1670 1128 1726 1157 Deo
1750 1130 1830 1158 inno-

1045 1175 1141 1200 ιεεεει.

1081 1216 1165 1244 Vens.
1182 1217 1225 1245 15.
1246 1217 1400 1245 Jerusalem
1417 1218 1553 1246 immerito
1574 1219 1659 1247 Deum
1683 1223 1829 1254 arguente.

1045 1263 1123 1297 quasi
1150 1263 1248 1291 fuisset
1266 1262 1328 1297 ejus
1351 1263 1470 1294 oblitus,
1496 1264 1638 1299 aptissime
1667 1264 1829 1300 respondet.

1045 1308 1167 1335 divinum
1183 1316 1283 1336 numen
1298 1317 1353 1336 non
1366 1317 1428 1337 esse
1443 1309 1575 1336 oblivioni
1590 1309 1740 1337 obnoxium
1754 1329 1762 1343 ,
1778 1317 1830 1337 nec

1045 1353 1162 1388 segnitie
1185 1355 1288 1381 victum
1315 1358 1458 1382 creaturas
1487 1362 1553 1383 suas
1579 1355 1752 1390 providentia
1779 1363 1830 1384 sua

1044 1398 1201 1426 destituere.
1211 1399 1288 1432 Quod
1301 1400 1324 1427 si
1339 1400 1412 1427 enim
1424 1400 1504 1428 nobis
1525 1400 1574 1428 Dei
1592 1401 1764 1436 providentia
1779 1401 1829 1430 de-

1046 1444 1099 1471 seri
1120 1444 1267 1476 accideret.
1283 1449 1309 1472 et
1328 1445 1363 1472 de
1381 1446 1511 1472 memoria
1525 1446 1585 1480 ejus
1603 1446 1730 1474 excidere
1741 1466 1749 1478 .
1763 1453 1831 1474 ron-

1044 1491 1123 1517 tinuo
1141 1492 1318 1518 evanesceret
1340 1490 1394 1518 vita
1415 1495 1521 1518 nostra.
1539 1491 1606 1518 Nam
1621 1491 1766 1519 recedente
1783 1491 1830 1519 illa

1044 1539 1133 1562 mente
1148 1543 1201 1570 qua
1218 1535 1246 1561 in
1261 1535 1350 1562 lucem
1368 1535 1434 1562 editi
1450 1543 1557 1568 sumus,
1571 1539 1599 1563 et
1615 1537 1696 1564 nobis
1715 1543 1830 1572 pereun-

204 1583 382 1618 ιληλύθαμεν,
408 1583 549 1610 ἀκολουθεῖ
572 1582 774 1609 ωνανελείσθαι
798 1581 878 1616 ἡμῶν
897 1581 944 1607 καὶ
963 1581 994 1607 τὺ
1007 1586 1030 1617 c
1045 1580 1110 1607 dum
1125 1583 1208 1607 esset.

204 1625 285 1654 εἶναι.

245 1682 414 1717 ’Λπανταχοῦ
431 1682 552 1710 ἀναίτιον
571 1682 667 1709 ἐαυτὸν
687 1681 738 1716 τῆς
753 1681 854 1707 τούτων
869 1681 995 1707 ἀποστα-

205 1726 265 1758 σίας
279 1727 415 1753 δείκνυσιν
429 1727 443 1753 ό
455 1727 530 1758 Θεὸς,
542 1727 672 1752 ἑλκόντων
687 1726 735 1761 μὲν
748 1726 795 1752 καὶ
810 1725 995 1752 ἀποσπώντων

204 1771 316 1802 laurei);
337 1772 384 1798 καὶ
405 1772 521 1804 ἀναξίων
545 1771 706 1798 δεικνύντων
727 1771 776 1806 τῆς
796 1771 879 1797 αὐτοῦ
907 1771 995 1805 κηδε-

207 1816 320 1850 μονίας⁸
335 1818 366 1843 ὲκ
379 1817 406 1842 δὲ
424 1817 471 1843 τοῦ
489 1817 610 1843 ἐναντίου
623 1816 666 1843 τὸν
683 1816 749 1843 Θεὸν
758 1816 847 1850 ἀγαθὰ
862 1813 905 1842 ἐπ’
921 1817 995 1849 ἀγα-

205 1861 271 1894 θοῖς,
286 1862 333 1888 καὶ
346 1862 449 1898 δωρεὰς
467 1864 513 1889 ἐπὶ
525 1863 639 1898 δωρεαῖς
653 1863 851 1898 προστιθέντος.

245 1919 326 1954 Ἑμοῦ
342 1920 390 1954 μὲν
401 1920 434 1946 δι’
448 1919 566 1954 ἐλέγχων
577 1928 606 1946 τε
621 1919 668 1946 καὶ
682 1919 878 1954 ἐπιτιμήσεων,
892 1920 922 1945 οὺ
941 1919 993 1954 μὴν

203 1963 270 1990 ἀλλὰ
292 1965 337 1991 καὶ
360 1965 557 2000 παρακλήσεων
586 1965 766 1998 ἐπανάγοντος
790 1964 859 1999 πρὸς
886 1964 992 1994 ἐαυτὸν,

204 2009 281 2044 ὑμῶν
298 2010 365 2045 μηδὲ
385 2011 423 2042 ὼς
444 2010 527 2046 ἀκοῆς
549 2011 795 2046 ἐπιστρεφομένων·
818 2011 849 2037 οὑ
870 2011 945 2045 παρὰ
965 2011 994 2036 τὸ

205 2055 242 2090 μὴ
253 2055 402 2090 κεκτῆσθαι
414 2056 515 2088 ἀκοὰς,
532 2055 598 2083 ἀλλὰ
614 2056 688 2092 παρὰ
703 2056 733 2081 τὸ
751 2055 933 2090 ὲθελοκωψίαν
949 2065 992 2082 νο-

204 2102 272 2128 σείν.

246 2157 313 2184 Ἀλλ’
327 2157 478 2193 ἀδυναμιας
488 2166 538 2193 μου
549 2156 764 2191 καταγνωσεσθε,
782 2157 865 2191 φησὶν
876 2177 883 2187 ,
901 2156 939 2188 ὡς
955 2157 991 2191 μὴ

203 2202 385 2239 ἐπαρκοῦντος
400 2204 440 2234 είς
449 2203 499 2238 τὴν
512 2203 588 2238 ὑμῶν
605 2202 728 2238 βοήθειαν
737 2222 744 2233 ,
763 2202 829 2237 μηδέ
841 2202 991 2236 δυναμένου

1079 1677 1143 1705 Cn.
1158 1677 1190 1709 L,
1208 1677 1290 1705 Vens.
1304 1679 1330 1704 1.
1347 1677 1477 1706 ῡθοιαι-σὶν
1494 1678 1566 1707 Deus
1593 1687 1622 1707 se
1638 1681 1712 1707 nulla
1725 1681 1832 1709 ratione

1045 1723 1227 1751 defectionem
1244 1724 1353 1750 illorum
1372 1723 1490 1757 fovisse,
1504 1732 1567 1752 cum
1585 1725 1637 1760 ipsi
1661 1734 1690 1753 se
1708 1726 1830 1754 tradide-

1044 1770 1117 1800 rint.
1132 1773 1159 1796 et
1175 1769 1358 1803 perdiderint.
1375 1773 1402 1796 et
1425 1777 1491 1796 cura
1503 1770 1564 1804 ejus
1581 1770 1707 1805 indignos
1725 1771 1832 1806 praesti-

1045 1815 1144 1846 terint.
1165 1815 1220 1842 Deo
1231 1815 1303 1842 bona
1329 1822 1413 1850 super
1429 1815 1501 1843 bona
1525 1815 1687 1851 adjiciente,
1710 1820 1738 1844 et
1758 1817 1830 1844 dona

1045 1868 1127 1896 super
1142 1860 1224 1890 dona.

1079 1916 1161 1944 Vens.
1178 1917 1206 1944 2.
1236 1917 1292 1952 Ego
1319 1924 1384 1944 vero
1403 1917 1662 1952 reprehensionibus
1678 1922 1704 1945 et
1721 1919 1829 1952 poenis.

1044 1964 1194 1998 praasertim
1210 1971 1273 1990 vero
1288 1963 1525 1991 exhortationibus
1538 1964 1571 1990 ad
1588 1972 1631 1992 me
1645 1965 1809 1992 revocabam
1819 1984 1827 1996 .

1043 2015 1092 2035 vos
1109 2016 1173 2035 vero
1192 2015 1246 2035 non
1270 2008 1403 2042 audistis;
1432 2016 1486 2035 non
1505 2009 1577 2044 quod
1595 2009 1733 2037 defuerint
1750 2010 1830 2038 vobis

1043 2061 1123 2081 aures
1133 2075 1140 2087 ,
1156 2054 1203 2081 sed
1222 2054 1295 2089 quod
1312 2059 1409 2089 sponte
1421 2062 1468 2082 eas
1480 2054 1669 2083 obstruxistis.

1077 2151 1272 2180 lmbecillitatis
1288 2159 1331 2179 me
1350 2152 1484 2187 arguitis,
1502 2152 1602 2187 inquit,
1622 2153 1701 2187 quasi
1720 2160 1769 2181 vos
1785 2153 1829 2188 ju-

1043 2207 1124 2231 vare,
1157 2201 1204 2225 aut
1235 2199 1271 2226 ab
1297 2198 1420 2226 hostium
1448 2199 1592 2233 tyrannide
1624 2199 1742 2226 liberare
1772 2207 1828 2227 non

202 2247 340 2282 ἐξελέσθαι
355 2247 426 2282 ὑμᾶς
437 2247 488 2282 τῆς
498 2247 551 2273 τῶν
565 2246 806 2282 ἐπικρατησάντων
821 2246 989 2281 τυραννίδος·
1009 2252 1030 2279 ι)

1044 2242 1174 2274 valerem;
1189 2241 1274 2268 nolite
1287 2241 1323 2268 ita
1348 2240 1421 2276 loqui
1433 2260 1440 2273 ,
1459 2241 1540 2268 toties
1556 2249 1645 2268 meam
1666 2245 1827 2277 potestatem

201 2292 259 2320 ἀλλ’
270 2293 320 2319 οὐκ
335 2292 368 2319 ἂν
382 2292 484 2318 είποιτε
499 2292 588 2323 τοῦτο,
599 2293 695 2326 πεῖραν
706 2291 782 2318 αὐτοὶ
797 2291 846 2326 τῆς
864 2291 933 2326 ἐμῆς
944 2291 990 2317 δυ-

205 2338 310 2374 νάμεως
325 2338 480 2373 ἐσχηκότες·
500 2337 580 2364 τοῦτο
599 2338 647 2372 μὲν
662 2336 834 2371 ξηραίνοντος
853 2336 990 2362 θάλασσαν

201 2383 248 2411 λαὶ
260 2384 323 2418 ὑμῖν
335 2383 418 2418 βατήν
433 2383 519 2418 αὐτὴν
529 2382 783 2419 παρασκευάζοντος
791 2381 930 2416 γενέσθαι,
945 2382 991 2407 καὶ

201 2428 236 2455 τὰ
253 2427 432 2462 παραπλήσια
444 2427 550 2454 τούτου.

232 2472 324 2499 Ταῦτα
340 2473 367 2499 δὲ
378 2473 425 2499 καὶ
437 2473 523 2505 ἔσται,
539 2473 586 2500 ὲάν
601 2481 654 2509 περ
671 2471 818 2507 βούλωμαι·
834 2471 881 2498 καὶ
896 2472 990 2505 σκότος

200 2520 289 2546 ἐκεῖνο
310 2518 341 2545 τὸ
360 2519 479 2553 ἀφεγγὲς
500 2519 621 2546 ἐπιϐαλῶ
643 2518 758 2555 οὐρανῷ,
781 2518 829 2553 τὴν
846 2517 901 2544 τῶν
921 2518 991 2545 ὅλων

203 2564 312 2600 μηνύων
332 2564 496 2596 συντέλειαν,
512 2566 541 2592 ἐν
556 2562 573 2601 ᾖ
590 2565 637 2591 καὶ
650 2565 680 2591 τὸ
696 2565 749 2591 πᾶν
764 2563 988 2599 ἀφανισθήσεται,

202 2610 249 2637 καὶ
260 2611 286 2636 οἱ
298 2609 350 2644 βίοι
363 2609 584 2645 εὐθυνθήσονται,
596 2611 643 2638 καὶ
657 2609 686 2635 τὸ
699 2609 766 2644 πρὸς
781 2609 860 2642 ἀξίαν
874 2608 990 2641 ἕκαστος

201 2654 436 2690 ἀποληφθήσεται.

238 2700 313 2736 Σῆτα
327 2700 442 2727 ἐνταῦθα
457 2700 506 2733 τὰς
523 2700 660 2736 ἁμαρτίας
671 2700 745 2735 λέγει
759 2699 808 2731 τὰς
823 2700 888 2735 παρ’
901 2699 992 2725 αὐτῶν

202 2744 360 2780 γινομένας·
377 2744 494 2776 αἵτινες,
510 2744 579 2780 παρ’
595 2745 686 2770 αὐτῶν
701 2744 842 2780 ἐσχηκυῖαι
858 2743 888 2769 τὸ
902 2740 987 2774 εἶναι,

203 2790 252 2825 οὐχ
270 2790 379 2825 ἐτέρους
395 2790 585 2825 ἀδικήσουσιν,
602 2787 659 2815 ἀλλ’
676 2790 774 2821 αὐτοὺς
790 2788 910 2819 ἐκείνους
926 2788 988 2819 τοὺς

203 2835 286 2863 ταῦτα
297 2835 509 2870 ἐργασαμένους·
520 2834 613 2871 ὥσπερ
627 2834 682 2870 γὰρ
695 2834 726 2861 τὸ
741 2834 847 2870 ἱμάτιον
863 2833 928 2860 αὐτὸ
943 2833 988 2859 τὸν

203 2881 330 2916 σκώληκα
346 2881 436 2916 γεννᾷ,
452 2880 499 2907 καί
517 2880 595 2907 πάλιν
611 2880 698 2916 τροφή
714 2879 795 2907 αὑτοῦ
812 2879 927 2914 γίνεται,
942 2877 988 2904 οὖ-

1042 2287 1156 2322 experti.
1171 2286 1267 2315 Nonne
1281 2294 1356 2314 mare
1373 2287 1512 2315 desertum
1525 2287 1577 2314 feci
1599 2291 1626 2315 et
1646 2288 1716 2315 inter
1729 2287 1827 2315 fluctus

1042 2333 1120 2360 vobis
1145 2333 1197 2360 iter
1224 2332 1334 2367 paravi,
1358 2336 1385 2359 et
1408 2332 1551 2360 innumera
1577 2333 1631 2360 alia
1657 2333 1730 2360 edidi
1749 2333 1828 2360 mira-

1043 2379 1123 2406 cuia?

1077 2465 1162 2495 Vatis.
1177 2466 1203 2494 3.
1223 2466 1289 2500 Quae
1308 2467 1407 2495 faciam
1424 2467 1448 2494 si
1472 2467 1596 2494 libuerit.
1612 2465 1745 2493 Obscuris
1768 2473 1824 2494 cm-

1042 2513 1097 2540 lum
1113 2513 1224 2541 induam
1238 2514 1367 2544 tenebris.
1377 2514 1427 2540 hoc
1440 2517 1482 2540 est
1492 2520 1583 2540 rerum
1595 2513 1716 2540 omnium
1730 2512 1825 2540 modos

1042 2559 1187 2591 definiam,
1208 2563 1235 2587 et
1255 2564 1319 2586 tunc
1334 2559 1425 2586 omnia
1451 2562 1627 2590 evanescent,
1644 2563 1671 2585 et
1699 2557 1752 2585 vita
1778 2565 1823 2584 cu-

1039 2606 1141 2641 jusque
1153 2606 1324 2641 pensabitur,
1336 2611 1362 2632 et
1377 2605 1493 2640 quisque
1507 2605 1621 2639 accipiet
1639 2611 1688 2638 pro
1707 2603 1822 2631 meritis.

1081 2692 1160 2721 Vns.
1175 2692 1202 2720 9.
1220 2692 1332 2720 Tineam
1350 2696 1429 2719 vocat
1444 2692 1488 2719 hic
1510 2695 1621 2726 peccata
1634 2691 1668 2718 ab
1690 2691 1758 2726 ipsis
1772 2690 1823 2719 ad-

1040 2739 1134 2766 missa.
1152 2738 1258 2773 Quippe
1277 2746 1337 2773 quae
1353 2738 1388 2765 ab
1406 2738 1439 2765 iis
1456 2742 1532 2772 parta
1550 2745 1603 2764 non
1624 2737 1692 2764 alios
1706 2736 1821 2767 laedent.

1040 2784 1094 2811 nisi
1110 2785 1184 2819 ipsos
1204 2787 1331 2817 parentes
1352 2791 1426 2811 suos.
1455 2782 1489 2810 Ut
1512 2782 1705 2810 vestimentum
1721 2781 1821 2808 tineam

1041 2829 1126 2864 gignit
1138 2833 1165 2856 et
1176 2829 1211 2856 ab
1232 2836 1264 2856 eo
1285 2828 1383 2856 deinde
1407 2828 1577 2859 corrodetur,
1593 2827 1630 2854 ita
1657 2831 1681 2854 et
1711 2828 1822 2862 peccata

1040 2875 1121 2903 nobis
1136 2874 1268 2908 ofﬁciunt,
1284 2881 1317 2902 ex
1333 2874 1414 2908 nobis
1428 2878 1497 2902 orta.
1516 2873 1582 2907 Quae
1599 2876 1688 2900 autem
1712 2871 1821 2908 patiun-
