2131 3167
350 172 418 201 I359

925 179 1097 218 τηεουοιιι
1116 178 1377 214 HERACLEENSIS

1942 137 1955 152 ὁ

347 229 455 258 mantili
467 238 498 259 ac
511 231 649 267 cingeret.
669 235 698 260 et
718 239 816 269 aquam
831 234 988 265 infundet-et
1002 237 1031 264 in
1046 237 1131 284 laliel-
1144 239 1168 268 Α
1181 247 1188 265 ιι

1144 239 1237 272 Arae.
1262 241 1310 272 καὶ
1337 244 1372 279 τῇ
1392 244 1499 281 ὑπακοῇ
1527 246 1695 283 πληροῦντας
1728 251 1820 279 πᾶσαν
1855 253 1972 284 ἔννοιαν.

348 275 424 308 lum,
445 281 597 313 cunctaque
621 285 763 307 servon
789 288 904 310 munera
927 283 1041 311 subiret.
1063 283 1131 317 Quae

347 320 440 349 omnia
463 321 548 351 Filius
567 323 660 352 studio
684 327 829 360 praestitit,
853 327 945 356 cibum
965 337 1046 357 suum
1069 337 1131 358 esse

347 374 484 397 asserens.
503 373 532 395 ut
546 368 628 397 faciat
642 370 808 400 voluntatem
820 372 910 402 Patris
921 375 954 404 ³⁵.

382 499 465 530 Vens.
481 503 524 530 12.
545 502 689 532 Possessio
706 504 766 534 Filii
779 513 912 536 vocantur
929 510 1086 547 quicunque
1099 512 1126 539 in

344 553 406 575 eum
420 548 551 583 credunt,
575 558 625 578 nec
641 552 777 580 immerito
797 554 906 582 eosdem
931 560 1010 584 antea
1027 557 1126 586 diaboli

344 594 431 628 spolia
453 595 540 623 fuisse
564 596 678 625 dixeris.
700 598 768 626 Cum
793 601 950 636 unigenitus
975 603 1021 631 Dei
1039 603 1126 642 Filius

342 639 461 668 mirabili
477 641 666 672 incarnatione
681 652 731 672 sua
745 653 843 674 omnes
858 647 892 674 ad
915 647 1004 676 Patris
1024 654 1050 678 et
1063 639 1124 678 Filii

343 686 507 720 agnitionem
539 689 701 723 deduxerit,
726 693 760 719 ab
785 694 927 722 erroribus
955 700 981 723 et
1009 697 1125 732 imperio

341 730 441 759 diaboli
454 733 584 762 liberatos
595 755 602 767 ,
619 744 698 769 quem
717 737 812 765 fortem
827 747 889 768 esse
907 746 1034 770 errantes
1048 730 1124 778 prius

342 776 556 811 existimabant,
579 786 654 810 recte
667 791 718 811 nos
744 785 779 812 ab
794 792 827 812 eo
849 787 985 820 possideri
1006 788 1124 817 dicimur

341 824 488 860 participes
506 827 567 861 ejus
580 827 668 856 euecti
680 849 687 861 ,
704 831 821 865 spoliato
836 832 955 867 diabolo,
975 835 1019 861 cui
1035 836 1123 863 inser-

340 871 397 898 vire
411 872 581 900 videbamur.

374 949 439 978 Cn.
457 950 526 983 LIV,
542 951 624 981 Vens.
643 955 668 981 l.
694 955 759 988 Qum
772 965 820 992 per
836 965 994 996 anagogiam
1008 962 1042 990 de
1063 963 1120 990 sin-

338 995 408 1029 gulis
419 997 518 1025 animis
541 999 631 1027 valent
652 1002 694 1028 sui
710 1003 874 1037 incuriosis;
890 1008 1041 1041 praesertim
1056 1017 1120 1037 vero

337 1040 372 1068 de
388 1043 528 1072 vocatione
540 1047 659 1080 gentium
681 1056 742 1083 qua:
752 1070 760 1081 ,
786 1040 927 1080 Salvatore
941 1052 1118 1090 adveniente,

338 1089 467 1121 augendae
480 1093 506 1117 et
522 1092 736 1127 multiplicandaa
750 1101 842 1126 erant.

372 1133 454 1162 Vsus.
469 1135 496 1163 Ξ.
515 1136 580 1169 Qua:
594 1139 703 1172 quidem
720 1141 753 1168 ad
771 1142 857 1176 ipsam
878 1142 1028 1173 Jerusalem
1048 1147 1118 1175 refe-

336 1179 437 1212 renda.
461 1185 522 1216 post
544 1184 726 1217 captivitatem
752 1189 920 1223 augendam;
939 1192 1038 1220 rectius
1053 1201 1117 1221 vero

335 1225 370 1252 ad
395 1226 468 1261 ipsas
493 1228 624 1257 ecclesias
651 1233 775 1266 quotidie
796 1234 923 1264 dilatatas
946 1241 974 1264 et
1002 1240 1103 1274 amplili

334 1275 421 1303 calas,
443 1274 635 1303 accedentibus
647 1285 825 1315 quoscunque
839 1282 925 1316 gratia
940 1282 988 1311 Dei
1010 1292 1108 1319 permo

332 1317 420 1349 verit;
446 1318 579 1355 intelliges
601 1322 683 1350 etiam
712 1331 744 1352 ea
775 1326 809 1353 de
837 1317 1114 1364 quacunque—anima

333 1363 440 1398 egregie
453 1365 579 1393 mandata
593 1366 638 1395 Dei
654 1369 819 1404 perﬁciente.

368 1453 451 1484 Vens.
467 1456 494 1484 3.
516 1457 648 1494 Loquitur
665 1461 710 1489 hic
725 1469 807 1492 sensu
830 1467 980 1502 επιβοςὶοο
999 1467 1034 1496 de
1050 1477 1114 1504 gen-

331 1500 420 1534 tibus,
442 1503 477 1530 ab
493 1503 577 1532 lsracl
598 1514 653 1534 non
668 1511 698 1534 ut
713 1515 826 1544 pereant
844 1500 953 1547 quidem
970 1500 1114 1549 possiden~

330 1547 385 1580 dis,
402 1549 450 1576 sed
467 1553 495 1576 ut
511 1558 563 1578 una
580 1551 632 1580 ﬁde
646 1554 790 1583 credentes
804 1564 866 1584 cum
884 1557 946 1593 ipso
961 1547 1112 1591 salveutur.
1126 1571 1149 1601 ο

369 1636 449 1666 Vens.
467 1639 491 1666 7.
510 1640 615 1668 Cuncta
646 1651 676 1670 se
698 1645 769 1672 mala
790 1646 921 1676 oblivioni
944 1650 1109 1680 traditurum

329 1684 441 1713 indicat.
460 1686 505 1713 Sic
524 1688 597 1715 enitn
622 1689 709 1725 inquit
728 1700 734 1718 :
753 1692 918 1723 (Iondouabo
932 1697 1110 1733 negligentias

329 1734 400 1760 tuas.
413 1735 442 1757 ut
454 1733 509 1766 jam
521 1740 574 1760 non
585 1735 701 1769 amplius
717 1736 764 1764 tibi
780 1745 872 1766 earum
888 1742 1047 1770 memoriam
1061 1751 1093 1771 ex

329 1776 465 1809 probrem.
493 1778 565 1812 quod
594 1778 683 1808 facere
699 1782 787 1809 solent
801 1784 847 1818 qui
868 1785 960 1820 lapsas
981 1788 1109 1818 mulieres

328 1820 360 1846 ad
376 1823 481 1856 tempus
498 1823 635 1857 rejiciunt.

364 1865 444 1894 Vens.
457 1868 499 1894 ll.
515 1867 715 1898 luclementiam
730 1873 773 1900 hic
784 1874 1106 1908 declaratChaldazorum.

326 1911 431 1946 Quippe
450 1914 507 1948 qui.
520 1922 618 1943 miluus
633 1924 694 1943 cum
713 1919 883 1953 accepissent
899 1929 914 1948 a
931 1921 986 1949 Deo
999 1924 1108 1952 Israeli-

325 1960 366 1983 tas
384 1963 492 1992 propter
516 1964 628 1994 peccata
656 1962 801 1995 puniente,
825 1972 874 1992 sua
890 1966 971 1993 etiam
995 1969 1107 1998 .Iuidine

324 2004 462 2035 graviores
488 2005 516 2032 in
542 2014 589 2033 eos
613 2014 708 2041 pmnas
727 2010 947 2045 excogitaverunt
973 2017 1000 2041 et
1018 2015 1106 2043 inten-

324 2049 432 2078 derunt.

362 2094 441 2122 Vens.
458 2097 498 2122 17.
514 2096 555 2123 Nil
566 2098 737 2133 profecturos
751 2102 870 2130 hostium
886 2104 1014 2133 incursus
1026 2106 1102 2139 dicit,

322 2140 381 2174 ipso
401 2140 546 2169 Jerusalem
562 2148 735 2179 protegente;
750 2154 804 2174 non
823 2148 896 2175 enim
908 2150 1008 2178 valebit
1022 2159 1103 2180 omne

322 2192 370 2211 vas
386 2186 483 2213 hostile
499 2188 525 2214 in
542 2196 608 2221 vos;
626 2192 781 2227 vosmetipsi
798 2194 972 2228 superabitis.

357 2274 420 2301 Cn.
438 2274 492 2307 LV,
511 2276 593 2304 Vens.
610 2279 637 2305 2.
661 2279 775 2309 Paratus
792 2288 834 2311 est
850 2284 981 2315 Dominus
996 2289 1031 2316 ad
1050 2290 1101 2317 du-

322 2320 423 2348 cendos
436 2321 571 2355 homines.
590 2325 623 2352 ad
640 2334 686 2354 cos
698 2327 775 2355 bonis
789 2329 930 2361 donandos
945 2336 1100 2364 misericors

322 2365 410 2400 Deus;
433 2375 483 2395 nec
502 2369 573 2397 dona
602 2375 766 2407 temporaria
792 2377 871 2405 modo
898 2379 942 2407 hic
965 2388 995 2408 sc
1021 2383 1101 2411 nobis

319 2411 480 2446 largiturum
509 2417 669 2450 annuntiat.
698 2419 744 2447 sed
771 2425 798 2448 et
824 2428 924 2452 :etcma
954 2426 981 2453 in
1007 2429 1097 2462 coelo;

320 2458 386 2484 nihil
399 2459 472 2487 aliud
487 2468 502 2488 a
524 2462 602 2490 nobis
623 2464 769 2499 deposcet,
791 2469 844 2496 nisi
859 2470 981 2499 animum
993 2458 1100 2508 gratum

318 2508 344 2529 et
359 2503 473 2533 docilem
486 2526 493 2538 ,
509 2507 616 2536 docenti
631 2513 845 2542 consentientem
854 2535 861 2548 ,
874 2519 902 2544 et
915 2520 1024 2546 vocanti
1038 2527 1098 2547 cum

320 2553 362 2575 stu
369 2550 379 2560 "
388 2567 389 2570 η
398 2558 410 2577 3
427 2555 646 2587 respondentem.

356 2594 436 2624 Vens.
452 2597 479 2625 3.
497 2599 618 2629 Auribus‘
630 2604 768 2633 attendere
780 2605 843 2634 dum
856 2608 949 2642 jubet,
968 2618 1021 2638 non
1039 2620 1101 2640 sen-

319 2648 365 2668 sus
380 2645 502 2678 corporis
519 2646 659 2676 intendere
679 2650 797 2680 videtur.
815 2653 881 2681 Nam
899 2657 988 2686 oculis
1011 2663 1100 2688 atten—

318 2686 429 2722 dentes.
446 2690 542 2718 iisdem
564 2695 658 2723 audire
677 2705 730 2724 non
753 2700 895 2735 valemus;
915 2711 966 2732 nec
985 2706 1098 2735 auribus

319 2735 487 2770 attendenti,
506 2739 600 2768 iisdem
623 2743 714 2771 videre
740 2745 812 2774 licet.
848 2748 925 2781 Quod
954 2751 1036 2779 etiam
1065 2754 1098 2782 de

318 2782 422 2809 caeteris
451 2787 574 2820 corporis
589 2790 714 2818 sentibus
737 2793 816 2821 valet.
834 2794 894 2828 Quo
912 2803 1022 2826 constat
1035 2807 1096 2828 eum

355 2863 376 2879 "
385 2863 462 2892 Joan.
486 2873 522 2899 ιν,
535 2867 578 2894 34.

1181 285 1328 314 ἀκόλουθον
1346 289 1394 316 καὶ
1414 289 1446 316 τὸ
1463 292 1644 327 περιεζῶσθαι
1658 295 1763 324 λέντιον
1777 297 1824 325 τὸν
1840 299 1972 336 Σωτῆρα,

1180 330 1227 357 καὶ
1252 330 1324 367 ὕδωρ
1348 333 1439 368 βαλεῖν
1465 337 1506 368 είς
1527 338 1574 365 τὸν
1599 341 1736 377 νιπτῆρα,
1759 343 1808 370 καὶ
1829 344 1880 380 τὴν

1180 376 1269 403 πάντα
1285 377 1408 407 δουλείαν
1423 380 1620 414 ἀναδέξασθαι·
1633 376 1678 419 οἷς
1688 387 1756 415 πᾶσι
1767 376 1972 425 γενομένοιςίέ

1179 421 1334 458 προθυμίας
1357 425 1462 459 παιδὸς.
1487 427 1589 464 βρῶσιν
1615 430 1644 458 δέ
1666 421 1840 470 λογιζομένου
1865 421 1972 473 ὑπηρε-

1178 468 1283 496 τεῖσθαι
1295 472 1352 503 τοῖς
1367 471 1414 499 τοῦ
1426 473 1534 509 Πατρδς
1549 474 1694 512 θελήμασι.

1211 515 1385 553 κληρονομία
1404 518 1471 546 Υἰοῦ
1488 519 1612 555 λέγονται
1629 523 1730 558 πάντες
1743 527 1769 553 ot
1789 528 1970 562 πιστεύοντες

1176 561 1217 593 εἰς
1233 562 1324 595 αὐτὸν,
1339 563 1434 601 ὥσπερ
1447 565 1495 592 καὶ
1507 568 1724 605 προγεγενῆσθαι
1739 572 1826 600 σκῦλα
1841 561 1967 608 δικαίωςξ

1175 603 1208 631 ἄν
1223 613 1266 638 τις
1280 607 1352 634 εἰποι
1364 608 1412 636 τοῦ
1430 608 1569 638 διαϐόλου.
1595 603 1703 650 Ἐπειδὴ
1718 616 1808 644 ⁴τοίνυν
1821 619 1836 647 6
1851 603 1968 655 pavore:

1175 650 1224 686 νὴς
1240 651 1304 684 Υίὸς
1322 652 1370 680 τοῦ
1387 653 1455 681 Θεοῦ
1473 657 1506 692 τῇ
1531 655 1674 695 θαυμαστῇ
1697 662 1838 700 οἰκονομίᾳ

1174 695 1331 731 ᾠκειώσατο
1347 699 1388 731 εἰς
1399 700 1450 736 τὴν
1463 702 1571 739 Πατρδς
1581 705 1629 732 καὶ
1641 705 1706 732 Υἰοῧ
1717 708 1827 743 γνῶσιν,
1841 711 1968 740 ἀποσπὼ

1175 750 1224 774 σας
1239 743 1288 778 τῆς
1303 744 1408 781 πλάνης
1420 747 1466 773 καὶ
1479 748 1529 783 τῆς
1541 751 1697 785 τυραννίδος
1711 753 1759 780 τοῦ
1773 755 1897 784 διαϐόλου
1908 779 1916 790 ,
1932 758 1967 786 ὗν

1175 787 1284 824 ἰσχυρὸν
1298 790 1414 825 ἡγοῦντο
1428 790 1497 819 εῖναι
1513 795 1538 820 οἰ
1551 794 1581 821 τὸ
1596 796 1661 831 πρὶν
1674 797 1842 835 πλανώμενοι
1851 811 1859 818 ·
1877 787 1968 838 ἀναγ-

1173 834 1258 866 καίως
1274 835 1386 869 τούτους
1401 838 1654 877 κεχληρονομῆσθαι
1671 834 1774 877 φάσκειν
1791 847 1888 882 μερίδα
1910 834 1965 877 cf;-

1173 879 1218 906 τοῦ
1235 882 1411 916 γεγενῆσθαι,
1434 884 1628 919 σκυλευθέντος
1643 888 1690 915 τοῦ
1704 879 1844 924 δοκοῦντος
1861 894 1965 928 αὐτοὺς

1172 927 1283 960 κρατεῖν
1296 926 1431 955 διαϐόλου.

1206 970 1299 997 Ταῦτα
1323 973 1394 1000 κατὰ
1420 975 1565 1012 ἀναγωγην
1590 979 1638 1006 καὶ
1663 981 1705 1012 εἰς
1729 982 1848 1019 ἑκάστην
1868 984 1962 1023 ψυχὴν

1170 1014 1329 1052 ἐκλητιτέον,
1344 1018 1521 1056 ἁμελήσασαν
1535 1023 1650 1061 ἑαυτῆς·
1664 1026 1695 1053 οὐ
1708 1026 1762 1063 μὴν

1169 1060 1218 1095 τὴν
1232 1061 1327 1098 κλῆσιν
1340 1063 1395 1091 τῶν
1409 1065 1495 1093 ἐθνῶν
1508 1068 1680 1104 αὐξηθέντων
1694 1060 1746 1100 διαί
1757 1060 1959 1111 πληρωθέντων

1168 1107 1222 1134 ἀπὸ
1237 1109 1286 1145 τῆς
1298 1111 1345 1138 τοῦ
1360 1112 1484 1149 Σωτῆρος
1498 1117 1650 1152 παρουσίας

1203 1154 1257 1181 Καὶ
1271 1155 1357 1184 ταῦτα
1371 1158 1416 1184 ἐπ’
1433 1159 1518 1196 αὐτῆς
1531 1162 1580 1197 τῆς
1599 1162 1774 1202 Ἰερουσαλὴμ
1787 1167 1935 1204 ἐκληπτέον
1945 1190 1956 1203 .

1167 1199 1319 1237 αὐξομένης
1349 1203 1418 1238 μετὰ
1442 1205 1493 1241 τὴδν
1514 1207 1716 1242 αἰχμαλωσίαν·
1740 1199 1907 1250 έι-υριώτερον

1166 1244 1209 1271 ἐπ’
1222 1246 1311 1275 αὐτῶν
1324 1248 1379 1275 τῶν
1397 1249 1564 1286 Ἐκκλησιῶν
1583 1255 1719 1291 ὁσημέραι
1744 1244 1955 1295 πλατυνομένιιιν

1165 1291 1212 1318 καὶ
1225 1291 1345 1320 ἐπίδοσιν
1365 1295 1561 1331 λαμϐανουσῶν
1588 1299 1632 1327 διὰ
1659 1301 1712 1328 τῶν
1731 1291 1954 1341 προστιθεμένων

1164 1336 1198 1371 τῇ
1220 1337 1310 1372 χάριτι
1346 1339 1392 1366 τοῦ
1427 1341 1511 1369 Θεοῦ·
1549 1345 1649 1371 νοεῖται
1679 1346 1708 1372 δὲ
1742 1336 1789 1375 διαὶ
1822 1336 1870 1381 εἰς.
1886 1351 1954 1378 ἐκά-

1165 1388 1231 1416 στην
1252 1383 1340 1419 ψυχὴν
1360 1387 1541 1416 συντελοῦσαν
1563 1390 1604 1421 εἷς
1625 1399 1651 1418 τι
1673 1391 1728 1419 τῶν
1750 1393 1802 1429 τῆς
1821 1395 1952 1432 ἀληθείας

1164 1427 1264 1456 καλῶν.

1198 1475 1279 1509 Λέγει
1293 1475 1322 1503 δέ
1335 1477 1383 1504 καὶ
1396 1478 1467 1505 κατὰ
1485 1479 1631 1518 ἀναγωγὴν
1645 1484 1709 1520 τπρί
1720 1484 1775 1512 τῶν
1793 1486 1879 1514 ἐθνῶν
1894 1488 1950 1515 τῶν

1165 1519 1317 1554 μελλόντων
1337 1521 1375 1557 μὴ
1395 1523 1435 1555 είς
1459 1523 1574 1553 θάνατον
1588 1527 1815 1564 κληρονομετσθαι
1837 1531 1884 1559 ὑπ’
1902 1533 1951 1560 αὐ-

1163 1565 1228 1599 τῶν,
1251 1567 1310 1594 ἀλλ’
1342 1569 1382 1600 εις
1416 1571 1591 1608 περιποίησιν
1619 1573 1667 1600 καὶ
1703 1575 1841 1612 σωτηρίαν
1870 1580 1948 1615 κοινῇ

1163 1613 1366 1640 πιστευσάντων
1381 1612 1436 1641 τῶν
1450 1615 1544 1644 ἐθνῶν.

1196 1657 1233 1684 Τὸ
1249 1657 1437 1693 ἀμνησίκακον
1449 1659 1495 1686 τοῦ
1509 1661 1577 1688 Θεοῦ
1592 1663 1638 1690 καὶ
1654 1663 1682 1690 ἐν
1699 1664 1786 1700 τούτῳ
1799 1666 1946 1703 δηλοῦται·

1160 1701 1231 1729 οὕτω
1249 1703 1304 1740 γάρ
1318 1712 1396 1740 φησι·
1413 1705 1587 1743 Συγχωρήσω
1599 1707 1635 1735 τὰ
1652 1701 1877 1747 πλημμελήματὰ
1892 1722 1945 1748 σοι,

1159 1748 1197 1780 ὡς
1213 1749 1280 1784 μηδὲ
1302 1750 1342 1781 εἰς
1364 1750 1516 1787 ὑπόμνησιν
1531 1753 1622 1781 αὐτῶν
1637 1763 1702 1782 ποτε
1722 1757 1832 1785 ἐλθόντα
1849 1760 1946 1787 ὀνειδί-

1161 1802 1205 1820 σαι
1215 1802 1223 1808 ·
1238 1795 1365 1831 καθάπερ
1378 1796 1501 1825 ποιοῦσιν
1514 1799 1538 1826 οἰ
1555 1801 1686 1834 γυναῖκας
1702 1802 1879 1838 ἀμαρτούσας
1889 1805 1947 1832 ϐλί-

1159 1848 1206 1874 γον
1225 1841 1437 1877 ἀπορρίψαντες.

1194 1886 1249 1920 Τῆς
1264 1887 1459 1923 ἀπανθρωπίας
1471 1890 1586 1919 ἐνταῦθα
1598 1896 1788 1931 κατηγορεῖται
1801 1897 1856 1924 τῶν
1872 1898 1946 1926 Χαλ-

1157 1931 1249 1964 δαίων,
1263 1932 1399 1960 λαϐόντων
1419 1935 1469 1970 μὲν
1493 1936 1568 1972 παρὰ
1591 1938 1638 1966 τοῦ
1659 1939 1727 1967 Θεοῦ
1750 1941 1781 1968 τὸ
1801 1942 1944 1979 ἐνδόσιμον

1157 1978 1203 2005 τοῦ
1216 1980 1423 2015 τιμωρήσασθαι
1442 1982 1506 2015 τοὺς
1525 1983 1694 2021 Ἰσραηλίτας
1707 1987 1752 2014 διὰ
1765 1988 1799 2015 τὰ
1814 1978 1945 2026 πλημμε-

1156 2023 1270 2059 ληθέντα
1284 2026 1383 2058 αὐτοῖς,
1401 2028 1471 2062 ἰσχύϊ
1488 2028 1517 2055 δέ
1538 2029 1590 2065 ἰδίᾳ
1611 2030 1796 2068 λογισαμένων
1816 2023 1946 2064 atat-vtin-

1155 2070 1296 2097 τεινόντων
1310 2071 1402 2105 αὐτοῖς
1418 2072 1453 2100 τὰ
1468 2074 1551 2103 δεινά.

1189 2115 1244 2152 Τὴν
1257 2118 1331 2153 παρὰ
1344 2118 1398 2146 τῶν
1411 2120 1548 2156 πολεμίων
1567 2121 1660 2157 ἔφοδον
1679 2124 1728 2160 τῆς
1743 2125 1825 2153 αὐτοῦ
1849 2128 1940 2164 ῥοπῆς

1155 2160 1293 2197 παρούσης
1303 2163 1400 2195 -αὑτοϊς
1421 2165 1595 2201 ἀδυνατήσειν
1619 2167 1710 2202 λέγει’
1726 2169 1785 2196 οὐδὲ
1805 2160 1860 2207 γὰρ

1155 2207 1250 2239 σκεῦος
1262 2209 1408 2244 πολεμικὸν
1425 2211 1529 2246 ίσχύσει
1549 2213 1610 2239 καθ’
1624 2213 1718 2248 ὑμῶν·
1732 2216 1811 2251 ὑμεῖς
1826 2225 1939 2254 περιγι-

1118 2239 1141 2266 Ῐ)
1155 2252 1267 2279 νήσεσθε
1282 2239 1370 2289 ὑμὼν.

1187 2298 1315 2335 Ἕτοιμος
1332 2301 1370 2326 ὢν
1396 2301 1465 2337 πρὸς
1485 2301 1536 2334 τὰς
1553 2304 1684 2339 χορηγίας
1695 2305 1709 2331 6
1724 2307 1872 2342 Δεσπότης.
1888 2309 1937 2336 καὶ

1151 2343 1239 2379 βρύων
1256 2347 1312 2377 τοῖς
1330 2346 1442 2380 ἀγαθοῖς
1467 2348 1481 2373 ό
1505 2347 1692 2384 φιλάνθρωπος
1711 2351 1791 2383 Θεός·
1807 2353 1838 2379 οὔ
1854 2353 1936 2387 μόνον

1149 2390 1204 2426 γὰρ
1222 2391 1255 2417 τὰ
1272 2391 1388 2418 ἐνταῦθα
1411 2392 1501 2426 ἀγαθὰ
1519 2394 1718 2428 ἐπαγγέλλεται
1735 2396 1843 2430 δώσειν,
1867 2398 1936 2427 ἀλλὰ

1149 2436 1195 2462 καὶ
1215 2436 1269 2463 τῶν
1283 2436 1429 2472 μετέπειτα
1445 2438 1561 2466 αἰωνίων
1573 2440 1683 2476 δωρεῶν
1695 2441 1745 2477 τὴν
1762 2442 1912 2471 ἀπόλαυσιν
1924 2453 1931 2460 ·

1149 2481 1224 2508 οὐδὲν
1237 2482 1329 2518 ἕτερον
1341 2483 1452 2510 ἀπαιτεί
1467 2484 1483 2519 ἢ
1501 2485 1660 2521 εὐγνώμονα
1672 2488 1821 2523 ἀκροατὴν,
1834 2490 1934 2517 συναν-

1148 2536 1183 2554 τα
1201 2528 1248 2563 μὲν
1270 2528 1305 2555 τὰ
1325 2528 1469 2564 λεγόμενα,
1485 2532 1687 2567 προστρέχοντα
1706 2533 1735 2560 δὲ
1753 2534 1792 2570 τῷ
1806 2535 1933 2564 καλοῦντι

1150 2572 1209 2607 μετ’
1222 2573 1338 2605 εὐνοίας.

1183 2618 1220 2645 Τὸ
1237 2620 1381 2654 προσέχειν
1395 2619 1462 2647 ὠσὶν
1475 2621 1512 2654 ὠς
1526 2619 1593 2658 ἧκεν
1606 2623 1646 2655 εἰς
1669 2623 1719 2656 τὰς
1734 2624 1783 2651 τοῦ
1805 2625 1934 2660 σώματος

1149 2665 1293 2701 αίσθήσεις’
1311 2666 1488 2694 ἀνακόλουθον
1504 2665 1574 2695 εἶναι
1595 2668 1683 2696 δοκεῖ·
1707 2670 1856 2706 ὀφθαλμοῖς
1877 2672 1932 2708 γὰρ

1147 2711 1336 2746 προσέχοντες,
1358 2712 1413 2744 τοῖς
1433 2713 1525 2746 αὐτοῖς
1541 2715 1589 2742 καὶ
1609 2715 1718 2743 ἀκούειν
1731 2717 1761 2743 οὐ
1776 2717 1930 2753 δυνάμεθα·

1147 2756 1193 2782 καὶ
1218 2756 1284 2782 ὠσὶν
1308 2755 1462 2791 ἀκούοντες,
1483 2758 1587 2791 τούτοις
1615 2759 1724 2794 βλέπειν
1751 2761 1802 2797 οὐχ
1830 2759 1882 2789 οἷοί
1900 2763 1931 2790 τι

1146 2802 1228 2837 ἐσμεν
1240 2811 1248 2818 ο
1263 2802 1364 2837 ὁμοίως
1378 2802 1406 2830 δὲ
1428 2803 1476 2830 καὶ
1498 2804 1545 2831 ἐπὶ
1563 2803 1619 2832 τῶν
1633 2804 1720 2832 ἄλλων
1732 2804 1788 2832 τῶν
1805 2806 1878 2834 κατὰ
1898 2806 1931 2834 τι
