2131 3167
195 199 262 229 1561

907 207 941 236 IN
960 208 1086 237 ISAIAI.

1750 216 1817 245 136!

196 258 289 308 σῶμαΔ
303 259 474 295 αἰσθήσεων·
498 261 537 294 ὡς
562 263 595 289 ὲκ
623 263 717 290 τούτου
740 264 893 293 δείκνυσθαι
920 275 985 303 aut»
998 272 1037 301 Α]

976 281 985 289 -
998 272 1021 301 Α
1036 268 1115 296 nobis
1129 269 1289 302 consulere,
1306 273 1335 296 ut
1352 270 1440 297 oculis
1456 270 1538 297 animi
1554 275 1740 306 attendamus,
1757 275 1817 308 qui-

195 304 332 340 βουλεύειν
355 306 447 339 αὑτοῖς
467 307 612 342 προσέχειν
625 308 696 335 κατὰ
710 310 773 342 τοὺς
795 311 845 345 τῆς
864 310 983 344 διανοίας

195 350 362 387 ὀφθαλμοὺς,
379 351 440 378 καθ’
455 351 502 384 οὓς
517 353 564 379 καὶ
577 354 687 381 ἀκούειν
698 354 809 382 δυνατόν
818 364 825 371 ·
840 357 913 392 ἁπλῆ
926 357 983 391 γάρ

195 404 238 428 τις
249 394 315 423 οὖσα
330 397 348 432 ὴ
366 397 439 433 ψυχὴ
454 398 500 425 καὶ
517 399 654 434 μονοειδὴς
666 399 716 435 τὴν
731 400 821 435 φύσιν,
839 403 889 437 μιᾷ
905 402 984 430 δυνά-

197 450 243 476 μει
259 441 289 468 τό
301 450 331 469 τε
343 443 452 470 ἀκούειν
468 443 515 470 καὶ
531 444 598 480 ὀρᾷν
612 445 752 482 κέκτηται.

237 487 306 514 Ἀλλ’
329 489 394 520 ῖσως
417 491 578 525 στενοχωρεῖ
602 490 684 526 ὑμᾶς,
711 493 758 519 καὶ
782 493 881 520 κωλύει
908 493 983 529 αὐτῷ

197 535 365 569 προσφυγεῖν
380 534 411 561 τὸ
428 533 528 570 πλῆθος
541 535 594 562 τῶν
610 537 750 573 ἁμαρτιῶν
765 538 812 565 καὶ
829 539 859 565 τὸ
878 539 917 570 είς
935 539 984 566 αὺο

196 579 242 606 σὺν
262 580 443 615 ήσιδηκιναιι
460 580 518 608 ἀλλ’
542 582 602 609 ούδέ
620 592 671 610 που
693 584 763 619 μέγα
787 584 901 620 κώλυμα
919 586 983 621 ὑμῖν

197 627 331 658 φανεῖται,
349 626 373 652 ιι
388 626 434 652 τὸν
455 626 537 653 αὑτοῦ
558 627 631 655 ἔλεον
652 628 755 663 ἄφατον
779 630 843 656 ὂντα
867 629 984 665 ἐνθυμη-

196 671 271 708 θῆτε.
285 671 324 698 Οὐ
340 671 391 706 γὰρ
403 672 521 699 τοσαῦτα
539 673 615 699 ἔσται
629 674 705 709 ὑμῶν
719 675 752 701 τά
765 675 848 707 κακὰ,
861 675 899 707 ὡς
911 676 984 711 νικῆ-

198 726 242 745 σαι
255 717 303 744 καὶ
315 718 478 753 ὑπερϐαλεῖν
489 718 537 754 τὴν
553 720 636 746 αύτοῦ
654 720 857 756 φιλανθρωπίαν
869 730 875 736 ·
900 721 984 753 πολὺς

196 764 250 799 γὰρ
270 763 307 790 ὣν
325 765 354 791 έν
375 766 536 800 οίκτιρμοῖς,
553 765 651 801 πολλὴν
673 767 720 793 καὶ
739 767 788 802 τὴν
812 767 908 802 ἄφεσιν
929 767 983 794 τῶν

197 810 339 845 ἁμαρτιῶν
351 811 427 845 ὑμῶν
439 812 597 847 ποιήσεται·
610 812 656 838 καὶ
666 812 753 844 οὓτως
765 813 836 848 ὑμᾶς
848 813 984 849 καθαροὺς

197 854 342 888 ἀποδείξει,
366 856 404 888 ὼς
428 855 494 892 μηδὲ
518 855 591 891 τχνος
613 856 748 889 σώζεσθαι
768 857 824 884 τῶν
844 858 983 894 προτέρων

197 900 275 936 ὑμῶν
287 901 501 938 ἁμαρτημάτων.

1033 314 1085 342 bus
1096 317 1123 342 et
1134 314 1229 342 audire
1241 314 1284 342 fas
1297 317 1338 342 est
1352 325 1360 347 ς
1377 315 1490 351 simplex
1505 316 1578 343 enim
1593 324 1654 344 cum
1668 318 1703 345 sit
1719 322 1816 346 natura

1033 360 1142 388 animus
1160 364 1187 387 et
1209 360 1408 396 incompositus
1420 382 1428 394 ,
1443 368 1496 388 una
1517 362 1667 398 eademque
1689 363 1817 393 facultate

1033 406 1110 433 audit
1125 413 1157 433 ac
1172 406 1255 434 videt.

1068 490 1152 518 Vens.
1166 491 1192 519 7.
1208 490 1362 526 Impediunt
1376 495 1402 518 te
1419 491 1535 519 fortasse
1549 497 1659 526 peccata
1674 497 1720 520 tua
1735 497 1816 528 atque

1033 536 1061 563 in
1072 535 1155 563 Deum
1167 535 1304 571 impietas,
1320 539 1347 564 et
1360 540 1453 563 vetant
1465 544 1500 563 ne
1512 537 1545 564 ad
1558 537 1647 572 ipsum
1661 537 1814 573 confugias.

1033 582 1110 615 Quod
1137 583 1160 609 si
1190 586 1280 610 autem
1309 581 1522 610 misericordiam
1545 582 1605 616 ejus
1629 583 1815 618 perpenderis.

1031 628 1086 662 jam
1102 627 1169 654 nihil
1185 631 1212 654 te
1233 626 1366 662 impedire
1383 627 1502 660 valebit;
1522 635 1576 654 non
1599 628 1671 655 enim
1687 635 1719 655 ea
1736 633 1816 655 erunt

1034 677 1144 708 peccata
1161 678 1218 705 tua,
1232 680 1292 707 quae
1312 672 1506 707 benignitatem
1520 673 1579 707 ejus
1594 674 1705 701 vincere
1719 678 1746 700 et
1770 682 1816 701 su-

1033 726 1128 753 perare
1143 718 1247 753 possint
1260 727 1268 751 ;
1291 718 1392 745 multus
1406 719 1464 753 ipse
1481 719 1507 745 in
1533 719 1732 752 misericordia,
1747 720 1816 750 mul-,

1033 769 1059 791 ta
1086 771 1196 800 quoque
1218 768 1328 799 peccata
1351 764 1488 796 dimittet,
1512 769 1538 791 et
1564 765 1600 792 ita
1626 773 1674 793 vos
1698 766 1815 794 mundos

1033 811 1128 838 elliciet
1144 831 1151 843 ,
1168 815 1198 837 ut
1213 818 1248 837 ne
1263 810 1406 845 vestigium
1428 810 1535 845 quidem
1561 811 1682 846 priorum
1699 810 1814 838 delicto-

1034 864 1095 883 rum
1110 859 1260 883 remaneat.

232 947 287 982 Τήν
300 933 415 979 ἐπίταῆ
434 948 554 980 ἐντολαῖς
570 948 616 975 τοῦ
634 948 717 984 νόμου
732 949 835 976 εὑοδίαν
853 949 982 985 παρέξειν
1000 939 1020 967 Β
1070 945 1073 949 ’

975 959 982 976 ν
1000 939 1020 967 Β
1070 944 1153 972 Vens.
1172 945 1217 972 ll.
1234 945 1382 978 Prosperas
1394 945 1451 974 vias
1463 945 1673 973 observantibus
1687 946 1773 981 legem

197 993 288 1024 αὐτοῖς
302 993 498 1028 ἐπαγγέλλεται
509 994 586 1026 Θεδς,
607 994 686 1029 μόνον
699 995 723 1020 εἰ
739 995 851 1027 ἑαυτοὺς
867 997 984 1032 ἐργάτας

197 1037 287 1065 αὐτῶν
305 1038 390 1070 δεῖξαι
409 1038 593 1073 ἐθελήσουσιν,
609 1039 690 1066 αὑτοῦ
704 1040 885 1075 χορηγοῦντος
909 1041 984 1075 ἰσχὺν

198 1084 266 1118 πρὸς
278 1084 308 1109 τὸ
322 1084 476 1113 ἁπιτελέσαι
495 1083 606 1116 ταύτας.
621 1085 659 1111 Οὐ
679 1085 733 1120 μὴν
749 1085 816 1111 ἀλλὰ
834 1086 880 1112 καὶ
894 1085 941 1121 τὴν
953 1087 985 1113 ὲκ

197 1130 247 1165 τῆς
269 1130 457 1165 αἰχμαλωσίας
479 1130 572 1157 ἄνοδον
591 1129 677 1163 οὕτως
695 1130 784 1163 ἔδοξεν
802 1131 899 1162 αὐτοὺς
922 1132 985 1164 τοὺς

198 1175 329 1208 ἀφιέντας
343 1175 479 1210 τοσαύτην
495 1175 639 1202 ἀναλαϐεῖν
653 1175 807 1211 προθυμίαν
821 1176 869 1212 τῆς
885 1176 986 1203 τούτων

198 1221 352 1255 ἐκπομπῆς,
367 1220 405 1252 ὡς
422 1220 491 1255 μετὰ
506 1220 669 1256 δορυφορίας
684 1221 730 1247 καὶ
741 1221 884 1257 ὀδηγήσειν
896 1230 902 1235 ·
918 1222 985 1257 ὅπερ

198 1265 245 1292 ἐπὶ
257 1265 347 1301 Κύρου
360 1265 406 1292 τοῦ
430 1265 561 1300 βασιλέως
572 1266 684 1302 Περσῶν
699 1266 860 1302 ἐπληροῦτο,
877 1275 986 1302 τρανου-

200 1310 284 1345 μένης
299 1311 348 1346 τῆς
361 1310 409 1336 τοῦ
425 1310 492 1336 Θεοῦ
501 1312 586 1346 ροπῆς
595 1319 602 1326 ·
614 1312 660 1338 καὶ
672 1311 715 1338 ἐπ’
729 1311 817 1338 αὐτῶν
834 1311 887 1337 τῶν
900 1312 985 1347 ὀρέων

198 1356 227 1382 ὲν
254 1357 287 1391 τῇ
313 1356 416 1382 τούτων
439 1357 544 1391 κινήσει
564 1356 612 1391 τὴν
639 1356 798 1391 ἀγαλλίασιν
813 1356 984 1388 δεικνύντων,

199 1401 238 1427 ἔτι
261 1401 314 1437 μὴν
347 1402 395 1428 καὶ
430 1401 517 1428 ἄλλων
541 1402 661 1437 σημείων
691 1402 983 1437 παρακολουθούντων·

199 1446 292 1482 ὥσπερ
322 1446 376 1481 γὰρ
401 1447 447 1473 ἐπὶ
470 1447 520 1482 τὴν
541 1446 643 1482 ἔρημον
669 1447 788 1474 διιόντων
816 1446 952 1482 ὑπεχώρει
967 1448 984 1482 ή

206 1492 322 1528 Ἐρυθρά
332 1492 464 1524 θάλασσα,
487 1492 583 1523 οὕτως,
608 1492 731 1524 ἐξιόντων
747 1492 800 1519 ἀπὸ
816 1493 863 1527 τῆς
885 1493 985 1527 αίχμα-

199 1538 308 1570 λωσίας,
330 1539 474 1574 ἱστορεῖται
493 1538 538 1565 τὸν
555 1539 650 1574 Τίγριν
668 1538 789 1573 ποταμὸν
808 1539 868 1565 ποδὶ
887 1539 984 1570 αὐτοὺς

199 1583 399 1617 διαϐεϐηκέναι,
424 1583 495 1609 καθὰ
523 1584 569 1609 καὶ
590 1585 604 1610 δ
623 1583 768 1618 Ἰορδάνηςν
787 1583 834 1609 καὶ
850 1583 984 1618 τοσαύτην

202 1628 351 1664 μεταϐολὴν
378 1628 413 1655 τὰ
435 1628 486 1664 ὅρη
507 1628 608 1660 λαϐεῖν,
630 1628 691 1655 ἀντὶ
710 1629 759 1662 τῆς
779 1627 985 1663 καταλαϐούσης

201 1674 234 1701 ὲκ
258 1674 312 1700 τῶν
334 1674 470 1710 πολεμίων
499 1674 627 1709 ἐρημίας,
647 1674 685 1706 ὠς
711 1675 758 1700 καὶ
767 1673 883 1710 δένδρων
902 1674 984 1706 ξένων

200 1720 277 1756 παρὰ
300 1719 335 1746 τά
348 1720 412 1747 ὄντα
428 1719 550 1746 ἐκδοῦναι
571 1719 687 1754 βλάστην
697 1728 705 1734 ”
721 1720 766 1746 καὶ
782 1719 831 1755 τὴν
847 1719 893 1746 τοῦ
916 1719 983 1746 Θεοῦ

1034 991 1161 1018 daturum
1186 991 1346 1022 denuntiat.
1363 992 1436 1018 vires
1457 992 1490 1018 ad
1507 991 1671 1026 perﬁcienda
1690 988 1816 1020 mai-data

1033 1041 1167 1071 praestans
1178 1057 1185 1069 ,
1202 1036 1350 1064 dumodo
1368 1037 1436 1072 legis
1450 1036 1568 1068 factm-cs
1589 1045 1618 1064 se
1634 1037 1753 1071 praebere
1768 1045 1815 1065 ve—

1034 1083 1094 1110 lint.
1109 1081 1265 1110 Pmsertim
1281 1090 1346 1110 vero
1359 1082 1410 1110 hoc
1426 1081 1483 1109 Deo
1494 1082 1596 1117 piacuit
1617 1086 1645 1109 ut
1661 1083 1707 1117 qui
1725 1083 1815 1117 captt-
1840 1095 1853 1117 ,;

1034 1129 1142 1157 vitalem
1168 1136 1201 1156 ex
1217 1127 1333 1164 (Egypto
1349 1129 1466 1155 soluturi
1485 1132 1563 1155 erant
1577 1148 1584 1159 ,
1603 1136 1711 1157 summo
1725 1127 1827 1157 studio.

1034 1182 1102 1209 opus
1117 1182 1195 1202 suum
1208 1174 1384 1208 perficerent,
1411 1173 1462 1208 ipsi
1483 1174 1667 1202 lsraelitarum
1683 1175 1734 1202 iter
1749 1174 1816 1201 diri-

1035 1224 1129 1255 gerent
1154 1224 1181 1247 et
1199 1218 1326 1254 praesidio
1342 1223 1492 1246 tuerentur.
1515 1218 1593 1252 Quod
1614 1220 1723 1254 quidem
1736 1240 1744 1252 .
1760 1219 1816 1247 Deo

1031 1264 1159 1298 jubente,
1174 1263 1238 1299 Cyri
1251 1263 1397 1291 Persarum
1412 1263 1483 1298 regis
1496 1271 1546 1298 ope
1563 1263 1665 1291 factum
1676 1270 1733 1298 est;
1746 1265 1815 1299 ipsis

1033 1310 1173 1337 montibus
1187 1310 1221 1337 de
1232 1309 1284 1336 hac
1295 1310 1459 1344 migratione
1470 1310 1687 1342 exsultantibus,
1702 1315 1730 1337 et
1754 1310 1815 1337 aliis

1033 1360 1142 1390 quoque
1159 1354 1355 1390 apparentibus
1376 1354 1473 1388 signis.
1496 1353 1566 1381 Nam
1583 1355 1654 1382 sicut
1675 1354 1813 1382 desertum

1033 1401 1225 1428 accedentibus
1241 1407 1316 1427 mare
1332 1399 1498 1435 Erythrazum
1514 1401 1633 1428 transire
1647 1400 1735 1431 licuit,
1749 1401 1785 1428 ita
1801 1409 1815 1428 e

1033 1447 1190 1481 captivitate
1208 1446 1310 1481 egressi
1333 1445 1416 1473 siccis
1445 1445 1561 1479 pedibus
1587 1446 1687 1474 ﬂumen
1712 1446 1814 1486 Tigrim

1033 1493 1175 1526 traiecisse
1196 1496 1359 1524 narrantur,
1384 1496 1414 1519 ut
1435 1492 1501 1519 olim
1521 1490 1684 1524 Iordanem,
1701 1492 1817 1521 reicitur

1034 1545 1143 1572 quoque
1162 1542 1283 1569 montes,
1299 1538 1332 1564 ab
1348 1538 1473 1566 hostibus
1490 1542 1569 1565 antea
1592 1530 1713 1566 vastatos
1728 1558 1736 1570 .
1752 1542 1801 1566 tun

1012 1607 1019 1616 ,
1037 1590 1051 1609 a
1063 1582 1118 1610 Deo
1131 1582 1216 1610 fuisse
1233 1582 1271 1609 ita
1296 1583 1473 1614 immutatos,
1490 1587 1520 1609 ut
1546 1590 1601 1611 non
1625 1584 1683 1611 suis
1697 1584 1815 1615 tantum.

998 1610 1020 1634 υ
1037 1628 1083 1656 sed
1101 1631 1128 1655 et
1142 1628 1256 1655 exotieis
1272 1628 1418 1657 arboribus
1439 1628 1578 1657 florerent.
1606 1629 1665 1662 Qua
1682 1630 1815 1658 montium

1037 1673 1225 1700 immutatione
1253 1673 1368 1708 benigne
1400 1673 1588 1709 comprobavit
1617 1674 1689 1702 Deus
1719 1679 1818 1702 cuncta

1037 1719 1122 1753 ipsius
1140 1719 1167 1746 in
1184 1719 1309 1747 manibus
1324 1719 1471 1753 contineri,
1488 1724 1517 1747 et
1536 1724 1626 1747 mente
1642 1720 1733 1755 dirigi.

200 1765 342 1801 εὐμένειαν
360 1767 392 1792 ὲκ
413 1766 462 1801 τῆς
483 1766 536 1792 τῶν
553 1765 637 1801 ὀρέων
660 1765 809 1802 μεταϐολῆς
825 1766 978 1801 δειχθῆναι·
999 1765 1036 1797 ὡς
1052 1766 1139 1792 πάντα
1152 1765 1271 1792 συντελεῖ
1285 1767 1324 1798 είς
1332 1767 1381 1802 τὴν
1396 1766 1441 1793 τοῦ
1452 1766 1519 1793 Θεοῦ
1541 1767 1665 1802 δύναμιν,
1695 1767 1742 1794 καὶ
1770 1767 1819 1802 τὴν

200 1812 305 1839 ἐκείνου
323 1813 447 1848 μήνυσιν.

237 1857 274 1885 Οὐ
289 1858 379 1885 τοίνυν
400 1858 491 1893 ὠνητά
510 1858 546 1885 τά
560 1858 635 1893 παρά
652 1858 730 1891 Θεοῦ,
751 1858 820 1885 ἀλλὰ
837 1858 938 1894 προῖκά
956 1867 986 1885 τε

201 1903 249 1931 καὶ
264 1904 348 1941 χωρὶς
363 1905 494 1940 ἀργυρίου
509 1904 596 1931 ταῦτα
619 1903 752 1940 λήψεσθε·
768 1904 828 1930 οὐδὲ
845 1904 899 1940 γὰρ
916 1904 986 1930 οἴνου

201 1949 281 1985 χρεία
309 1951 350 1981 είς
376 1950 501 1985 σπονδὴν,
523 1950 571 1976 καὶ
592 1950 700 1982 στέατος
723 1951 763 1981 είς
780 1950 890 1977 θυσίαν·
908 1950 927 1977 ἃ
941 1951 988 1977 καὶ

201 1994 288 2022 ταῦτα
306 1995 438 2031 ἀργυρίου
461 1995 619 2030 ὠνούμενοι.
636 1995 710 2021 οὐδὲν
723 1995 804 2022 πλέον
815 1995 986 2030 ἁποφέρεσθε

201 2041 242 2073 εις
255 2040 346 2076 ὄνησιν
358 2040 500 2076 iliciva
516 2040 625 2076 μόχθον,
635 2040 672 2076 μὴ
686 2040 770 2068 ὄντων
786 2040 885 2067 ἱκανῶν
897 2040 987 2066 δυσω-

203 2093 241 2122 πη
246 2086 348 2121 μάτων.

243 2129 348 2166 Ὑμεῖς,
370 2130 463 2166 φησὶν.
479 2131 503 2158 οἱ
526 2131 688 2165 ἁλλογενεῖς,
706 2130 730 2157 οἱ
749 2129 789 2166 τῷ
804 2130 864 2166 Θεῷ
879 2131 989 2157 ἀνακεί-

206 2183 292 2210 μενοι⁹
320 2174 368 2202 καὶ
393 2174 464 2202 κατὰ
490 2175 540 2207 τὰς
563 2175 672 2207 ἐντολὰς
694 2175 776 2201 αὑτοῦ
801 2175 931 2209 βιοῦντες,
951 2175 988 2211 μὴ

204 2219 348 2254 λογίσησθε
373 2220 484 2252 ἑαυτοὺς
509 2221 709 2256 μακαριότητος
729 2220 916 2254 ὲπιτεύξεσθαι
941 2221 989 2248 καὶ

1071 1856 1154 1884 Vens.
1177 1855 1219 1883 I5.
1238 1855 1297 1883 Non
1321 1856 1406 1891 igitur
1428 1864 1482 1884 mre
1499 1857 1584 1889 dato,
1609 1857 1656 1885 sed
1684 1858 1768 1892 gratis
1792 1862 1820 1885 et

1035 1903 1095 1931 sine
1121 1902 1237 1938 pecunia
1263 1901 1333 1930 dona
1361 1901 1409 1929 Dei
1430 1903 1659 1937 consequeminit
1689 1910 1743 1930 non
1763 1903 1818 1930 vini

1035 1949 1210 1977 libaminibus
1223 1968 1230 1980 .
1243 1952 1290 1975 aut
1305 1948 1478 1975 victimarum
1489 1947 1569 1982 adipe
1583 1947 1712 1982 indigetis
1727 1957 1733 1980 ;
1757 1950 1819 1983 qui-

1035 1995 1086 2022 bus
1101 1994 1173 2022 enim
1184 2013 1192 2026 .
1220 1999 1247 2022 et
1260 1993 1322 2020 aliis
1338 1993 1426 2028 pretio
1441 1993 1559 2027 emptis,
1579 2000 1634 2020 non
1654 1993 1716 2028 plus
1739 1993 1822 2028 prono

1037 2041 1115 2067 cietis
1127 2059 1134 2072 ,
1148 2048 1229 2074 quam
1247 2039 1388 2067 laboribus
1404 2042 1431 2066 et
1446 2038 1660 2074 defatigatione;
1677 2039 1734 2066 haec
1747 2039 1820 2066 enim

1037 2094 1091 2113 non
1107 2085 1245 2113 sufﬁciunt
1266 2085 1299 2112 ad
1316 2084 1478 2112 ﬂectendum
1497 2083 1581 2111 Deum

1073 2131 1137 2158 CAP.
1153 2130 1220 2161 LVI,
1239 2130 1322 2157 Vens.
1338 2130 1364 2157 5.
1381 2128 1446 2162 \‘os,
1465 2129 1565 2164 inquit,
1579 2129 1738 2164 alienigena:
1751 2149 1759 2161 ,
1774 2129 1821 2163 qui

1040 2176 1093 2203 Deo
1124 2175 1239 2211 appositi
1266 2175 1354 2207 estis.
1381 2177 1408 2202 et
1433 2174 1465 2201 ad
1491 2177 1627 2209 praecepta
1656 2174 1716 2208 ejus
1738 2174 1821 2201 vitam

1038 2223 1184 2254 instruitis,
1198 2230 1232 2249 ne
1241 2221 1343 2256 putetis
1359 2229 1405 2248 vos
1418 2220 1613 2248 beatitudinem
1626 2225 1822 2248 consecuturos

204 2264 252 2291 τοῦ
268 2264 369 2300 κλήρου
388 2264 442 2292 τῶν
465 2265 565 2299 ἁγίωνο
580 2264 637 2292 ἀλλ’
648 2265 834 2300 ἐπιστάμενοι,
844 2265 881 2298 ὡς
892 2265 990 2301 τρόπος
1005 2258 1027 2286 1)
1040 2276 1045 2293 ι

978 2274 990 2297 ς
1005 2258 1068 2294 θει
1096 2267 1281 2295 hereditatem
1308 2270 1488 2298 sanctorum;
1514 2265 1562 2293 sed
1590 2265 1642 2293 boc
1674 2265 1819 2298 recordau,

206 2310 279 2344 ὑμᾶς
303 2309 431 2336 συνάπτει
456 2309 495 2345 τῷ
518 2310 651 2346 Ἀϐραὰμ,
673 2311 720 2338 καὶ
737 2311 767 2337 οὐ
791 2311 888 2345 γένους
909 2311 990 2346 ἀγχι-

206 2354 293 2385 στεία.
311 2353 385 2389 ἠθῶν
403 2355 563 2390 ὶπιμέλιιαν
574 2355 705 2388 ποιεῖσθε,
720 2357 767 2383 καὶ
779 2356 839 2392 Θεῷ
855 2356 991 2383 δουλεύειν

207 2400 346 2433 σπεύδετε,
371 2400 419 2427 καὶ
432 2401 462 2427 οὐ
492 2401 755 2438 φυλοκρινηθήσεσθε
769 2402 816 2429 τοῦ
833 2402 928 2437 γένους
937 2402 991 2429 τῶν

206 2444 327 2472 δικαίων.

249 2491 362 2525 Ἐπάγει
384 2491 483 2522 αὐτοὺς
507 2492 547 2523 ιίς
571 2493 734 2528 κατανόησιν
762 2492 806 2519 διὰ
822 2493 924 2520 τούτων
937 2492 992 2519 τῶν

207 2535 263 2566 τοῖς
275 2535 389 2567 δικαίοις
403 2535 586 2572 ὀφειλομένων
596 2537 728 2573 ἀμοι6ὦν.

243 2581 328 2608 Πάλιν
342 2581 374 2607 ὲκ
395 2582 578 2618 προσαγωγῆς
593 2583 633 2614 εις
643 2583 816 2619 συναίσθησιν
827 2583 925 2615 αὐτοὺς
936 2583 991 2609 τῶν

211 2627 282 2655 [δίων
295 2627 536 2663 πλημμελημάτων
557 2629 671 2663 ἀγαγεῖν
694 2629 828 2664 βούλεται,
839 2629 992 2665 φθεγγομέ-

208 2683 270 2706 νους
285 2674 335 2710 μὲν
348 2674 433 2706 άδεῶς
443 2674 511 2701 κατὰ
522 2673 568 2700 τοῦ
585 2674 698 2706 δικαίου,
714 2675 888 2710 ἀπρονοήτως
903 2674 931 2701 δὲ
944 2674 991 2701 τοῦ

211 2718 268 2753 βίου
290 2719 386 2746 τούτου
410 2718 567 2754 νομίζοντας
586 2719 820 2746 ἀπαλλάττεσθαι·
834 2720 992 2752 ὑποδεικνὺς

210 2764 301 2796 αὐτοῖς
327 2764 365 2796 ὡς
393 2765 549 2800 ἠρνήθησαν
564 2764 613 2800 μὲν
625 2765 656 2791 τὸ
674 2765 830 2800 σωματικὸν
846 2763 916 2798 εἶδος
938 2766 992 2793 τῶν

211 2809 297 2843 ἁγίων
307 2818 314 2825 ·
331 2812 365 2845 τῇ
385 2810 414 2836 δὲ
431 2810 485 2838 τῶν
499 2810 607 2846 τρόπων
628 2810 764 2846 μοχθηρίᾳ
776 2811 918 2846 ᾠκείωσαν
930 2812 992 2838 ἑαυ-

209 2855 273 2886 τοὺς
290 2856 394 2890 μοιχοῖς
405 2863 435 2882 τε
448 2855 495 2882 καὶ
507 2855 615 2892 πόρνοις
625 2864 632 2871 ·
650 2855 687 2891 μὴ
698 2855 931 2892 ἀναλογισάμενοι,
943 2857 991 2889 ὡς.

210 2901 288 2928 αὐτοὶ
315 2901 391 2934 θντις
414 2902 551 2936 ἀπωλείας
565 2903 646 2938 ἄξιοι,
667 2903 790 2936 κακίζειν
809 2903 992 2940 ἐπειράθησαν

1038 2313 1112 2348 quod
1127 2312 1248 2340 moribus
1274 2320 1336 2340 cum
1361 2312 1495 2339 Abraham
1523 2311 1743 2346 conjungimini,
1768 2319 1820 2340 non

1038 2358 1146 2394 generis
1164 2357 1344 2393 cognatione,
1371 2365 1478 2384 morum
1503 2364 1597 2384 curam
1618 2358 1719 2393 geratis
1733 2377 1740 2389 ,
1764 2362 1824 2385 stu-

1039 2405 1115 2433 diose
1132 2403 1187 2432 Deo
1204 2404 1376 2436 inserviatis,
1390 2408 1418 2431 et
1438 2412 1492 2431 non
1509 2404 1675 2439 separemini
1691 2411 1705 2430 a
1726 2412 1823 2440 genere

1039 2449 1187 2484 iustorum.

1074 2494 1139 2522 CAP.
1154 2493 1234 2527 LVII,
1249 2493 1332 2522 Vens.
1350 2494 1375 2521 l.
1396 2494 1511 2522 Deducit
1525 2502 1572 2522 eos
1589 2494 1622 2522 ad
1637 2495 1822 2530 paenitentiam

1041 2541 1173 2568 memoria
1189 2541 1324 2568 bonorum
1340 2541 1422 2576 justis
1442 2541 1654 2568 destinatorum.

1077 2586 1160 2614 Vsus.
1185 2587 1211 2614 5.
1240 2586 1361 2614 Ulterius
1385 2594 1550 2622 progressus
1580 2587 1680 2614 iterum
1711 2594 1760 2614 eos
1791 2587 1824 2614 ad

1040 2632 1212 2667 agnoscenda
1243 2637 1353 2668 peccata
1387 2634 1521 2661 adducere
1562 2632 1654 2660 studet
1673 2652 1681 2663 ,
1721 2633 1824 2667 justum

1041 2677 1195 2712 procaciter
1206 2677 1395 2713 increpantes.
1410 2683 1437 2705 et
1450 2686 1511 2705 eum
1538 2678 1696 2705 inconsulte
1720 2678 1753 2706 de
1769 2678 1825 2704 vita

1041 2721 1162 2748 ablatum
1207 2721 1405 2749 existimantes.
1450 2721 1554 2749 Indicat
1586 2730 1634 2750 eos
1666 2729 1825 2757 corpoream

1043 2768 1162 2802 speciem
1178 2771 1336 2795 sanctorum
1353 2768 1504 2803 negavisse,
1524 2773 1552 2796 ct
1567 2777 1673 2796 morum
1692 2769 1826 2805 pravitate

1043 2821 1073 2841 se
1088 2814 1163 2848 ipsos
1187 2813 1390 2840 consociavisse
1412 2821 1474 2841 cum
1499 2813 1630 2842 adulteris
1653 2822 1679 2842 et
1705 2814 1827 2841 meretri-

1043 2859 1130 2886 cibus.
1158 2858 1314 2887 Perditione
1332 2858 1407 2894 digni
1422 2867 1483 2887 cum
1503 2864 1596 2888 essent
1608 2881 1616 2893 ,
1633 2864 1733 2887 temere
1754 2860 1826 2887 viros

1043 2905 1178 2933 lacessere
1205 2905 1296 2934 conati
1315 2910 1380 2934 sunt
1402 2905 1448 2941 qui
1471 2906 1504 2934 de
1521 2911 1596 2935 recto
1610 2913 1706 2935 curare
1725 2909 1751 2934 ct
1775 2905 1826 2932 Deo
