2131 3167
323 175 391 205 1585

897 177 1072 208 THEODOPJ
1082 178 1343 208 HERACLEENSIS

319 232 462 262 intendere
484 233 640 262 ualebant.
669 233 804 262 Idolorum
830 236 951 265 fautores
964 257 972 269 ,
1000 238 1127 273 quibus!

1114 241 1138 270 Α
1154 238 1217 270 τοὺς
1236 237 1283 264 τοῦ
1307 238 1412 264 δικαίου
1444 236 1660 272 ἐπιμελομένους
1675 236 1722 263 καὶ
1748 235 1808 271 Θεῷ
1827 244 1948 271 προσαυ-

319 285 420 315 pueros
439 287 521 314 super
547 285 652 307 montes
666 286 693 308 et
716 286 807 316 petras
825 281 984 310 deferebant
1003 283 1102 310 immo-

319 324 427 358 landos.
444 325 491 353 Dei
509 325 653 353 vindictam
670 328 804 355 vitaturos
819 329 967 363 sperabant

354 459 436 487 Vens.
454 459 496 486 i5.
514 452 618 492 Quibus
633 459 790 486 nominibus
804 459 918 495 benigne
931 460 1002 488 Deus
1016 460 1101 496 signi-

317 506 381 534 ﬁcat
398 513 427 532 se
441 513 502 532 esse
518 504 681 535 Excelsum:
698 504 749 539 ipsi
763 505 835 532 enim
857 510 989 540 quantum
1012 506 1040 533 in
1061 506 1101 535 eis

316 554 394 580 erat.
414 550 495 577 Deum
511 550 640 576 humilem
656 549 801 576 effecerant
811 571 817 582 ,
834 550 913 578 idolis
928 551 1102 578 consentien—

316 596 362 623 do.
379 595 532 623 Pra‘sertim
545 603 609 621 vero
621 599 745 622 sanctum
757 603 786 622 se
798 604 858 623 esse
869 596 1025 628 contendit,
1038 604 1100 623 cum

315 641 354 668 illi
369 649 468 669 nomen
482 642 541 675 ejus
557 640 648 675 pravis
668 641 879 675 cogitationibus
899 646 925 668 et
949 641 1101 669 inhonestis

314 687 446 721 operibus
473 685 658 720 profanarent.
682 685 737 720 Ego
757 694 822 713 vero
843 691 954 714 sanctus
976 695 1052 719 sum,
1074 692 1101 714 et

315 733 418 759 sanctis
433 731 601 767 congaitdco.
615 737 643 759 et
659 736 768 759 sanctos
782 732 904 759 homines
917 732 1014 764 cilicio,
1029 733 1101 761 vires

314 785 409 805 eorum
422 777 546 812 augendo
556 798 563 809 ,
577 781 604 805 ct
617 782 722 805 mentes
736 778 864 812 erigendo
880 778 912 804 ad
926 778 1098 811 sublimiora,

314 824 462 851 dummodo
477 831 507 851 se
522 831 572 858 ope
586 831 646 850 mea
661 823 757 858 dignos
773 822 902 858 praebere,
916 828 942 850 et
954 823 1099 850 contritam

313 868 538 904 bumiliatamque
552 869 715 896 voluntatem
725 873 853 903 praestare
863 868 1021 902 videantur;
1035 876 1097 896 nam

312 915 413 942 talibus
427 923 476 950 ego
492 915 573 942 vitam
588 919 716 942 :eternam
732 914 842 949 largior.

351 1004 431 1032 Vens.
454 1005 497 1032 10.
519 1005 621 1032 Ulcisci
642 1012 675 1032 eo
698 1012 782 1032 sensu
802 1003 875 1031 Deus
893 1003 1004 1035 dicitur,
1025 1002 1098 1038 quod

312 1055 473 1085 peccatores
488 1051 549 1077 ideo
563 1051 643 1078 malis
657 1050 755 1077 alliciat
765 1070 772 1082 ,
787 1054 817 1076 ut
833 1058 862 1078 se
875 1050 990 1084 quisque
1002 1049 1036 1076 ad
1049 1049 1098 1076 bo-

311 1104 375 1123 nam
395 1096 498 1132 frugem
516 1097 648 1132 recipiat;
669 1097 741 1131 quod
763 1096 827 1123 facit
839 1096 909 1124 Deus
920 1115 927 1127 ,
942 1095 1098 1123 misericor-

311 1142 354 1169 dia
372 1143 451 1177 nobis
466 1150 592 1177 parcens.

346 1186 428 1215 Vens.
451 1188 493 1214 17.
516 1188 544 1215 ln
559 1189 626 1222 ipsis
638 1188 718 1216 etiam
733 1189 820 1223 ptenis
831 1187 983 1223 repetendis
994 1187 1097 1215 miseri-

309 1233 430 1260 cordiam
445 1241 522 1261 suam
537 1234 658 1261 declarat
674 1234 759 1267 Deus,
777 1234 841 1260 dum
853 1234 936 1261 multa
952 1237 1095 1268 peccantes

309 1280 405 1314 paucis
421 1279 523 1315 amigit.
958 1293 961 1297 ~

344 1325 408 1353 CAP.
426 1325 523 1358 LVIII,
541 1324 624 1353 Vens.
638 1326 663 1353 1.
679 1325 743 1353 Rem
758 1325 852 1353 leviter
865 1325 1094 1361 perpendentibus

308 1371 395 1399 laetari
416 1372 544 1399 videntur
564 1372 638 1407 impii
660 1373 687 1399 in
709 1372 896 1407 voluptatibus
915 1373 993 1405 suis;
1016 1377 1043 1398 at
1066 1373 1093 1399 in

308 1418 368 1446 dies
389 1418 423 1445 ad
440 1418 586 1453 perniciem
604 1419 715 1452 propius
729 1418 904 1449 accedentes,
921 1426 984 1444 vera
1001 1418 1093 1445 laetitia

308 1466 422 1495 carent;
438 1470 492 1489 non
509 1463 580 1490 enim
598 1467 639 1490 est
655 1463 707 1489 alia
722 1463 813 1489 latitia
832 1466 929 1496 praeter
942 1470 1001 1490 eam
1012 1483 1019 1495 ,
1033 1471 1093 1497 qua:

307 1516 358 1544 per
373 1508 480 1536 labores
499 1513 525 1535 et
544 1508 732 1536 lribulationes
744 1508 828 1535 vitam
843 1512 971 1535 aternam
997 1515 1093 1542 opera-

306 1559 362 1582 tur.
380 1554 450 1582 Iusti
466 1559 554 1581 autem
570 1562 633 1582 vera
647 1555 737 1582 laetitia
753 1555 910 1589 replentur;
929 1555 1028 1589 quippe
1045 1555 1090 1589 qui
1105 1572 1127 1603 ο

306 1608 389 1636 opere
410 1608 442 1628 ea
463 1601 606 1635 perﬁciunt
619 1608 678 1635 qua:
693 1601 851 1629 intendunt.
868 1605 895 1627 et
910 1600 970 1628 ideo
985 1600 1090 1635 placida

306 1650 398 1673 mente
413 1645 541 1672 fruuntur
556 1653 588 1672 ac
602 1645 757 1680 tranquilla.
1061 1650 1064 1651 '

343 1733 424 1761 Vens.
441 1734 468 1761 9.
484 1734 549 1766 Qum
560 1734 668 1768 quidem
684 1734 838 1760 hominibus
851 1733 1002 1768 peragenda
1015 1737 1088 1766 sunt,

306 1780 390 1807 vitam
406 1787 483 1807 suam
499 1784 526 1807 et
542 1787 631 1806 mores
648 1787 712 1806 suos
728 1784 800 1807 recte
815 1780 1022 1807 instruentibus.

340 1825 405 1852 CAP.
425 1824 499 1857 LIX,
522 1825 602 1852 Vens.
619 1826 644 1852 5.
666 1825 799 1860 Pleraque
817 1825 1009 1857 consiliorum,
1030 1833 1090 1860 qua:

306 1871 396 1899 verbis
417 1871 500 1898 locuti
526 1876 606 1903 sunt,
633 1876 663 1899 ut
685 1879 735 1899 ova
757 1871 881 1906 aspidum
895 1872 1016 1899 nondum
1031 1880 1089 1898 ma—

304 1919 366 1943 tura
378 1937 385 1946 .
403 1921 449 1943 aut
464 1917 516 1944 tela
531 1924 636 1944 araneae
651 1924 711 1952 quae
733 1918 834 1944 nullius
856 1926 923 1945 usus
946 1923 1006 1949 est,
1028 1918 1088 1952 plus

304 1960 396 1988 damni
409 1961 523 1989 aderunt
536 1969 617 1996 quam
633 1962 766 1990 utilitatis.
781 1963 859 1995 Quod
875 1964 898 1990 si
913 1967 1004 1990 autem
1019 1963 1089 1990 forte

304 2014 335 2034 ea
346 2027 353 2038 ,
369 2007 444 2034 velut
460 2007 515 2034 fota
526 2027 533 2038 ,
550 2014 634 2041 opere
646 2007 805 2042 perﬁcient,
823 2016 913 2035 nonne
927 2009 1025 2036 merito
1041 2016 1088 2036 eos

303 2059 367 2079 cum
382 2052 539 2079 hominibus
554 2051 693 2079 conferres
703 2072 710 2083 ,
726 2060 806 2079 ovum
821 2053 923 2087 aspidis
938 2053 1089 2088 frangenti-

304 2098 371 2127 bus,
386 2104 413 2124 et
427 2097 453 2124 in
468 2105 500 2124 eo
516 2097 639 2131 regulum
664 2098 885 2132 reperientibus?
908 2097 959 2130 Qui
983 2099 1089 2126 scilicet

303 2139 401 2174 anguis
417 2144 458 2167 est
473 2145 623 2167 venenatus
637 2145 664 2168 et
680 2141 845 2169 mortiferus.

1156 282 1282 316 ἔχοντας·
1305 280 1424 313 είδώλοις
1448 281 1503 317 γὰρ
1517 279 1738 316 προσκυνοῦντες,
1768 280 1816 307 καὶ
1837 280 1945 309 sum

1155 323 1339 358 προσάγοντες
1367 323 1402 351 τὰ
1427 325 1530 351 ἑαυτῶν
1551 324 1634 351 τέκνα
1656 324 1696 354 εἰς
1723 323 1830 358 σφαγὴν
1845 323 1890 350 ἐπί
1907 331 1943 351 α

1152 369 1206 396 τῶν
1217 369 1304 404 ὀρέων
1318 370 1364 396 καὶ
1379 370 1433 396 τῶν
1450 370 1566 406 πετρῶν,
1586 370 1636 405 τὴν
1648 369 1695 397 τοῦ
1711 369 1778 396 Θεοῦ
1791 369 1869 404 δίκην
1880 369 1942 396 διο.

1153 413 1265 448 φεύγειν
1281 414 1481 449 ύπελάμὸανον.

1187 459 1237 486 Διὰ
1248 459 1350 486 τούτων
1367 459 1434 486 ὅλων
1450 459 1504 486 τῶν
1518 460 1657 495 ὀνομάτων
1673 461 1690 496 ἡ
1706 459 1753 487 τοῦ
1769 459 1837 486 Θεοῦ
1852 459 1938 495 εὐμέο

1152 514 1210 532 veta.
1222 505 1358 540 δηλοῦται,
1374 506 1414 533 ὅτι
1429 514 1459 533 τε
1477 505 1587 540 ὕψιστός
1600 508 1672 533 ἐστιν
1683 515 1691 522 ·
1703 507 1727 533 εί
1737 506 1793 539 καὶ,
1804 506 1866 533 ὅσον
1881 504 1937 542 ἦκα

1150 549 1181 575 τὸ
1203 549 1292 576 αὐτῶν
1306 550 1399 585 μέρος,
1423 550 1548 577 ταπεινὸν
1555 553 1730 586 πεποιήκασι,
1746 551 1937 586 συγκρίνοντες

1151 595 1269 627 εἰδώλοις
1291 604 1321 622 τε
1346 595 1393 622 καὶ
1421 595 1562 630 δαίμοσιν
1579 595 1610 621 οὺ
1631 596 1683 631 μὴν
1702 595 1771 622 ἀλλὰ
1786 595 1833 622 καὶ
1843 595 1933 630 ἅγιος,

1150 641 1253 668 τούτων
1270 640 1454 676 βεϐηλούντων
1472 640 1503 667 τὸ
1518 640 1600 668 αι’)τοῦ
1615 641 1700 675 ὄνομα
1709 643 1807 673 κακαῖς
1817 641 1935 677 ἔνθυμή-

1152 695 1211 713 σεσι
1225 687 1272 714 καὶ
1287 687 1416 723 πράξεσιν
1428 687 1458 713 οὐ
1476 687 1585 718 καλαῖς”
1599 687 1656 713 ἀλλ’
1669 688 1743 722 ὅμως
1761 688 1841 719 αὐτὸς
1855 688 1934 722 ἅγιος

1151 731 1188 759 ὢν
1201 733 1248 759 καὶ
1259 733 1347 766 ἁγίοις
1361 733 1474 768 χαίρων,
1491 733 1633 764 κάκείνους
1653 732 1782 767 ἁγιάζων,
1796 734 1933 769 ἐπιρρων-

1151 777 1198 808 νὺς
1212 777 1302 804 αὐτῶν
1313 777 1361 813 τὴν
1374 777 1489 813 δύναμιν
1500 797 1508 810 ,
1525 778 1573 804 καὶ
1591 778 1704 814 ἐγείρων
1718 779 1807 805 αὐτῶν
1821 779 1854 806 τὰ
1867 788 1935 816 φρο-

1151 822 1270 856 νήματα,
1297 822 1375 857 μόνον
1405 823 1429 849 εί
1453 822 1602 857 φανείησαν
1630 823 1742 854 ἑαυτοὺς
1768 824 1932 859 παρέχοντες

1150 869 1251 901 ἀξίους,
1262 869 1308 896 καὶ
1320 869 1370 905 τὴν
1386 869 1488 897 ἑαυτῶν
1503 869 1609 904 θέλησιν
1615 869 1766 900 δεικνύντες
1777 877 1934 906 συντετριμ-

1113 909 1135 936 Β
1151 915 1233 950 μένην
1246 915 1293 941 καὶ
1314 909 1552 950 τεταπεινωμένην
1562 924 1569 930 ·
1589 915 1635 942 καὶ
1653 914 1707 949 γὰρ
1723 915 1772 941 καὶ
1783 913 1855 950 ζωὴν
1865 915 1933 943 αἰώ-

1149 966 1204 984 νιον
1213 959 1270 989 τοῖς
1281 957 1411 990 τοιούτοις
1424 960 1580 994 χορηγήσω.

1192 1003 1313 1032 Ἑκδικία
1329 1005 1358 1031 δὲ
1369 1005 1415 1032 καὶ
1428 1006 1487 1032 κατ’
1503 1005 1582 1032 ἄλλον
1596 1005 1696 1041 τρόπον
1708 1005 1827 1039 λέγεται,
1839 1005 1869 1032 τὸ
1883 1012 1932 1033 1m

1147 1051 1337 1087 ἁμαρτάνοντα
1349 1050 1531 1087 παραδοθῆναι
1547 1050 1716 1086 σκυθρωποῖς
1729 1051 1797 1086 πρὸς
1807 1050 1839 1077 τὸ
1848 1050 1932 1078 αὐτόν

1146 1104 1206 1122 τινα
1229 1095 1295 1130 παρ’
1319 1095 1415 1122 ἑαυτοῦ
1444 1094 1635 1130 παιδευθῆναι·
1656 1095 1742 1122 ταῦτα
1761 1096 1834 1122 ποιεῖ
1851 1094 1929 1128 θεὸς,

1147 1140 1333 1176 φιλανθρωπίᾳ
1348 1140 1504 1176 φειδόμενος
1518 1137 1565 1167 τοῦ
1582 1141 1714 1176 ἡμετέρου
1731 1141 1834 1175 γένους.

1180 1185 1235 1221 Τὴν
1267 1186 1471 1222 φιλανθρωπίαν
1487 1186 1584 1213 ἑαυτοῦ
1602 1187 1617 1212 ό
1634 1186 1701 1218 Θεὸς
1713 1187 1760 1214 καὶ
1773 1187 1801 1214 ἐν
1814 1187 1875 1218 ταῖς
1889 1195 1931 1213 τι-

1147 1232 1263 1266 μωρίαις
1277 1231 1452 1263 ἐνδείκνυται,
1461 1231 1540 1266 ἡμῶν
1552 1232 1600 1266 μὲν
1609 1231 1692 1258 πολλὰ
1706 1232 1927 1267 ἁμαρτανόντων,

1144 1277 1226 1312 αὑτοῇ
1236 1277 1264 1303 δὲ
1279 1277 1356 1311 ὀλίγα
1371 1277 1552 1308 παιδεύοντος,

1176 1322 1236 1348 Κᾶν
1260 1322 1314 1358 γὰρ
1340 1324 1364 1349 οἱ
1387 1323 1494 1354 ἀσεϐεῖς
1511 1323 1550 1357 τῷ
1565 1322 1652 1349 δοκεῖν
1668 1323 1766 1350 δοκῶσι
1781 1323 1884 1358 χαίρειν
1897 1324 1929 1350 ἑν

1143 1370 1203 1400 ταῖς
1228 1369 1332 1395 ἑαυτῶν
1360 1369 1466 1404 ἡδοναῖς
1491 1368 1661 1404 τρεφόμενοι,
1686 1369 1754 1396 ἀλλά
1785 1368 1859 1404 γὀὖν
1887 1370 1929 1402 εις

1143 1413 1279 1445 ἀπωλείας
1306 1414 1382 1446 τέλος
1405 1415 1645 1450 καταστρέφοντες,
1674 1416 1704 1441 οὐ
1725 1415 1775 1450 τὴν
1800 1414 1929 1451 ἀληθινὴν

1142 1459 1228 1494 χαρὰν
1259 1459 1400 1495 χαίρουσι·
1417 1459 1483 1494 μόνη
1512 1459 1565 1495 γὰρ
1593 1459 1695 1494 κυρίως
1710 1459 1744 1486 ἂν
1763 1459 1805 1494 εῐη
1825 1459 1927 1495 χαρὰή

1143 1505 1174 1530 ὲκ
1191 1505 1320 1538 καμάτων
1346 1513 1375 1531 τε
1401 1505 1447 1531 καὶ
1467 1504 1583 1539 ολίψεων
1595 1504 1667 1540 ζωὴν
1680 1503 1787 1531 αἰώνιον
1799 1513 1928 1540 πραγμαο

1142 1550 1284 1585 τευομένη.
1303 1549 1382 1576 Ἀλλὰ
1400 1551 1447 1576 καὶ
1459 1551 1546 1586 χαρᾶς
1559 1550 1609 1584 τῆς
1620 1550 1749 1585 ἀληθινῆς
1760 1549 1928 1585 πληροῦνται

1142 1595 1166 1620 οἱ
1186 1594 1454 1629 δικαιοπραγοῦντες,
1467 1596 1506 1626 εἰς
1522 1595 1600 1629 ἔργον
1619 1595 1711 1626 αὐτοῖς
1723 1594 1928 1630 προχωροῦντος

1140 1639 1186 1666 τοῦ
1201 1640 1313 1672 σκοποῦ,
1332 1641 1379 1667 καὶ
1393 1641 1530 1677 ἁταράχου
1552 1642 1684 1677 μενούσης
1705 1642 1753 1676 τῆς
1766 1641 1864 1677 ψυχῆς,
1878 1641 1927 1668 καὶ

1140 1685 1300 1720 γαληνιαζοὺ
1305 1695 1353 1722 σης
1368 1687 1397 1712 ἐν
1412 1687 1505 1721 ἑαυτῇ.
1591 1698 1595 1701 ν

1174 1731 1229 1757 Καὶ
1241 1731 1328 1758 ταῦτα
1355 1731 1539 1767 ρυθμιζόντων
1551 1732 1650 1764 αὐτοὺς
1674 1732 1788 1767 εἰςβὶον
1810 1733 1857 1758 τὸν
1882 1733 1927 1759 ἑν-

1140 1776 1246 1812 άρετον,
1261 1778 1307 1804 καὶ
1321 1777 1430 1812 τρόπων
1443 1778 1578 1813 εὐθύτητα
1593 1778 1745 1813 ὑφηγεῖται.

1175 1822 1215 1848 Τὰ,
1227 1822 1280 1858 γὰρ
1297 1822 1409 1850 πλεῖστα
1423 1823 1476 1850 τῶν
1485 1824 1700 1859 ὲπιθυμημάτων
1710 1823 1799 1851 αὐτῶν
1812 1820 1850 1851 ὧν
1862 1831 1927 1850 συν-

1140 1867 1264 1900 ελέξαντο
1287 1867 1380 1903 ὥσπερ
1404 1868 1446 1894 ὠά
1466 1869 1586 1896 ἀσπίδων
1597 1869 1809 1904 ὰτελεσφόρητα,
1825 1869 1872 1895 καὶ
1886 1868 1927 1900 ὡς

1141 1912 1214 1944 ἱστὸς
1225 1912 1347 1948 ἀράχνης
1366 1914 1406 1944 είς
1423 1913 1499 1940 οὐδὲν
1512 1915 1644 1941 συντελῶν
1658 1915 1743 1949 μένει,
1760 1913 1860 1949 βλάϐην
1872 1915 1926 1940 αύ-

1138 1958 1194 1988 τοῖς
1209 1957 1307 1992 μᾶλλον
1321 1958 1392 1993 ἥπερ
1405 1957 1540 1992 ὠφέλειαν
1556 1956 1694 1994 φέρονταό
1710 1959 1735 1985 εί
1748 1959 1778 1985 δὲ
1794 1959 1841 1985 καὶ
1855 1967 1926 1993 συμμ-

1139 2002 1202 2037 ϐαίη
1216 2003 1319 2034 ταύτας
1330 2003 1379 2034 τὰς
1402 2003 1506 2036 ἑννοίας
1527 2004 1619 2040 ὥσπερ
1629 2004 1871 2039 διαθερμανθείσας
1882 2005 1925 2037 είς

1140 2049 1252 2083 πράξεις
1263 2048 1408 2084 προκόψαι,
1424 2050 1473 2076 οὐκ
1490 2050 1577 2076 ἔοικεν
1594 2051 1706 2081 ἐκείνοις
1725 2052 1782 2081 τοῖς
1800 2050 1918 2077 κλάσασι

1140 2094 1190 2128 μὲν
1213 2094 1265 2120 ὼὺν
1294 2095 1415 2127 ἀσπίδος.
1434 2095 1590 2130 βασιλίσκον
1613 2096 1642 2122 δὲ
1655 2097 1684 2123 ὲν
1699 2096 1788 2127 αὐτοῖς
1802 2095 1862 2131 (12)
1875 2096 1923 2122 εὐ-

1139 2139 1230 2174 ροῦοι;
1247 2139 1292 2165 καὶ
1318 2139 1383 2166 αὑτό
1406 2140 1465 2166 ἐστι
1491 2140 1592 2167 ίοὸόλον
1608 2141 1655 2167 καὶ
1672 2141 1856 2177 θανατηφόρον
1875 2141 1923 2176 ἑρ-

1139 2185 1228 2211 πετόν.

339 2227 421 2257 Vens.
443 2229 486 2256 10.
507 2229 572 2262 Qua:
587 2229 638 2257 hoc
656 2237 739 2257 sensu
756 2230 872 2265 accipies
887 2240 892 2257 :
910 2232 1086 2266 quemadmo-
1101 2235 1124 2262 ι)

1113 2236 1124 2261 )
1177 2230 1231 2255 Καὶ
1253 2229 1332 2259 τοῦτο
1356 2230 1384 2256 δὲ
1409 2231 1569 2266 σκοπητέον,
1584 2232 1635 2263 ὅτι,
1660 2232 1754 2266 ὥσπερ
1775 2231 1922 2268 ὀφθαλμῶν

302 2273 367 2300 dum
382 2274 449 2300 nihil
463 2281 556 2301 eorum
573 2283 632 2308 quae
647 2276 828 2302 obversantur
843 2284 954 2303 cernere
968 2278 1066 2311 poterit
1077 2299 1083 2310 ,

302 2319 348 2352 qui
365 2319 451 2346 oculis
466 2319 528 2346 licet
545 2319 673 2353 praeditus
691 2320 750 2347 luce
765 2325 856 2352 caret,
875 2327 921 2347 aut
935 2323 980 2356 qui
998 2323 1086 2349 lucem

304 2364 433 2398 adeptus,
448 2364 535 2391 oculis
551 2364 718 2397 destituitur,
744 2366 780 2391 ita
804 2374 914 2394 necesse
937 2372 979 2394 est
994 2372 1023 2394 ut
1040 2368 1085 2402 qui

302 2414 394 2436 mente
407 2409 508 2444 aliquid
522 2410 664 2444 complecti
682 2411 815 2443 voluerit,
831 2413 954 2440 doctrina
967 2413 1086 2441 illustre-

301 2458 345 2482 tur
361 2461 395 2480 ex
407 2452 508 2481 divinis
524 2453 672 2489 Scripturis
687 2455 838 2489 desumpta.

337 2497 420 2526 Vens.
444 2499 487 2527 il.
508 2498 611 2526 Tantus
632 2501 683 2527 erit
703 2501 743 2528 eis
760 2502 875 2536 gemitus
900 2507 927 2529 et
950 2503 1084 2535 ululatus,

301 2549 421 2580 quantus
438 2552 502 2572 urso
517 2545 622 2572 catulos
645 2546 760 2574 amissos
785 2547 906 2581 lugenti;
933 2552 979 2574 aut
1003 2549 1084 2575 etiam

301 2595 420 2626 quantus
435 2591 569 2619 columbae
582 2600 642 2626 quae
656 2596 752 2619 natura
768 2594 897 2620 continuo
912 2594 1013 2621 fremit.

337 2677 419 2706 Vens.
438 2679 481 2706 17.
499 2679 618 2706 Salutem
630 2700 636 2711 ,
652 2687 732 2714 quam
746 2687 841 2715 poenas
854 2683 950 2709 dantes
965 2689 1012 2716 per
1026 2689 1083 2716 pm-

301 2725 440 2754 nitentialn
463 2729 489 2751 et
510 2725 677 2753 docilitatem
702 2727 825 2755 homines
847 2728 898 2754 sibi
924 2732 1082 2762 operantur,

301 2770 439 2804 uisciperc
451 2770 516 2796 dicit
528 2770 610 2797 Deum
623 2791 629 2802 ,
643 2776 668 2799 et
680 2772 751 2800 velut
766 2772 954 2800 indumentum
965 2794 972 2807 ,
989 2781 1082 2801 eorum

335 2855 390 2894 (ιε)
405 2855 495 2887 Potius
511 2858 593 2895 αὐτῷ.

1137 2275 1231 2307 ὄντων,
1260 2277 1284 2302 εί
1310 2276 1347 2312 μὴ
1360 2278 1459 2313 παρείη
1476 2277 1544 2312 φῶς,
1560 2278 1607 2304 καὶ
1627 2277 1716 2312 φωτὸς
1738 2278 1823 2309 δντος,
1841 2279 1866 2306 εί
1881 2278 1922 2314 μὴ

1136 2319 1201 2348 ὦσιν
1212 2322 1344 2357 ὀφθαλμοὶ
1361 2323 1515 2358 βλέποντες,
1539 2323 1668 2350 ἀδύνατόν
1683 2325 1741 2350 ἐστι
1758 2323 1791 2350 τὰ
1808 2324 1922 2351 ὑποκεί-

1138 2375 1205 2401 μενα
1219 2367 1337 2403 καθορᾷν
1348 2376 1355 2384 ·
1375 2368 1462 2400 οὕτως
1476 2368 1583 2404 ἀνάγκη
1602 2369 1648 2395 καὶ
1662 2369 1707 2395 τὸν
1720 2368 1879 2404 βουλόμενόν
1892 2377 1920 2395 τι

1136 2413 1297 2440 διανοεῖσθαι
1313 2414 1386 2445 νοῦν,
1401 2415 1439 2450 μὴ
1447 2415 1479 2441 ὲκ
1491 2415 1545 2441 τῶν
1554 2414 1632 2442 θείων
1643 2415 1758 2450 Γραφῶν
1769 2415 1920 2450 ἀρυόμενον

1137 2459 1241 2494 σοφίαν,
1256 2459 1425 2495 διαμαρτεῖν.

1171 2504 1302 2536 Τοσοῦτος
1325 2505 1353 2531 δὲ
1373 2505 1448 2531 ἔσται
1464 2506 1478 2532 ὀ
1492 2506 1640 2541 στεναγμὸς
1655 2506 1703 2533 καὶ
1718 2506 1736 2542 ἠ
1754 2505 1817 2540 παρ’
1828 2504 1920 2532 αὐτῶν

1135 2550 1252 2585 οἰμωγὴ,
1269 2550 1336 2586 ὅσην
1353 2550 1454 2586 ἄρκτος
1465 2552 1619 2579 ἀπολέσασα
1629 2553 1663 2579 τὰ
1674 2552 1772 2586 ἑαυτῆς
1784 2551 1867 2578 τέκνα
1878 2552 1918 2577 οι-

1137 2595 1234 2630 μώξει*
1251 2596 1280 2622 οὐ
1299 2596 1352 2631 μὴν
1374 2596 1442 2623 ἀλλὰ
1455 2597 1502 2623 καὶ
1517 2597 1663 2634 περιστερὰ
1677 2596 1856 2628 ἀδιαλείπτοις
1867 2604 1918 2631 ipo-

1136 2642 1219 2673 σικῶς
1232 2642 1378 2677 βρύχουσα.

1169 2688 1224 2723 Τὴν
1238 2690 1269 2714 ἐκ
1287 2689 1337 2723 τῆς
1358 2690 1500 2723 μετανοίας
1519 2690 1566 2716 καὶ
1579 2690 1711 2722 συνέσεως
1725 2698 1919 2725 πραγματωδ-

1136 2732 1219 2767 μένην
1237 2733 1373 2767 σωτηρίαν
1390 2734 1446 2765 τοῖς
1466 2733 1858 2770 τιμωρουμένοις.οἱκειοῦσθαι
1872 2735 1918 2762 τὸν

1134 2776 1198 2803 Θεὸν
1228 2777 1337 2812 φάσκει,
1369 2777 1415 2804 καὶ
1429 2777 1567 2805 ἐνδύεσθαι
1591 2779 1685 2814 ὥσπερ
1704 2787 1730 2805 τι
1747 2778 1848 2813 ἔνδυμα
1867 2778 1918 2815 τὴν
