2131 3167
301 182 369 211 156⁵1

881 182 1055 211 THEODORI
1073 181 1333 211 HERACLEENSIS

1853 181 1926 210 1368

300 238 543 273 derelinquendam
575 237 751 272 Jerusalem;
785 246 843 267 nec
868 244 960 267 autem
985 239 1087 267 illumi-
1101 242 1141 271 Λι

1082 242 1123 271 -Λ
1138 249 1229 275 φησιν,
1244 240 1306 267 οὐδὲ
1329 240 1378 275 τὴν
1408 238 1584 276 Ἰερουσαλὴμ
1609 239 1719 267 taxum
1743 238 1827 274 λέγει,
1851 239 1923 267 ἀλλά

299 285 390 312 nanda
414 289 473 312 erat
489 285 522 312 ab
537 292 570 312 eo
582 284 701 320 [propter
713 284 805 311 divina
826 285 861 313 de
886 286 945 321 ipsa
959 286 1086 319 consilia,

298 335 326 359 et
349 331 420 358 dona
443 330 495 366 ipsi
522 330 630 366 largita.
651 330 758 357 Etenim
784 332 995 366 properantibus
1015 339 1085 367 apo-

299 375 378 403 stolis
400 374 581 410 Evangeliurn
601 376 730 411 gentibus
752 376 902 411 praedicare
922 378 1007 412 jussit
1024 379 1086 407 Sal-

298 424 426 452 vator.ut
441 421 474 448 ad
488 429 555 449 oves
572 422 650 457 prius
666 422 748 455 irent,
761 430 822 454 qua:
836 423 977 457 perierunt
988 424 1086 453 domus

298 465 383 493 lsrael
398 467 431 493 ’⁸.

333 554 417 583 Vens.
431 555 458 582 2.
486 555 589 582 Nomen
606 563 706 583 novum
722 556 824 583 dicitur
838 565 936 584 nomen
952 558 1086 587 Christia-

298 609 422 635 norum;
446 602 546 636 stepius
571 602 641 629 idem
672 602 773 630 innuit.
801 602 906 630 Etenim
932 604 1086 639 baptizatus

298 648 435 682 baptismo
450 648 560 679 salutis,
584 652 714 675 renovata
740 652 796 675 tota
816 649 904 683 ipsius
916 650 1084 684 conditione,

298 701 371 720 novo
395 701 504 728 quoque
522 695 634 721 nomine
651 699 766 721 vocatur
784 694 882 722 ﬁdelis.
909 696 1021 724 Judmus
1036 705 1086 724 no-

299 748 361 767 vum
384 740 451 767 illud
477 748 576 768 nomen
604 741 755 776 impugnat.
786 741 863 769 Dicat
888 744 990 777 igitur,
1007 744 1085 778 juxta

297 786 374 814 Isaia:
387 787 557 821 prophetiam
571 807 578 819 ,
605 796 705 815 novum
724 796 822 816 nomen
838 790 919 824 quale
935 790 987 816 sibi
1003 790 1086 817 fuerit

298 831 466 866 impositum.
484 833 519 859 At
533 841 587 859 non
611 833 692 860 habet
709 835 781 869 quod
797 834 909 862 indicet.
926 834 1021 863 Restat
1036 836 1086 870 igi-

297 880 342 903 tur
362 881 392 904 ut
420 885 519 906 nomen
550 878 616 905 illud
640 879 859 907 Christianorum
878 889 977 908 nomen
1005 882 1049 913 sit.
1069 889 1084 908 a

296 922 407 950 Christo
424 923 611 958 desumptum,
625 925 697 959 quod
712 925 769 960 ipse
786 926 865 953 nobis
883 925 1014 954 Dominus
1031 927 1083 954 im-
1100 913 1121 940 Β

296 968 403 1002 posuit.
425 974 518 1003 gentes
535 971 645 997 nomine
663 979 713 998 suo
729 972 887 999 nobilitatis.

336 1013 413 1042 Vens.
431 1015 457 1042 3.
476 1015 513 1042 Ex
531 1017 614 1044 variis
630 1016 743 1045 ﬂoribus
771 1024 843 1046 serta
860 1026 962 1046 corona
975 1024 1002 1047 et
1023 1020 1082 1047 dia-

295 1059 373 1086 dema
391 1061 466 1095 regni
503 1065 604 1089 coetum
630 1064 815 1097 apostolorum
848 1065 1010 1100 designant,
1034 1066 1081 1101 qui

294 1103 478 1133 Ecclesiarum
503 1107 642 1142 principes
664 1108 775 1136 fuerunt
790 1114 816 1137 et
831 1111 912 1137 simul
927 1119 1027 1143 genere
1042 1111 1080 1138 ls-

296 1151 531 1187 raelitaa;quibus
556 1161 656 1181 navum
674 1163 773 1183 nomen
802 1161 864 1191 apte
888 1158 1079 1190 conveniebat,

296 1204 357 1223 cum
385 1205 530 1226 commune
545 1207 632 1234 genus
653 1209 714 1227 cum
729 1202 764 1229 iis
779 1202 922 1230 haberent.

331 1242 413 1271 Vens.
430 1244 456 1271 4.
476 1244 609 1273 Voluntas
624 1252 757 1274 vocantur
784 1250 830 1283 qui
847 1249 895 1276 Dei
912 1250 1079 1277 voluntatem

296 1287 417 1322 faciunt;
436 1298 483 1317 vos
512 1295 539 1318 et
562 1292 675 1327 diligere
704 1293 824 1327 dicitur,
853 1295 925 1322 sicut
953 1296 1080 1323 habitans

293 1335 401 1369 juvenis
418 1343 479 1362 cum
507 1337 623 1373 virgine.
648 1338 705 1365 Hoc
723 1347 787 1366 vero
815 1348 868 1367 non
891 1346 1079 1374 marcentem,

295 1381 342 1408 sed
367 1380 508 1408 florentem
522 1383 708 1411 conditionem
733 1386 894 1420 designans;
912 1395 974 1414 nam
1001 1396 1081 1424 spon-

294 1435 343 1453 sus
354 1434 482 1461 sponsam
499 1429 705 1457 cohabitatione
722 1433 850 1466 protegit.

329 1472 413 1500 Vens.
431 1473 456 1500 6.
473 1473 638 1501 Hodiernam
658 1475 841 1504 Ecclesiarum
857 1480 1080 1508 constitutionem

294 1518 509 1554 indicat;populo
520 1524 577 1547 tota
585 1520 629 1548 die
639 1525 666 1549 et
678 1526 732 1549 tota
741 1527 822 1550 nocte
837 1525 964 1552 mandata
980 1526 1025 1554 Dei
1033 1534 1065 1553 cu
1073 1542 1081 1548 -

294 1565 445 1599 stodieute;
462 1569 519 1594 tota
533 1571 612 1595 nocte
628 1568 788 1597 docentibus
804 1571 970 1605 presbyteris
988 1581 1080 1600 veram
1096 1586 1116 1614 ο

293 1611 328 1638 de
343 1611 398 1639 Deo
409 1612 562 1640 doctrinam
570 1633 579 1647 ,
595 1621 627 1641 ac
638 1613 685 1642 Dei
699 1615 793 1644 laudes
803 1620 830 1643 et
843 1619 1001 1645 memoriam
1012 1620 1083 1647 cele-

294 1657 451 1684 brantibus.

329 1703 394 1730 Cap.
406 1702 497 1735 LXlll,
509 1703 594 1731 Vens.
614 1705 639 1732 l.
656 1704 739 1731 Edom
751 1709 831 1732 vocat
851 1706 921 1734 filios
934 1707 1015 1742 Esau;
1031 1708 1083 1736 Bo-

295 1755 342 1774 soz
354 1747 395 1774 vel
412 1747 497 1775 Bosra
514 1749 613 1775 dicitur
629 1756 694 1776 caro
706 1749 773 1784 (l3).
786 1749 834 1777 Vir
852 1752 934 1785 igitur
948 1753 1000 1780 iste
1019 1761 1080 1781 cum

295 1793 454 1821 fortitudine
480 1799 507 1822 et
539 1794 670 1822 violentia
707 1796 850 1824 vobiscum
873 1797 950 1831 justo
976 1799 1081 1826 calculo

294 1838 421 1874 litigabit,
447 1847 544 1874 poenas
571 1848 585 1866 a
616 1841 694 1868 vobis
724 1847 861 1876 repetens.
883 1842 983 1878 Litigat
1009 1844 1081 1872 Deus

294 1883 366 1911 enim
382 1891 443 1910 cum
467 1884 636 1916 hominibus,
664 1886 776 1920 quando
791 1891 872 1914 vocat
892 1895 940 1915 eos
954 1888 982 1915 in
1004 1888 1080 1922 judi-

294 1929 378 1958 cium.
396 1933 426 1955 ut
450 1929 548 1958 doceat
563 1938 592 1957 se
612 1931 733 1965 legitima
756 1933 877 1959 vindicta
892 1934 943 1965 uti,
966 1941 1017 1961 nos
1032 1942 1081 1961 au-

293 1978 347 2001 tem
365 1974 417 2009 ipsi
441 1978 570 2002 auctores
586 1983 649 2003 esse
672 1977 807 2011 supplicia
822 1978 850 2004 in
870 1986 920 2005 nos
936 1979 1078 2007 inferendi.

293 2018 360 2046 Nam
374 2039 381 2051 ,
399 2020 441 2047 vel
466 2020 614 2048 vindictam
632 2022 745 2057 exigens
761 2042 768 2055 ,
798 2023 890 2050 omnia
914 2025 948 2051 ad
965 2025 1080 2053 salutem

293 2066 375 2093 nobis
391 2067 591 2101 procurandam
616 2068 681 2095 facit
693 2087 701 2100 ,
718 2072 775 2096 uta
791 2070 913 2104 peccatis
929 2079 1079 2104 cessemus,

294 2114 324 2137 at
341 2112 530 2146 paenitentiam
546 2118 658 2147 agentes
681 2114 831 2146 salvemur.
849 2120 898 2143 aut
915 2117 1080 2144 mundemur

292 2165 436 2192 pmnarum
451 2158 565 2193 judicio.
581 2159 615 2185 Et
627 2160 706 2193 paulo
721 2166 799 2194 pou:
816 2162 885 2190 Vere
900 2163 1080 2192 admiratione

293 2204 442 2237 stupebunt
454 2204 613 2239 spirituales
624 2206 740 2234 virtutes
752 2227 759 2238 ,
771 2214 833 2234 cum
848 2208 979 2237 videbunt
993 2210 1077 2238 Deum

1138 285 1185 313 καὶ
1199 285 1301 320 ταύτην
1315 284 1588 320 καταυγασθήσεσθαι
1607 284 1652 311 ὑπ’
1669 283 1751 311 αὐτοῦ
1765 283 1808 311 διά
1825 292 1855 310 τε
1868 284 1924 318 τὴν

1136 328 1205 364 πρὸς
1220 327 1304 363 αὐτὴν
1323 327 1425 354 ἄνωθεν
1441 327 1532 362 σχέσιν
1544 327 1591 354 καὶ
1610 326 1653 354 διὰ
1673 326 1707 353 τὰ
1721 325 1830 353 δοθέντα
1849 325 1923 361 αὐτῇ

1138 371 1240 408 σεμνά·
1256 372 1304 399 καὶ
1326 371 1380 407 γὰρ
1395 371 1450 397 τῶν
1465 371 1620 399 ἀποστόλων
1640 370 1805 398 σπευδόντων
1820 370 1860 402 εἰς
1884 369 1924 396 τὰ

1136 418 1199 454 ἔθνη
1216 418 1246 444 τὸ
1263 418 1393 453 κήρυγμα
1408 417 1562 451 ἐξαγαγεῖν,
1576 419 1591 445 ὁ
1615 417 1709 452 Σωτὴρ
1727 417 1856 452 πρότερον
1869 417 1924 443 αὒ-

1135 465 1198 496 τοὺς
1220 463 1355 490 ποιεῖσθαι
1375 463 1406 489 τὸ
1427 464 1559 499 κήρυγμα
1579 463 1775 500 παρεκελεύετο
1794 462 1861 498 πρὸς
1883 462 1923 489 τὰ

1135 510 1259 545 πρόϐατα
1276 509 1310 536 τὰ
1324 509 1479 537 ἀπολωλότα
1493 510 1566 535 οτκου
1588 509 1706 546 Ἰσραήλ.

1172 557 1276 591 Ὀνομα
1292 556 1382 582 καινὸν
1404 555 1513 589 λέγεται
1530 555 1559 581 τὸ
1573 555 1650 590 ἡμῶν
1664 555 1718 582 τῶν
1731 554 1920 591 Χριστιανῶν⁹

1136 601 1276 637 πολλαχῶς
1299 601 1326 628 δὲ
1341 601 1419 628 τοῦτο
1443 603 1558 627 νοεῖται·
1584 601 1631 627 καὶ
1651 601 1705 636 γὰρ
1727 602 1741 628 ό
1760 600 1923 636 βαπτισθεὶς

1136 649 1277 684 βάπτισμα
1300 649 1430 683 σωτήριον
1452 648 1535 683 ὗνομα
1568 647 1660 682 ἕτερον
1685 647 1865 682 ὀνομάζεται,
1907 648 1923 673 ὁ

1136 696 1240 727 πιστὸς,
1256 695 1425 723 ἀνακαίνισιν
1439 694 1583 729 δεχόμενος
1597 694 1645 729 τῆς
1657 693 1721 729 ὅλης
1735 693 1817 720 αὑτοῦ
1834 702 1922 720 κατα-

1136 743 1266 773 στάσεως.
1291 741 1360 768 Ἀλλ’
1375 741 1389 766 ὁ
1409 740 1534 771 Ἰουδαῖος
1554 739 1668 775 μάχεται
1694 739 1761 775 πρὸς
1776 740 1807 766 τὸ
1825 739 1921 766 καινὸν

1135 789 1213 815 τοῦτο
1231 789 1316 825 ὄνομα
1327 798 1334 804 ο
1359 790 1463 816 εἰπάτω
1480 789 1580 820 τοίνυν,
1603 787 1673 814 κατὰ
1687 787 1796 813 Ἡσαΐου
1810 795 1921 822 προφη-

1134 836 1219 867 τείαν,
1241 836 1327 870 ὄνομα
1344 835 1435 861 καινὸν
1452 834 1576 861 ὲπιτεθὲν
1592 833 1664 868 αὺτῷ
1709 832 1765 859 ἀλλ’
1790 833 1840 859 οὐκ
1861 832 1920 867 ἕλει

1134 881 1233 912 δεῖξαι·
1255 881 1310 916 ἄρα
1329 881 1417 907 τοίνυν
1441 880 1470 906 τὸ
1493 879 1663 916 Χριστιανῶν
1682 879 1771 910 ἐστιν,
1794 877 1848 905 ἀπὸ
1870 878 1921 904 τοῦ

1136 926 1252 962 Χριστοῦ
1268 926 1477 962 γνωριζόμενον,
1504 926 1518 952 ὃ
1543 927 1557 953 ό
1578 925 1679 961 Κύριος
1700 926 1766 960 ἡμῖν
1786 924 1920 957 τέθεικεν,

1135 972 1188 998 ἀπὸ
1201 972 1247 998 τοῦ
1262 973 1361 998 οἰκείου
1378 972 1510 1007 ὀνόματος
1523 972 1661 1007 σεμνύνων
1672 972 1707 998 τὰ
1720 971 1794 1006 ἔθνη.

1175 1019 1222 1045 Ἐκ
1245 1019 1380 1053 διαφόρων
1397 1018 1485 1045 ἀνθῶν
1510 1017 1632 1050 πλακεὶς,
1648 1017 1694 1043 καὶ
1706 1016 1823 1051 διάδημα
1842 1015 1918 1050 βατι-

1134 1065 1207 1096 λείας
1221 1064 1251 1091 τὸ
1262 1065 1354 1099 τάγμα
1370 1064 1423 1090 τῶν
1438 1064 1593 1091 ἀποστόλων
1609 1063 1746 1099 τυγχάνει,
1762 1063 1787 1089 οῖ
1801 1061 1847 1088 καὶ
1863 1061 1921 1088 τῶν

1141 1111 1306 1146 Ἐκκλησιῶν
1320 1111 1506 1146 προήχθησαν,
1522 1110 1597 1142 ὄντες
1611 1109 1680 1136 κατὰ
1692 1109 1770 1143 γένος
1787 1108 1921 1144 Ἰσραηῌ-

1134 1165 1189 1189 ται,
1205 1154 1245 1188 οἷς
1268 1157 1315 1182 καὶ
1330 1157 1434 1191 ἥρμοσε
1456 1156 1487 1182 τὸ
1501 1155 1586 1190 ὄνομα
1609 1155 1639 1181 τὸ
1657 1154 1761 1185 καινὸν,
1776 1153 1920 1180 κοινωνίαν

1133 1202 1224 1237 ἔχουσι
1240 1202 1308 1237 πρὸς
1324 1202 1354 1227 τὸ
1371 1201 1458 1236 γένος.

1168 1246 1279 1282 Θέλημα
1293 1247 1383 1273 τοίνυν
1399 1245 1543 1273 καλοῦνται
1559 1245 1583 1272 οί
1601 1245 1630 1271 τὸ
1645 1244 1751 1280 θέλημα
1772 1242 1855 1270 αὑτοῦ
1870 1251 1921 1269 πε-

1135 1294 1287 1328 ποιηκότες,
1302 1292 1348 1324 οὒς
1367 1293 1412 1319 καὶ
1428 1293 1536 1327 ἀγαπᾷν
1549 1292 1633 1325 λέγει,
1654 1291 1692 1323 ὡς
1710 1290 1839 1317 συνοικῶν
1856 1298 1921 1316 νεα-

1134 1347 1224 1370 ν.σκος
1237 1338 1371 1373 παρθένῳ.
1387 1338 1472 1364 Τοῦτο
1484 1338 1512 1364 δὲ
1527 1338 1557 1365 ού
1581 1337 1683 1373 φθορὰν
1702 1337 1837 1373 σημαίνει,
1859 1336 1919 1362 ἀλλ’

1133 1385 1307 1419 ἀκμάζουσαν
1322 1385 1428 1419 σχέσιν·
1445 1384 1492 1411 καὶ
1508 1384 1562 1420 γὰρ
1573 1386 1651 1420 τηρεῖ
1664 1384 1692 1410 ὲν
1704 1383 1744 1418 τῷ
1760 1382 1920 1418 συνοικέσίῳ

1132 1430 1180 1466 τὴν
1196 1430 1339 1466 παρθένον.

1167 1476 1222 1511 Τὴν
1236 1476 1294 1502 νυνὶ
1315 1476 1480 1503 κατάστασιν
1504 1475 1558 1501 τῶν
1581 1474 1748 1510 Ἐκκλησιῶν
1773 1473 1918 1508 ἐμφαίνειν

1135 1521 1192 1555 μεθ’
1208 1521 1315 1556 ἡμέραν
1327 1529 1355 1546 τε
1368 1521 1414 1547 καὶ
1426 1520 1533 1556 νύκτωρ
1548 1519 1711 1555 μελετῶντος
1725 1517 1771 1544 τοῦ
1786 1516 1850 1543 λαοῦ
1867 1517 1918 1549 τὰς

1134 1567 1241 1598 ἐντολὰς
1257 1566 1303 1592 τοῦ
1317 1566 1383 1592 Θεοῦ
1395 1574 1401 1581 ·
1418 1565 1629 1592 ὲκδιδασκόντων
1645 1572 1674 1590 τε
1691 1564 1786 1597 ἱερέων
1802 1562 1837 1589 τὰ
1852 1570 1919 1597 περί

1133 1612 1199 1638 θεοῦ
1214 1613 1246 1639 δι’
1263 1613 1327 1647 ὅλης
1346 1612 1451 1644 νυκτὸς,
1468 1611 1613 1638 αἰνούντων
1628 1611 1673 1637 τὸν
1690 1610 1792 1646 Κύριον
1805 1610 1853 1636 καὶ
1868 1609 1918 1637 αὺ-

1132 1658 1179 1684 τοῦ
1196 1658 1425 1693 μνημονευόντων.
1800 1654 1803 1658 ’

1173 1704 1262 1739 Ἐδὼμ
1275 1703 1348 1738 λέγει
1364 1704 1427 1735 τοὺς
1440 1703 1514 1734 υῑοῦς
1536 1703 1632 1729 Ἠσαῦ.
1651 1701 1735 1737 Βοσὸρ
1745 1701 1774 1728 δὲ
1795 1702 1854 1737 ἦτοι
1867 1701 1918 1737 τὴν

1132 1751 1251 1786 Βόστραν
1270 1751 1343 1784 λέγει
1361 1750 1421 1776 καθ’
1445 1750 1585 1786 Ἑϐραίους
1606 1750 1704 1786 σάρκα.
1721 1746 1805 1781 Οὗτος
1826 1750 1917 1776 τοίνυν

1131 1797 1145 1822 ὸ
1164 1797 1249 1831 μέγας
1272 1798 1300 1822 ὲν
1325 1796 1396 1831 ἰσχύϊ
1412 1797 1458 1823 καὶ
1479 1796 1642 1831 ἀσύγκριτος
1666 1796 1825 1832 κριθήσεται
1846 1795 1918 1831 πρὸς

1131 1842 1228 1873 αὐτοὺς
1250 1841 1341 1876 δικαίᾳ
1362 1841 1454 1876 ψήφῳ,
1471 1840 1521 1876 τὴν
1538 1842 1598 1868 κατ’
1614 1841 1712 1873 αὐτοὺς
1732 1839 1917 1876 ποιησάμενα-

1132 1886 1265 1912 ὲκδικίαν·
1292 1887 1338 1913 καὶ
1356 1887 1410 1922 γὰρ
1432 1886 1498 1917 Θεὸς
1519 1886 1587 1922 πρὸς
1609 1885 1768 1921 ἀνθρώπους
1794 1886 1916 1920 κρίνεται

1131 1932 1220 1958 καλῶν
1234 1933 1307 1967 ἡμᾶς
1323 1933 1363 1963 εἰς
1385 1932 1485 1968 κρίσιν,
1511 1932 1554 1959 ἴνα
1579 1931 1682 1967 διδάξῃ.
1706 1932 1748 1958 ὅτι
1763 1931 1845 1958 αὐτοῦ
1866 1932 1916 1966 μὲν

1130 1977 1222 2004 δικαία
1237 1978 1253 2013 ἡ
1268 1978 1369 2013 ἄμυνα,
1388 1979 1468 2013 ἡμεῖς
1482 1977 1511 2004 δὲ
1525 1977 1614 2004 αὐτῶν
1633 1977 1713 2004 αἴτιοι
1733 1976 1794 2003 καθ’
1810 1976 1916 2003 ἑαυτᾶν

1131 2023 1313 2058 ἐπισπώμενοι
1326 2024 1375 2059 τὴν
1396 2024 1474 2058 δίκην
1486 2031 1493 2038 °
1522 2023 1602 2054 αὐτὸς
1629 2022 1684 2058 γὰρ
1700 2023 1746 2049 καὶ
1762 2022 1840 2058 δίκην
1865 2023 1915 2049 ὲπ-

1129 2072 1213 2105 ἀγων,
1231 2071 1300 2107 ὑπὲρ
1321 2071 1456 2107 σωτηρίας
1470 2071 1549 2106 ἡμῶν
1564 2070 1653 2097 πάντα
1672 2071 1752 2102 ποιεῖ,
1774 2070 1844 2106 ὑπὲρ
1866 2070 1914 2097 τοῦ

1130 2118 1175 2144 καὶ
1192 2117 1298 2144 παῦλαν
1316 2118 1389 2153 ἡμᾶς
1401 2116 1493 2144 λαϐεῖν
1507 2117 1553 2144 τοῦ
1580 2117 1758 2152 ἁμαρτάνειν,
1783 2117 1799 2153 ἢ
1829 2126 1914 2152 μετα-

1129 2164 1277 2198 νοήσαντας
1291 2162 1419 2197 σωθῆναι,
1438 2163 1453 2199 ἢ
1469 2162 1645 2198 κουφισθῆναι
1668 2163 1697 2188 ἐν
1712 2164 1743 2198 τῇ
1760 2163 1849 2199 κρίσει
1863 2163 1914 2198 τῆς

1129 2209 1272 2243 τιμωρίας.
1294 2208 1346 2233 Καὶ
1365 2209 1427 2242 μετ’
1446 2209 1541 2242 ὀλίγα·
1569 2207 1688 2242 Ἀληθῶς
1702 2208 1756 2244 γὰρ
1774 2208 1914 2243 θαύματος

292 2257 384 2280 suum.
402 2257 464 2276 cum
480 2257 597 2285 corpore
615 2250 644 2277 in
659 2251 745 2279 caelos
760 2253 972 2286 ascendentem,
992 2260 1018 2283 et
1030 2264 1077 2283 ru-
1093 2251 1115 2278 Ι)
1130 2255 1133 2279 1

1072 2251 1115 2278 .D
1130 2255 1322 2289 ὲπεπλήρωυτο
1343 2254 1389 2281 καὶ
1414 2255 1439 2281 1!
1464 2253 1557 2288 νοηταὶ
1577 2254 1722 2289 δυνάμεις,
1744 2254 1845 2290 ὁρῶσαι
1867 2254 1913 2281 τὸν

291 2295 400 2322 bentem
415 2296 557 2330 sanguine,
570 2300 596 2323 et
610 2298 701 2324 crucis
720 2297 893 2333 stigmatibus
905 2301 1076 2335 transfixum;

291 2344 319 2367 et
335 2340 480 2368 victoriam
501 2341 534 2368 de
552 2345 639 2369 morte
653 2342 787 2376 relatam;
804 2348 832 2371 et
853 2345 967 2379 gratiam
989 2347 1077 2374 homi-

290 2387 373 2414 nibus
388 2386 532 2422 largitam;
548 2391 576 2414 et
593 2393 766 2422 peccatorum
788 2391 988 2419 remissionem.
1008 2391 1075 2419 Nam

290 2433 448 2460 hominibus
479 2438 590 2469 propter
605 2439 717 2469 peccata
745 2444 794 2464 sua
816 2441 905 2465 morte
920 2438 1074 2471 damnatis,

292 2477 418 2505 Salvator
432 2484 526 2507 noster
541 2480 599 2514 ipse
622 2488 672 2515 pro
689 2481 767 2509 nobis
789 2487 903 2510 mortem
924 2483 1029 2515 subiit,
1044 2488 1074 2510 ut

290 2523 371 2551 nobis
399 2524 631 2553 immortalitatem
662 2530 832 2560 operaretur.
851 2526 886 2553 Et
902 2527 982 2562 paulo
996 2534 1074 2561 post:

290 2568 367 2601 Quod
383 2568 408 2597 si
428 2570 539 2605 angel0s
557 2571 739 2599 exsultavisse
763 2572 903 2604 audieris,
929 2573 984 2599 noli
1012 2573 1074 2600 illos

289 2614 451 2649 ignorantia;
467 2623 596 2651 arguere;
614 2622 747 2643 noverant
762 2617 833 2644 enim
848 2616 997 2645 Salvatoris
1007 2625 1074 2645 con-

290 2658 351 2686 silia
362 2667 396 2687 ex
410 2667 466 2695 quo
480 2661 507 2687 in
528 2664 629 2688 terram
650 2660 779 2697 delapsus
802 2669 912 2689 carnem
930 2662 1049 2698 suscepit
1064 2671 1071 2696 ;

310 2737 332 2752 ³⁸
343 2736 437 2765 Matth.
454 2746 469 2764 ι
496 2740 520 2766 6.

1131 2300 1232 2325 ἑαυτῶν
1255 2300 1318 2325 Θεὸν
1337 2302 1363 2326 ἐν
1385 2300 1489 2334 σώματι
1514 2300 1553 2331 είς
1576 2300 1705 2336 οὐρανοὺς
1731 2300 1839 2327 ἀνιόντα
1865 2301 1915 2328 καὶ

1130 2346 1246 2379 φέροντα
1269 2346 1297 2370 τὸ
1323 2345 1447 2379 ἐρύθημα
1472 2344 1518 2371 τοῦ
1546 2344 1660 2378 αἳματος
1675 2344 1722 2371 καὶ
1735 2344 1769 2371 τὰ
1790 2344 1914 2380 σύμϐολα

1128 2390 1173 2415 τοῦ
1190 2391 1316 2425 σταυροῦ,
1334 2393 1383 2425 τήν
1407 2400 1435 2417 τε
1460 2390 1529 2417 κατὰ
1548 2391 1595 2417 τοῦ
1616 2391 1730 2417 θανάτου
1753 2390 1842 2426 νίκην,
1866 2399 1914 2418 και

1127 2436 1175 2471 τὴν
1196 2437 1348 2471 ἀνθρώποις
1365 2436 1539 2471 χαρισθεῖσαν
1554 2436 1633 2472 χάριν
1652 2437 1699 2463 καὶ
1713 2436 1809 2471 ἄφεσιν
1823 2437 1915 2472 ἁμαρ-

1127 2483 1201 2508 τιῶν.
1220 2484 1279 2509 Τῶν
1293 2483 1346 2518 γὰρ
1366 2482 1515 2518 ἀνθρώπων
1538 2483 1608 2518 ὑπὲρ
1627 2483 1681 2510 τῶν
1695 2483 1803 2510 οίκείων
1819 2483 1913 2518 ἀμαρ-

1127 2529 1256 2562 τημὰτων
1283 2529 1396 2555 θάνατον
1421 2528 1646 2563 χρεωπτοὺντων,
1671 2530 1685 2555 ὀ
1711 2529 1806 2564 Σωτὴρ
1833 2529 1913 2564 ἡμῶν

1128 2574 1244 2608 ὑπῆλθεν
1270 2575 1350 2605 αὐτὸς
1373 2575 1418 2600 τὸν
1446 2574 1558 2601 θάνατον
1581 2574 1651 2609 ὑπὲρ
1675 2573 1766 2608 ἡμῶν,
1783 2572 1819 2600 ἶν’
1845 2574 1912 2609 ἡμῖν

1127 2620 1274 2646 ἀθανασίαν
1293 2621 1547 2655 πραγματεύσηται.
1565 2620 1619 2647 Καὶ
1634 2620 1697 2654 μετ’
1713 2620 1802 2654 ὀλίγα
1813 2626 1821 2635 ·
1837 2619 1870 2647 Ei
1881 2619 1913 2647 δι

1127 2665 1172 2689 ἐπὶ
1194 2664 1316 2698 ἀγγέλων
1339 2665 1447 2697 ἀκούοις
1479 2666 1516 2697 ὡς
1538 2664 1759 2701 ἑπαπορούντων,
1785 2663 1824 2701 μὴ
1838 2663 1913 2691 hd-

1894 2764 1923 2775 Ia

327 2816 335 2846 (
337 2815 474 2858 .13)"l_ianc
492 2825 585 2846 vocem
605 2826 659 2846 non
672 2826 776 2846 carnem
786 2817 949 2853 signiﬁcare,
967 2818 1013 2847 sed
1022 2819 1127 2854 ﬁrmam
1144 2824 1224 2856 atque
1244 2822 1382 2854 "turritam,
1400 2820 1461 2849 luce
1476 2820 1573 2856 probat
1582 2820 1684 2858 clarius
1699 2818 1728 2848 ε.
1742 2818 1816 2848 Hier.
1831 2824 1910 2849 col.

292 2850 318 2877 in
331 2849 430 2879 Inlilt.
449 2860 504 2880 xvn

1890 2965 1903 2976 ν

1842 2973 2052 3118 L
