2131 3167
215 216 284 247 1309
930 215 963 243 ΙΝ
982 214 1056 243 ιεΑι

1002 214 1113 243 SAIAI.
1775 215 1843 244 1370

216 285 271 309 νοις
285 275 570 313 ἀγνοιαν“προσάγῃς·
595 274 705 311 ᾔδεισαν
720 275 776 311 γὰρ
791 275 825 304 τά
844 276 1002 312 οικονομού-
1016 278 1041 308 Α
1054 285 1057 303 ι

1001 292 1002 295 η
1016 278 1041 308 Α
1054 277 1101 303 sed
1115 280 1142 303 te
1157 274 1301 303 erudiendi
1320 276 1409 311 gratia
1425 282 1458 302 ac
1475 273 1592 302 docendi
1614 274 1673 302 hac
1685 274 1756 302 dicta
1767 280 1842 308 sunt,

217 330 286 358 μενα
311 322 363 349 ὑπὸ
378 321 425 348 τοῦ
443 321 579 356 Σωτῆρος,
597 319 643 354 ἀφ’
661 318 692 348 οὗ
718 321 759 353 είς
781 319 884 359 κόσμον
908 321 1002 357 ιπιδη-
1050 330 1058 349 ι

1001 337 1002 341 η
1050 326 1083 350 ut
1096 321 1189 349 discas
1204 320 1318 356 angelos
1329 327 1440 356 quoque
1451 320 1485 348 de
1501 320 1591 348 salute
1606 325 1700 348 nostra
1715 321 1842 356 gaudere.

217 367 306 403 μήσας
321 367 411 403 σάρκα
426 366 585 402 ἀνείληφεν
607 365 676 393 ἀλλά
689 365 739 401 τὴν
751 365 820 394 ιῐναι
840 366 1003 402 όμμάτωσιν
1050 375 1058 394 ε

1050 375 1083 395 ac
1100 366 1216 395 Domino
1236 367 1433 402 congratulari,
1446 370 1474 394 et
1487 366 1581 394 mirari
1599 367 1672 402 quod
1689 366 1761 394 Deus
1784 375 1844 402 pm-

216 412 263 439 καὶ
275 412 448 440 διδασκαλίαν
464 411 495 438 τὺ
509 411 634 447 πρᾶγμα,
651 411 694 438 ἵνα
718 410 818 447 μάθῃς,
831 411 871 438 ὅτι
887 412 934 438 καὶ
949 412 1001 446 ἀγ·
1051 421 1057 441 1

1051 420 1104 441 nas
1122 412 1244 448 peccatis
1259 412 1363 440 nostris
1378 412 1487 440 debitas
1498 431 1506 444 ,
1522 412 1555 439 ad
1572 412 1660 439 salute
1674 419 1725 440 nos
1749 417 1776 440 et
1794 413 1845 439 im-

215 458 289 492 γελοι
313 458 439 495 χαίρουσι
467 457 514 484 ἐπὶ
543 457 681 494 σωτηρίᾳ,
705 457 753 484 καὶ
777 457 937 494 γεραίρουσι
957 457 1004 483 τὸν
1050 467 1056 486 ι

987 466 1004 483 ιν
1050 458 1217 486 mortaiitate
1255 457 1408 490 donandos,
1440 465 1490 493 pro
1505 458 1584 490 nobis
1596 458 1689 486 subire
1703 458 1828 486 voluerit.

215 504 365 540 Δεσπότην,
386 503 434 530 καὶ
453 501 648 538 θαυμάζουσιν,
670 503 738 529 ὃτιό
751 502 817 534 Θεὸς
832 503 961 538 ἠνέσχετο
977 502 1009 529 τδ
1027 504 1247 539 χρεωστούμενον
1273 503 1428 539 ἀνθρώποις
1455 504 1499 531 διά
1533 504 1583 537 τὰς
1609 504 1699 532 αὐτῶν
1723 512 1844 540 παρανο-

217 549 282 583 μίας
298 547 423 575 ὑπελθεῖν
439 547 508 583 ὑπὲρ
523 547 624 580 αὐτῶν,
639 548 664 575 τν
689 547 783 579 αὐτοῖς
798 548 937 584 σωτηρίαν
960 548 1117 584 χαρίσηται,
1135 549 1286 577 ἀθανασίαν
1300 550 1392 582 αὐτοῖς
1405 550 1598 586 χαρισάμενος.

250 595 335 622 Πάλιν
357 593 474 621 ἐνταῦθα
494 594 525 620 τὸ
548 595 651 629 ἄφατον
674 594 722 629 τῆς
748 594 795 620 τοῦ
817 594 885 620 Θεοῦ
909 594 1004 628 φιλαν‹

216 640 338 676 θρωπίας
363 640 538 675 σημαίνεται·
557 640 619 667 καθ’
645 640 659 667 δ
681 640 817 667 δείκνυται
833 640 914 672 αὐτὸς
937 641 1004 676 ἡμῖν

216 685 398 721 παρεσχηκὼς
425 686 471 713 καὶ
499 686 530 712 τὸ
549 683 618 713 εἶναι
642 685 677 712 δι’
700 686 874 721 ἀγαθότητα,
901 686 948 712 καὶ
972 685 1003 712 τὺ

216 731 348 758 ἐλεεῖσθαι
374 731 418 758 διὰ
442 731 656 767 φιλανθρωπίας,
682 731 720 763 ὡς
748 731 820 758 ίδίων
842 733 1002 767 ποιημάτων

217 775 454 810 ἀντιποιούμενος·
483 776 530 802 καὶ
556 776 617 811 οὐχὶ
640 776 705 812 παρ’
722 776 801 803 ἄλλου
828 777 902 812 ἡμᾶς
923 776 1001 808 δεξά-

219 830 296 857 μενος
311 821 412 856 ἔλεγεν,
427 831 436 847 ι
453 823 508 857 Οὐχ
532 823 546 848 ὸ
566 822 630 853 λαός
653 821 703 857 μού
728 823 785 848 ἐστι
802 822 886 849 τέκνα
903 830 971 857 pou;
995 832 1005 848 ι

216 867 361 900 τουτέστιν,
371 867 439 902 Ἐμά
445 867 572 900 ὅντες,εῑς
579 867 662 894 τέκνα
670 876 720 902 μου
727 867 917 903 λογισθήσεσθε
927 876 934 882 ⁸
941 867 1008 903 ἐμοῦ

216 912 265 947 τὴν
276 913 392 939 διάθεσιν
403 913 452 948 τὴν
468 913 505 944 ὡς
518 913 624 945 τέκνοις
634 912 810 949 ὀφειλομένην
826 913 863 949 μὴ
879 913 1009 940 ἀθετοῦν-

218 966 273 990 τος,
286 959 309 984 εὶ
322 959 368 985 καὶ
383 959 460 994 ὑμεῖς
475 958 632 994 ἀγνώμονες
646 959 710 994 περὶ
725 958 770 985 τὸν
786 959 891 996 ἑαυτῶν
903 959 1009 994 πατέρα

218 1005 372 1040 γεγένησθε.
382 1005 474 1032 Ταῦτα
486 1004 622 1040 δὲῆρμοζε
631 1006 694 1040 παρ’
709 1005 796 1032 αὐτῶν
803 1005 929 1039 λέγεσθαι
940 1005 1008 1040 πρὸς

216 1051 261 1077 τὸν
269 1050 344 1082 Θεὸν,
353 1050 545 1077 οἰκειωθέντων
559 1051 598 1082 είς
611 1050 657 1077 τὸν
667 1050 721 1077 τῶν
731 1050 832 1077 τέκνων
848 1049 1008 1084 κατάλογον.

1090 596 1174 624 Vens.
1184 596 1210 624 8.
1222 596 1329 624 Rursus
1336 596 1381 623 hic
1390 596 1512 624 declarat
1519 603 1600 631 quam
1612 595 1845 623 inenarrabiliuit

1055 642 1101 671 Dei
1109 642 1275 678 benignitas.
1287 642 1418 669 Memorat
1427 641 1499 669 enim
1508 649 1537 669 se
1547 641 1612 668 olim
1622 641 1705 668 vitam
1713 641 1844 668 nobisho-

1053 687 1136 721 uignc
1149 691 1176 714 et
1187 686 1250 714 dein
1269 687 1377 714 veniam
1396 686 1612 713 misericorditer
1629 687 1773 717 tribuisse,
1793 693 1844 714 nos

1053 733 1131 767 quasi
1143 735 1286 759 creaturas
1300 738 1365 759 suas
1382 731 1434 758 sibi
1444 731 1598 759 vindicans.
1617 731 1673 759 Nec
1683 731 1717 758 ab
1731 732 1785 758 alio
1794 738 1844 758 not

1057 777 1196 812 accepisse
1214 776 1396 804 contendebat
1414 785 1442 803 τι
1455 776 1550 804 Nonne
1567 778 1685 811 populus
1701 784 1778 804 meus
1796 776 1843 803 filii

1057 816 1138 850 mei?»
1154 822 1211 850 Hoc
1221 821 1328 855 est,Mei
1339 829 1402 849 cum
1412 822 1536 858 sitis,pro
1546 822 1609 850 ﬁliis
1617 823 1795 855 habebimini;
1807 821 1846 849 af-

1057 868 1130 896 fectu
1144 876 1193 896 vos
1207 869 1382 903 complectar,
1395 876 1450 904 quo
1466 869 1513 896 ﬁlii
1530 869 1658 904 diligendi
1672 874 1746 901 sunt,
1763 870 1842 896 dum-

1056 915 1138 942 modo
1146 923 1194 942 vos
1208 915 1234 942 in
1247 919 1351 950 patrem
1366 918 1487 943 vestrum
1499 915 1761 951 gratoeexbibeatis.
1779 916 1845 949 Qua

1057 964 1148 988 autem
1160 961 1194 988 ab
1203 961 1243 988 eis
1252 960 1307 988 Deo
1316 960 1431 988 dicenda
1439 961 1649 993 erantJlliorum
1662 962 1689 988 in
1700 969 1844 989 numerum

1059 1007 1188 1041 receptis.

252 1106 335 1133 Πάλιν
345 1107 358 1133 ό
377 1107 519 1141 προφήτης
532 1106 581 1140 τῆς
595 1105 711 1141 σχέσεως
735 1106 784 1141 τῆς
801 1106 869 1142 πρὸς
885 1107 931 1134 τὸν
941 1106 1006 1133 λαὸν
1021 1103 1043 1131 Β

1002 1115 1006 1129 ,
1021 1103 1043 1131 Β
1092 1095 1176 1124 Vens.
1193 1097 1236 1124 11.
1254 1097 1362 1124 ιιι-’δυσ
1381 1096 1556 1124 commendat
1581 1096 1715 1132 propheta
1730 1095 1843 1124 allectus

216 1150 264 1178 τοῦ
283 1151 349 1178 Θεοῦ
364 1151 511 1187 γενομένης
526 1152 739 1188 ὑπομιμνήσκει,
757 1152 934 1187 μνημονεύων
947 1152 1002 1178 τῶν

218 1196 248 1229 ΞΕ
263 1197 359 1232 ἀρχῆς,
382 1198 429 1224 καὶ
447 1196 541 1232 ὥσπερ
557 1196 656 1232 ὖποψιν
679 1197 770 1229 αὐτοῖς
785 1197 846 1231 ἀγει
866 1197 905 1232 τῷ
920 1197 1001 1232 λόγῳ,

217 1242 251 1268 τά
267 1243 306 1274 είς
322 1243 384 1274 τοὺς
398 1242 568 1277 πατριάρχας
583 1242 728 1277 γενόμενα.

258 1299 417 1325 Ἐνταῧθαὸ
441 1299 582 1334 προφήτης
602 1299 642 1330 είς
665 1298 715 1334 τὴν
738 1298 821 1334 εὐχὴν
843 1298 1002 1334 μετατίθησι

217 1344 262 1371 τὸν
282 1344 370 1378 λόγον,
385 1344 432 1370 καὶ⁴
456 1344 504 1370 ἀπ’
522 1343 636 1379 οὐρανοῦ
658 1344 801 1379 γνωρίζειν
818 1343 885 1370 Θεὸν
909 1343 981 1375 ἀξιοῖ
992 1351 1000 1357 ⁸

217 1391 265 1426 οὖχ
279 1391 317 1422 ὡς
331 1391 378 1417 τοῦ
393 1391 460 1417 Θεοῦ
473 1392 502 1417 ἐν
516 1391 641 1427 οὑρανοις
651 1391 870 1425 ἀποκλειομένου,
889 1390 936 1419 καὶ
949 1390 1003 1421 ἕως

217 1438 268 1471 γῆς
285 1436 384 1471 φθάσαι
400 1436 437 1472 μὴ
456 1436 617 1471 δυναμένοὴ
632 1436 689 1463 ἀλλ’
704 1436 742 1467 ὡς
764 1435 916 1471 ὶγείροντος
936 1443 1002 1470 φρο-

169 1486 171 1490 ·
217 1482 326 1516 νήματα
343 1481 585 1513 καταπεπτωκότα,
600 1481 647 1508 καὶ
660 1481 700 1512 εις
723 1481 775 1516 γῆν
793 1481 913 1515 ἓρποντα
925 1500 932 1512 ,
957 1481 1000 1507 ἀν-

218 1527 328 1562 άγοντος
336 1529 374 1559 εἰς
382 1528 522 1562 οὐρανοὺς,
532 1527 578 1554 καὶ
591 1526 792 1558 ὲκδιδάσκοντος
803 1526 886 1560 μηδὲν
897 1527 1001 1561 γήϊνον,

219 1571 301 1607 μηδὲν
317 1571 444 1598 ταπεινὸν
462 1572 531 1597 νοεῖν
547 1570 611 1605 περὶ
630 1569 698 1596 Θεοῦ
708 1578 714 1585 ’
731 1569 788 1596 ἀλλ’
802 1569 910 1601 ειδέναι,
928 1569 966 1601 ὡς
989 1569 1004 1596 ὀ

219 1618 305 1653 μέγας
332 1617 405 1648 νοῦς,
428 1617 443 1642 ὁ
466 1616 501 1643 τά
528 1616 616 1643 πάντα
638 1615 757 1650 συνέχων
780 1615 827 1642 καὶ
851 1614 1002 1650 κυϐερνῶν,

217 1663 300 1690 τᾶλλα
312 1662 420 1694 οἰκείως
435 1662 597 1698 γνωρίζεται
612 1661 658 1688 ἀπ’
675 1660 801 1696 οὐρανοῦ.

255 1708 321 1734 Οὐδὲ
338 1708 392 1743 γὰρ
413 1707 459 1733 τὸν
488 1706 612 1742 Ἀϐραὰμ
630 1707 735 1741 εἴποιμι
760 1705 795 1732 τά
817 1704 865 1733 νῦν
886 1706 1001 1741 πατιρα,

217 1755 266 1781 οὐκ
277 1753 440 1789 ἀρνούμενος
454 1753 499 1780 τὸν
513 1753 695 1788 πατριάρχην,
712 1752 769 1778 ἀλλ’
794 1751 831 1784 ὡς
848 1752 948 1787 μᾶλλον
964 1752 1002 1787 τῷ
1015 1764 1036 1793 c

218 1799 276 1835 Θεῷ
289 1798 336 1825 τοῦ
353 1798 454 1833 πατρὸς
465 1797 548 1832 ὄνομα
558 1797 733 1833 ἁρμόζοντος.

258 1856 286 1881 '0
309 1855 451 1890 προφήτης
474 1854 561 1881 πάντα
582 1853 629 1880 ἐπὶ
644 1853 690 1880 τὸν
710 1853 775 1880 Θιὸν
789 1853 930 1889 ἀναφέρει,
951 1853 1000 1889 οὐχ

218 1900 311 1932 ὠςτοῦ
329 1900 396 1926 Θεοῦ
413 1900 500 1927 αἰτίου
515 1900 580 1935 ἡμῖν
593 1899 734 1934 γινομένου
758 1899 804 1926 τοῦ
821 1899 1000 1935 ἁμαρτάνειν,

218 1946 276 1973 ἀλλ’
291 1945 435 1977 ἐνδιδόντος
455 1944 502 1971 καὶ
522 1944 726 1980 συγχωροῦντος
743 1945 834 1971 ἐκεῖνα
857 1944 1000 1980 πράττειν,

218 1991 236 2018 ἃ
250 1991 282 2019 ἄν
296 1999 339 2022 τις
355 1990 480 2026 αἱρῆται·
499 1990 537 2021 ὡς
549 1990 598 2024 τὴν
625 1990 674 2025 μὲν
690 1990 780 2016 αἰτίαν
793 1990 865 2025 ἔχειν
882 1990 912 2023 ἐξ
924 1990 1001 2025 ἡμῶν

219 2036 265 2062 καὶ
283 2037 346 2072 παρ’
369 2035 458 2071 ὴμῶν,
475 2036 525 2071 τὴν
546 2035 575 2062 δὲ
597 2036 735 2072 ἀναφορὰν
749 2036 795 2062 ἐπὶ
809 2036 854 2063 τὸν
874 2036 950 2063 Θεόν.
967 2051 1002 2056 —-

224 2081 268 2113 Ὠς
290 2081 556 2115 ἐγκαταλειφθέντων
570 2081 671 2114 αὐτῶν,
688 2082 734 2108 καὶ
751 2082 787 2117 μὴ
803 2082 1002 2117 ἀναστελλομὲ-

219 2135 272 2153 νων
287 2126 332 2152 διὰ
346 2125 457 2160 πληγῶν
473 2125 526 2152 τῶν
541 2126 703 2153 κωλυουσῶν
719 2126 755 2162 μὴ
770 2126 947 2162 ἁμαρτάνειν.

253 2219 318 2252 Τῶν
335 2224 388 2261 γὰρ
410 2225 560 2261 Ἀσσυρίων
582 2224 755 2260 ἀφελομένων
773 2224 823 2256 τὰς
839 2225 931 2256 πόλεις
953 2225 1003 2252 αὺ-

218 2270 272 2298 τῶν
289 2271 336 2297 καὶ
360 2271 566 2307 περικοψάντων
582 2270 631 2303 τὰς
645 2270 774 2302 πλείστας
793 2271 896 2303 πόλεις,
913 2271 1006 2298 ἀντοι-

219 2317 361 2352 κησάντων
375 2316 404 2343 δὲ
417 2317 480 2349 τοὺς
491 2316 645 2349 Γοτθαίους,
656 2317 681 2343 οἶ
695 2317 741 2343 καὶ
757 2317 926 2353 Σαμαρεῖται
941 2318 1007 2344 ἑκα-

219 2363 323 2394 λοῦντο,
339 2363 372 2389 ὲκ
395 2362 442 2389 τοῦ
463 2363 546 2389 τόπου
559 2362 608 2398 τὴν
625 2362 815 2398 προσωνυμίαν
836 2363 1005 2398 είληφότων·

1054 1142 1163 1170 Domini
1182 1143 1209 1170 in
1227 1143 1356 1178 populum
1372 1143 1515 1178 probatos,
1537 1150 1581 1170 res
1597 1142 1752 1177 praeteritas
1784 1149 1843 1169 me-

1055 1196 1180 1221 morans,
1193 1194 1219 1216 et
1233 1189 1313 1216 ﬁdem
1336 1193 1366 1216 ut
1383 1189 1436 1216 sibi
1465 1189 1570 1223 faciat,
1598 1189 1676 1224 signa
1692 1187 1778 1216 refert
1795 1195 1844 1223 pa.

1053 1235 1240 1262 triarcharum
1258 1235 1347 1270 gratia
1360 1234 1444 1263 edita.

1087 1290 1217 1319 VmsJS.
1234 1291 1283 1318 llic
1298 1291 1427 1326 propheta
1437 1291 1470 1318 ad
1483 1298 1578 1327 preces
1586 1290 1747 1325 confugit,et
1758 1289 1842 1316 Deum

1052 1340 1149 1364 oratut
1163 1336 1196 1364 de
1211 1337 1281 1363 caelo
1296 1336 1455 1372 prospiciat.
1466 1336 1525 1364 Non
1540 1336 1664 1372 profecto
1679 1335 1756 1370 quasi
1772 1335 1844 1362 Deus

1052 1383 1081 1410 in
1113 1382 1191 1410 caelis
1222 1382 1421 1414 includeretur,
1440 1386 1468 1410 et
1496 1386 1598 1410 terram
1630 1389 1766 1416 occupare
1784 1387 1843 1408 non

1052 1432 1155 1462 posset,
1172 1426 1220 1454 sed
1238 1433 1269 1454 ut
1286 1427 1424 1455 demissas
1450 1431 1557 1455 mentes
1583 1427 1729 1460 relevaret,
1758 1430 1785 1454 et
1809 1426 1844 1453 ad

1053 1477 1156 1500 terram
1169 1472 1314 1507 depressas
1327 1473 1362 1500 ad
1388 1473 1513 1501 caelestia
1529 1473 1657 1508 erigeret,
1673 1480 1719 1511 ac'
1733 1472 1845 1500 doceret

1053 1525 1101 1545 eos
1115 1518 1153 1544 nil
1169 1518 1282 1549 humile,
1304 1518 1343 1544 nil
1359 1518 1500 1553 indignum
1514 1518 1548 1546 de
1567 1517 1622 1546 Deo
1643 1526 1705 1546 esse
1723 1519 1845 1546 Sentiet:-

1053 1562 1129 1594 dum,
1148 1562 1304 1590 habendum
1321 1570 1386 1590 vero
1402 1571 1458 1598 pm
1482 1563 1590 1595 oculis,
1617 1564 1689 1599 quod
1709 1567 1843 1598 praestans

1052 1607 1098 1634 illa
1111 1614 1188 1634 mens
1199 1615 1258 1642 qua:
1270 1611 1369 1634 cuncta
1388 1608 1509 1635 continet
1525 1612 1552 1635 et
1574 1609 1654 1643 regit,
1671 1608 1761 1634 omnia
1775 1614 1844 1642 quo-

1053 1661 1106 1689 que
1122 1662 1175 1681 uno
1192 1650 1338 1682 intuilu‘de
1353 1655 1423 1682 calo
1435 1654 1593 1690 perspiciat.

1088 1699 1170 1727 Vens.
1187 1699 1230 1727 Ιϐ.
1257 1700 1397 1727 Abraham
1423 1704 1530 1735 patrem
1551 1707 1626 1728 nunc
1653 1707 1708 1727 non
1726 1700 1842 1727 vocabo.

1054 1753 1110 1773 non
1132 1745 1206 1780 quod
1224 1746 1410 1781 patriarcham
1439 1754 1547 1782 negem,
1569 1746 1616 1775 sed
1637 1746 1712 1781 quod
1744 1753 1843 1773 nomen

1052 1791 1142 1818 Patris
1158 1793 1260 1819 rectius
1272 1792 1326 1819 Deo
1340 1793 1482 1820 convenit.

1085 1847 1228 1876 Vsss.i7.
1252 1849 1358 1876 Cuncta
1379 1849 1412 1877 ad
1440 1849 1584 1876 Dominum
1609 1848 1746 1876 referente
1775 1836 1864 1883 pro--

1050 1893 1142 1928 pheta,
1161 1901 1195 1921 ne
1214 1897 1293 1928 putes
1307 1894 1391 1922 Deum
1403 1894 1484 1922 nobis
1505 1898 1647 1921 auctorem
1668 1899 1843 1928 peccatorum

1051 1947 1113 1967 esse
1127 1949 1134 1972 ;
1160 1939 1319 1967 facultatem
1335 1943 1441 1966 tantum
1461 1939 1596 1975 permittit
1614 1945 1641 1967 et
1658 1941 1784 1967 concedit
1800 1939 1839 1966 fa-

1051 1984 1153 2017 ciendi,
1171 1992 1231 2020 quae
1253 1985 1352 2020 cuique
1373 1985 1505 2012 libuerint
1522 1994 1528 2011 :
1545 1993 1630 2012 causa
1666 1986 1751 2021 igitur
1780 1993 1844 2021 pec-

1052 2030 1106 2058 cati
1121 2030 1149 2058 in
1165 2030 1245 2058 nobis
1261 2034 1287 2058 et
1303 2037 1317 2057 a
1331 2031 1422 2063 nobis,
1437 2031 1474 2058 ad
1489 2030 1574 2059 Deum
1589 2035 1680 2059 autem
1697 2031 1839 2059 referenda

1053 2076 1182 2111 peccandi
1225 2075 1352 2105 facultas.
1370 2091 1405 2097 -—-
1431 2076 1515 2110 Quasi
1546 2077 1840 2112 comprehenderentur

1053 2122 1116 2157 ipsi,
1133 2126 1160 2149 et
1174 2121 1378 2150 calamitatibus
1393 2123 1625 2158 opprimerentur,
1644 2130 1680 2150 ne
1695 2127 1841 2158 peccarent

1054 2166 1281 2202 impedientibus.

1089 2221 1173 2249 Vens.
1197 2222 1240 2250 i9.
1271 2222 1393 2258 Assyriis
1414 2223 1522 2251 scilicet
1535 2223 1617 2251 urbes
1636 2227 1748 2251 nostras
1773 2222 1837 2250 diri-

1056 2267 1194 2301 pientibus
1207 2289 1215 2301 ,
1239 2271 1265 2295 et
1288 2268 1436 2303 plerasque
1457 2276 1552 2296 earum
1567 2269 1754 2296 evertentibus
1767 2288 1774 2300 ,
1793 2276 1842 2296 au-

1056 2310 1261 2348 ferentibusque
1279 2313 1313 2340 de
1327 2313 1416 2348 patria
1435 2313 1574 2345 Gotbeeos,
1598 2314 1644 2348 qui
1661 2317 1689 2341 et
1719 2313 1842 2341 Samari-

1056 2357 1113 2384 tani
1138 2362 1281 2390 vocantur,
1304 2358 1356 2386 loci
1386 2359 1497 2387 nomine
1512 2359 1660 2395 appellati;
1677 2367 1709 2387 ac
1735 2360 1844 2388 duabus

221 2408 302 2443 μόνον
323 2408 351 2434 δὲ
378 2407 424 2434 δύο
449 2407 535 2442 ἥμισυ
564 2407 655 2442 φυλῶν
678 2407 902 2444 περιλειφθεισῶν
924 2408 1006 2443 μέρος
1022 2440 1040 2444 _
1058 2408 1062 2429 Ι

996 2416 1040 2444 ;_
1058 2407 1164 2430 tantum
1190 2403 1315 2432 tribubus
1343 2404 1370 2431 in
1387 2404 1487 2440 angulo
1511 2406 1726 2438 remanentibus.
1755 2407 1837 2434 sentit

219 2440 387 2488 κατεχόντων
413 2440 519 2488 μικρὸν,
544 2440 726 2488 ὀνπροφήτης
749 2440 834 2488 ἠξίου,
862 2440 933 2479 ὥστε
959 2440 1006 2481 καὶ
1022 2440 1060 2482 D.

1003 2473 1006 2481 ,
1022 2440 1044 2467 Ῑ)
1058 2448 1190 2483 propheta
1208 2456 1319 2484 parvam
1336 2449 1416 2476 istam
1445 2453 1550 2485 partem
1564 2470 1572 2482 ,
1603 2457 1684 2485 quam
1702 2451 1844 2485 possidere

218 2499 296 2526 τοῦτο
309 2498 323 2524 ὃ
336 2498 444 2525 ἐδόκουν
461 2498 587 2533 κατέχειν
601 2498 807 2534 περιλειφθῆναι
826 2498 917 2530 αὐτοῖς
939 2499 1007 2534 πρὸς

221 2544 331 2579 μνήμην
346 2544 395 2578 τῆς
408 2544 437 2576 ἐξ
450 2544 536 2579 ἀρχῆς
552 2551 599 2570 σου
614 2544 653 2575 είς
666 2543 697 2570 τὸ
709 2544 785 2578 γένος
800 2544 948 2580 γενομένης
963 2544 1008 2570 εὑ-

221 2589 347 2624 μενείας·
367 2589 403 2624 μή
425 2597 462 2623 πη
481 2588 528 2614 καὶ
545 2589 641 2615 τούτου
664 2589 792 2624 ἀρθέντος
809 2589 953 2624 γενοίμεθα
968 2589 1007 2621 ὡς

221 2635 258 2671 μὴ
275 2634 337 2666 λαός
353 2643 411 2667 σου,
429 2635 496 2670 μηδὲ
510 2635 727 2670 χρηματίσαντες
745 2635 823 2670 μερίς
843 2643 900 2663 σου.

257 2733 339 2761 Πάλιν
354 2734 492 2768 ἐμφαίνων
512 2735 526 2760 ό
542 2735 693 2771 προφήτης,
710 2735 748 2767 ὡς
767 2735 798 2762 οὑ
817 2735 851 2762 δι’
867 2735 1006 2763 ἀσθένειαν

221 2779 267 2806 τοῦ
283 2779 350 2806 Θεοῦ
368 2776 440 2806 οὗτοι
455 2780 703 2816 ἐγκατελείφθησαν
716 2781 827 2808 τοιαῦτα
842 2781 1004 2817 ὑποστῆναι,

222 2825 297 2861 παρά
312 2826 362 2861 τὴν
380 2825 470 2852 αὐτῶν
494 2826 646 2862 μοχθηρίαν
661 2827 837 2862 ἁμαρτόντων
852 2827 899 2854 καὶ
915 2837 1004 2863 παρα·

221 2871 377 2906 ϐεϐηκότων
393 2872 443 2903 τὰς
457 2873 576 2904 ὲντολάς,
592 2872 729 2908 ἐξηγεῖται
743 2873 792 2908 τὴν
811 2874 1006 2909 μεγαλειότητα

222 2916 265 2943 τοῦ
296 2917 380 2951 Θεοῦ,
405 2917 444 2950 ὼς
471 2918 516 2944 καὶ
547 2917 709 2954 βουλομένου
733 2918 815 2945 αὑτοῦ
844 2920 868 2945 οἱ
897 2919 1005 2955 οὐρανοὶ

850 3016 865 3023 κ

1055 2494 1233 2527 videbantur,
1253 2495 1287 2523 iis
1303 2503 1357 2523 non
1377 2495 1433 2523 nisi
1456 2503 1488 2524 ea
1503 2496 1538 2523 de
1566 2503 1650 2524 causa
1674 2496 1760 2524 fuisse
1776 2497 1843 2524 reli-

1055 2544 1138 2572 ctam,
1159 2545 1189 2568 ut
1208 2542 1369 2568 memoriam
1388 2541 1567 2577 benignitatis
1585 2547 1728 2570 servarent
1740 2563 1748 2575 ,
1774 2543 1839 2570 olim

1055 2593 1070 2611 a
1090 2585 1144 2613 Deo
1162 2587 1287 2621 patrihus
1302 2587 1505 2622 comprobatae;
1534 2596 1569 2616 ne
1584 2589 1607 2616 si
1623 2588 1676 2615 ista
1692 2589 1774 2616 etiam
1794 2596 1843 2615 au-

1056 2629 1173 2658 ferretur
1186 2639 1201 2658 a
1218 2633 1308 2664 nobis,
1323 2633 1403 2667 quasi
1418 2634 1536 2668 populus
1551 2633 1600 2661 tibi
1614 2634 1731 2668 alienus,
1741 2638 1768 2661 et
1782 2642 1843 2661 mu-

1059 2684 1156 2703 nerum
1182 2680 1291 2705 tuorum
1306 2685 1405 2712 expers
1423 2678 1560 2706 fieremus.

1094 2733 1158 2760 Cn.
1180 2733 1272 2766 LXIV,
1289 2734 1372 2762 Vens.
1386 2735 1411 2762 L
1428 2734 1535 2762 Rursus
1551 2734 1694 2762 declarans
1713 2735 1843 2769 propheta

1059 2786 1112 2806 non
1139 2785 1252 2814 propter
1278 2780 1492 2808 imbecillitatem
1511 2779 1556 2807 Dei
1583 2781 1658 2815 ipsos
1688 2780 1773 2807 fuisse
1794 2788 1843 2814 op-

1059 2833 1180 2860 pressos,
1202 2825 1250 2853 sed
1269 2830 1380 2861 propter
1397 2827 1548 2861 nequitiam
1572 2827 1742 2860 peccantium
1760 2830 1786 2853 et
1803 2826 1841 2852 lc-

1059 2879 1106 2907 ges
1121 2872 1229 2900 divinas
1253 2872 1424 2904 violantium,
1450 2872 1530 2900 elfcrt
1551 2872 1744 2900 sublimitatem
1769 2871 1814 2898 Dei
1834 2880 1840 2903 ;

1059 2918 1160 2954 quippe
1173 2918 1218 2955 qui
1235 2922 1328 2947 tantus
1345 2923 1397 2952 est,
1415 2923 1454 2951 ut,
1472 2919 1532 2954 ipso
1549 2918 1668 2952 iubente,
1680 2918 1771 2946 calum
1786 2926 1841 2945 uno
