2131 3167
274 199 345 228 1375

866 189 1040 219 τυεοοοιιι
1059 188 1316 218 ΙΙΕΙῖΑϐῌΞΕΝΒΙδ

1818 187 1886 215 ιεπ

267 258 392 292 salutem
418 259 542 284 nostram
570 254 719 290 parisinus.
747 251 797 280 Est
815 251 925 286 quidem
945 250 1057 277 omnino
1072 251 1108 278 Al

1044 256 1057 277 ο
1072 251 1094 278 Α
1106 249 1260 284 ἀποκυῆσαι
1279 248 1329 284 τὴν
1344 248 1447 274 ἐαυτῶν
1464 246 1615 282 σωτηρίαν
1632 247 1700 282 ὅπερ
1721 247 1796 273 ἐστὶν
1816 246 1885 282 ὑπὲρ

276 310 360 337 super
374 301 515 329 hominum
533 306 637 331 mores,
654 297 727 333 quod
744 296 882 332 paulisper
895 295 1057 323 brevissima

266 347 436 379 tolerantes,
452 345 531 381 quasi
548 343 678 371 diuturna
701 342 920 377 pertulissemus,
942 340 1058 368 salutem

276 398 486 427 consequamur.
503 390 568 423 Quae
584 397 649 417 vero
668 386 833 424 perﬁcienda
849 393 910 414 esse
926 385 961 412 de
979 384 1060 412 Jeru-

277 437 361 465 salem
375 436 530 467 nuntiabat.
556 435 589 462 ad
609 441 692 470 quam
715 433 796 470 paulo
811 437 873 468 post
893 431 1059 458 habitatores

277 482 398 510 redirent
413 489 445 509 ac
462 486 518 508 tota
533 488 609 516 gens.
661 496 672 509 Ι

315 527 395 555 VEIs.
413 527 440 555 8.
457 527 523 554 Nam
547 526 570 554 si
599 525 633 552 ad
658 523 745 552 Deum
761 521 968 553 convertemini.
994 527 1060 548 con-

279 572 369 601 festim
382 581 432 600 vos
442 571 576 607 excipiet;
600 578 651 598 nec
664 578 721 598 rem
739 570 799 604 ipso
814 568 847 595 ad
867 568 977 602 longum
992 570 1061 593 tem-

279 619 353 654 poris
385 619 502 654 spatium
530 616 672 644 diil‘ereute
687 635 695 648 ,
723 615 782 642 sine
798 614 851 641 ulla
868 620 945 639 mora
968 611 1060 639 statim

277 671 374 691 omnes
391 664 419 690 in
437 662 587 690 Jerusalem
618 660 868 696 congregabuntur.
898 657 957 685 Non
980 660 1062 684 erunt

276 711 324 745 qui
342 710 420 736 iidem
445 713 492 736 aut
509 716 618 744 operam
642 707 825 742 denegantcs,
854 704 982 739 praedicta
1004 702 1062 730 dis-

278 755 400 782 turbant.
439 754 655 789 Complebuntur
682 759 749 779 sane
789 757 849 785 qua),
874 749 907 776 de
936 747 1061 783 gentibus

279 800 351 827 dicta
378 804 457 831 sunt;
485 800 584 834 quippe
613 805 692 833 quae,
720 796 778 824 suis
801 794 950 825 derelictis.
974 792 1059 819 Deum

278 853 359 873 suum
374 849 401 872 et
413 845 575 871 Salvatorem
591 847 778 877 agnoscentes.
790 840 823 868 de
835 839 971 874 prioribus
986 844 1062 865 erro-

281 892 356 919 ribus
371 891 556 926 poanitentiam
587 892 710 924 agentes,
737 887 770 914 ad
795 887 935 913 cmlestem
949 884 1062 911 Jerusa-

280 938 334 965 lem
348 937 488 964 accedent.
509 935 591 964 lsrael
609 942 674 962 vero
693 942 779 968 usque
794 933 931 968 ingratum
946 939 975 958 se
993 937 1063 965 prae—

281 983 373 1010 bebit:
394 981 449 1009 Deo
473 981 515 1008 vel
539 980 764 1016 praestantissima
779 978 965 1013 promittente.
985 975 1064 1003 indo—

280 1028 347 1056 ciles
362 1027 551 1058 remanebunt,
570 1034 604 1053 ne
622 1024 687 1052 illud
709 1024 817 1060 quidem
844 1022 977 1050 recordati
991 1020 1065 1057 quod

286 1081 336 1101 sua
351 1073 495 1100 mulierum
518 1071 644 1103 fecunda,
665 1071 752 1097 altera
776 1077 839 1097 vero
865 1069 967 1096 sterilis
995 1074 1065 1103 pra:-

281 1119 442 1152 nuntiatur;
459 1117 572 1145 Domino
591 1122 751 1143 naturarum
773 1120 918 1149 utramque
938 1117 1065 1140 naturam

281 1164 316 1191 ad
327 1169 424 1192 nutum
439 1171 518 1190 suum
544 1166 744 1198 componente;
763 1161 843 1187 aliam
864 1159 973 1194 quidem
992 1159 1066 1186 velut

281 1216 377 1243 agrum
394 1208 572 1243 frugiferum;
588 1208 668 1234 aliam
681 1214 746 1234 vero
761 1206 834 1234 velut
848 1209 946 1233 terram
962 1204 1066 1232 aridam

282 1259 310 1282 et
326 1253 509 1282 infecundam.

319 1341 401 1370 Vens.
427 1342 470 1369 12.
495 1342 628 1370 Omnibus
651 1340 685 1368 ad
713 1348 773 1368 eam
796 1340 977 1375 undequaque
1000 1346 1068 1365 con-

285 1385 445 1415 ﬂuentibus.
465 1386 532 1414 Nam
557 1386 671 1421 gloriam
688 1387 809 1421 gentium
829 1385 959 1420 largietur
973 1384 1015 1411 eis
1032 1383 1067 1410 ad

282 1432 434 1460 Jerusalem
452 1431 648 1464 lesrinantiunr.
666 1431 745 1467 quasi
768 1431 838 1458 ﬁlios
866 1437 931 1457 suos
948 1435 975 1457 ct
997 1429 1067 1455 ﬁlias

284 1484 350 1505 suas
373 1477 402 1504 in
424 1476 544 1504 humeris
565 1476 741 1511 portantium,
765 1479 792 1502 et
813 1475 958 1502 ferentium
985 1481 1068 1508 super

283 1531 389 1560 genua,
416 1527 446 1551 ut
468 1530 529 1550 cum
552 1523 585 1550 iis
609 1522 822 1549 communicent.
862 1520 968 1547 Cuncta
993 1519 1067 1547 enim

1108 293 1198 320 πᾶσαν
1216 292 1388 328 ἀνθρωπίνην
1402 291 1553 328 συνήθειαν,
1572 292 1601 319 ἐν
1620 291 1756 327 ἀκαριαιῳ
1777 291 1886 326 διαστή-

1109 346 1174 374 ματι
1189 337 1283 374 ὥσπερ
1297 338 1344 364 ἐπὶ
1363 337 1446 364 πολὺν
1459 337 1554 373 χρόνον
1571 337 1730 372 κάμνοντες,
1751 335 1887 370 σωτηρίαν

1106 382 1315 420 ιαρπιίισασθαι.
1333 381 1549 418 τελεσθήσεσθαι
1571 383 1598 410 δὲ
1616 381 1685 409 αὕτά
1705 380 1888 417 ἐπηγγέλλετο

1108 429 1154 455 ἐπὶ
1169 428 1220 464 τῆς
1233 426 1419 464 Ἰερουσαλὴμ,
1434 429 1463 454 ἐν
1475 427 1557 464 ὀλίγῳ
1569 426 1811 463 ἀτωλαμσανούσης
1823 425 1889 456 eos;

1108 474 1254 510 οίκῆτορας
1269 472 1317 500 καὶ
1336 472 1411 500 hem
1424 473 1455 500 τὸ
1470 471 1556 505 ἔθνος.

1145 518 1183 546 Οὐ
1209 519 1288 554 μόνον
1308 518 1372 554 γὰρ,
1394 518 1442 546 ἐὰν
1463 516 1646 554 ἐπιστραφῆτε
1672 517 1718 544 ἐπὶ
1737 516 1784 544 τὸν
1803 516 1889 549 θεὸν,

1110 565 1224 600 ταχίστη
1246 563 1320 591 ἔσται
1344 563 1420 599 ὑμῶν
1446 564 1464 599 ὴ
1480 563 1639 599 ἀντίληψις,
1659 563 1710 590 οὐκ
1722 563 1762 594 τις
1785 561 1890 597 χρόνων

1111 610 1234 645 περίοδον
1256 609 1469 645 ὑπερτιθεμένου
1484 609 1532 635 τοῦ
1559 608 1644 641 Θεοῦ,
1668 607 1725 634 ἀλλ’
1751 607 1815 636 εὐθὺ
1841 606 1891 633 καὶ

1114 655 1280 691 παραχρῆμα
1308 655 1415 681 πάντων
1441 654 1625 689 ἁπανταχόθεν
1653 651 1892 688 ἐπισυναγομένων

1111 701 1158 727 ἐπὶ
1175 701 1224 736 τὴν
1237 700 1430 736 Ἰερουσαλήμ·
1451 700 1480 726 οὺ
1503 699 1767 735 στενοχωρηθήσεται
1789 698 1823 724 τὰ
1839 696 1891 732 τῆς

1111 743 1277 781 ἐπαγγελίας
1305 746 1343 782 μὴ
1367 744 1544 781 βουλομένων,
1572 745 1640 780 μηδέ
1663 744 1890 772 ὑπακουσάντων

1112 791 1318 828 πληρωθήσεται
1331 792 1360 818 δέ
1375 792 1414 823 εις
1427 791 1462 818 τὰ
1475 791 1550 826 ἐθνη,
1561 791 1664 817 τούτων
1679 791 1728 827 μιν
1742 788 1894 818 ἀποϐαλλο-

1113 838 1202 873 μένων
1215 838 1264 873 τῆς
1280 838 1452 873 οίκειότητος,
1467 836 1679 871 εἰσποιουμένων
1700 834 1730 862 δέ
1743 834 1797 862 τῶν
1806 832 1893 860 ἐθνῶν

1113 885 1152 917 είς
1168 884 1218 919 τὴν
1240 884 1398 919 ἐπουράνιον
1416 882 1609 919 Ἰερουσαλὴμ,
1630 880 1824 916 ἐπεγνωκότων
1845 879 1894 906 τδν

1113 929 1217 957 ἐαυτῶν
1232 929 1298 956 Θεόν
1313 937 1343 955 τε
1356 929 1403 956 καὶ
1414 929 1537 965 Σωτῆρα,
1554 930 1599 956 καὶ
1615 927 1836 964 μετανοησάντων
1847 926 1895 952 ἐπι

1112 977 1146 1011 τῇ
1161 975 1282 1011 προτέρᾳ.
1306 975 1404 1011 πλάνῃ.
1425 975 1454 1002 ’0
1473 975 1501 1001 δὲ
1523 972 1628 1010 Ἰσραὴλ
1652 973 1788 1008 ἀγνώμων
1808 973 1895 999 ἁπαν-

1112 1020 1208 1056 ταχοῦ⁸
1224 1021 1270 1048 καὶ
1284 1021 1338 1057 γὰρ
1350 1020 1460 1052 ἐλπίδας
1474 1020 1563 1052 αὐτοῖς
1575 1019 1678 1054 ἀγαθὰς
1689 1018 1895 1054 ὺπογράψσντος
1931 1033 1934 1035 -

1113 1065 1160 1092 τοῦ
1173 1065 1352 1100 Θεοῦ,ἔμενον
1371 1065 1543 1100 ἀντίστροφοι
1553 1072 1559 1079 ·
1577 1064 1645 1101 μήτε
1662 1063 1741 1090 τοῦτο
1751 1061 1822 1090 κατὰ
1833 1061 1896 1088 νοῦν

1114 1111 1249 1142 λαϐόντες,
1265 1111 1306 1136 ὅτι
1321 1111 1337 1146 ἡ
1355 1111 1403 1146 μέν
1414 1119 1454 1141 τις
1465 1110 1533 1145 γυνὴ
1547 1109 1681 1140 πολύπαις
1697 1107 1895 1138 ἀναδείκνυται,

1114 1159 1131 1198 ῂ
1145 1158 1173 1184 δέ
1186 1166 1226 1188 τις
1249 1157 1351 1192 ἕρημος
1367 1157 1468 1184 παίδων
1478 1165 1484 1172 ’
1498 1156 1546 1183 τοῦ
1567 1155 1700 1182 Δεσπότόυ
1714 1154 1768 1180 τῶν
1789 1153 1898 1187 φύσεων

1115 1203 1183 1239 πρὸς
1197 1203 1226 1229 τὸ
1247 1202 1342 1229 ἑαυτοῦ
1364 1201 1451 1238 νεῦμα
1475 1202 1587 1236 ἄγοντος
1609 1201 1726 1236 ἑκάστην
1741 1200 1834 1235 (ptitur
1848 1199 1897 1224 καὶ

1114 1243 1163 1283 τῆν
1180 1247 1230 1282 μέν
1242 1256 1301 1274 τινα
1313 1247 1407 1283 ὥσπερ
1417 1247 1468 1283 γῆν
1479 1247 1615 1283 εὕκαρπον
1628 1245 1832 1280 ἀποφαίνοντος,
1847 1244 1898 1279 τὴν

1115 1292 1144 1319 δὲ
1158 1293 1254 1326 ἄγονον
1270 1293 1318 1319 καὶ
1331 1293 1450 1328 στεῖραν.

1150 1337 1211 1364 Τῶν
1235 1338 1276 1369 είς
1296 1338 1380 1373 αὐτὴν
1400 1337 1567 1373 πανταχόθεν
1581 1336 1762 1373 συρρεόντων·
1779 1334 1828 1370 τὴν
1841 1334 1898 1370 γὰρ

1115 1384 1193 1418 δόξαν
1213 1384 1267 1411 τῶν
1289 1384 1371 1411 ἐθνῶν
1389 1385 1522 1419 χαριεῖται
1543 1383 1632 1415 αὐτοῖς
1649 1383 1689 1414 εις
1714 1382 1797 1416 αὐτὴν
1811 1389 1897 1407 σπευ-

1115 1429 1227 1462 δόντων,
1252 1429 1290 1461 di;
1309 1430 1371 1460 τοὺς
1391 1430 1464 1460 υἱοὺς
1490 1429 1574 1464 αὐτῆς
1598 1428 1645 1455 καὶ⁵
1671 1427 1720 1460 τᾲς
1743 1426 1898 1461 θυγατέρας

1116 1474 1159 1501 ἐπ’
1171 1474 1254 1510 ὤμων
1268 1475 1359 1510 φέρειν
1373 1475 1413 1506 εἰς
1430 1474 1479 1509 τὴν
1493 1473 1679 1509 Ἰερουσαλὴμ,
1692 1472 1739 1499 καὶ
1754 1472 1800 1498 ἐπὶ
1816 1471 1899 1505 γονὰ-

1116 1529 1170 1547 των
1188 1521 1281 1556 φέρειν
1295 1521 1404 1552 αὐτοὺς,
1426 1519 1640 1556 μεταδιώκοντας
1655 1519 1703 1554 τὴν
1719 1517 1788 1552 πρὸς
1800 1517 1900 1548 αὐτοὺς

286 1570 415 1605 praebebit
428 1570 468 1597 eis
481 1569 552 1596 Deus
570 1568 690 1603 adiutor.
712 1567 808 1595 matris
827 1567 860 1594 ad
875 1573 1000 1594 normam
1019 1565 1068 1592 bo-
1081 1575 1103 1605 ο
1119 1575 1127 1591 δ

1058 1579 1068 1584 -
1081 1575 1103 1605 c
1119 1566 1258 1592 κοινωνίαν
1268 1575 1274 1581 ·
1293 1567 1309 1601 ἠ
1328 1566 1382 1601 γὰρ
1398 1566 1438 1597 εἰς
1451 1565 1549 1596 αὐτοὺς
1564 1565 1633 1600 ῥοπὴ
1647 1564 1694 1590 τοῦ
1706 1562 1773 1589 Θεοῦ
1786 1562 1899 1597 παρέξει

285 1623 327 1644 nc
341 1616 375 1644 de
390 1616 461 1643 natis
473 1615 531 1643 suis
543 1621 636 1642 curam
649 1614 777 1649 gerentis.

324 1706 405 1734 Vns.
431 1705 474 1732 l3.
496 1704 561 1737 Quze
575 1705 695 1738 reperies
721 1702 843 1729 historiis
869 1699 1065 1734 comprobata;

287 1750 438 1787 prasertim
458 1756 524 1776 vero
541 1748 699 1775 narratione
713 1754 804 1774 rerum
829 1753 902 1772 nunc
923 1745 995 1780 apud
1017 1751 1068 1772 nos

287 1800 349 1832 post
365 1795 509 1823 adventum
529 1793 677 1820 Salvatoris
698 1792 783 1819 nostri
794 1795 942 1826 gestarum.
966 1790 1068 1817 Idcirco

287 1842 321 1869 ad
340 1848 431 1869 veram
453 1839 602 1868 Jerusalem
625 1837 777 1869 tendimus,
802 1841 829 1865 et
852 1844 930 1864 veros
952 1835 1067 1863 Judxos

286 1892 428 1923 portamus
443 1893 524 1921 super
541 1886 670 1912 humeros
686 1891 719 1911 ac
735 1890 824 1919 genua
847 1883 982 1915 ferentes;
1005 1889 1067 1909 cum

287 1934 360 1962 enim
383 1934 410 1960 in
436 1933 562 1959 manibus
588 1932 684 1958 beatos
709 1930 857 1965 prophetas
880 1929 1022 1959 habemus,
1042 1931 1070 1954 et

288 1980 399 2007 illorum
424 1978 501 2005 libris
522 1977 708 2007 occurrimus,
729 1975 781 2010 ipsi
808 1982 918 2009 quoque
940 1974 969 2001 in
985 1972 1070 2000 Deum

288 2025 426 2053 Abraham
452 2027 479 2051 et
502 2026 662 2049 caeterorum
691 2025 798 2055 patrum
826 2027 968 2054 speramus
987 2027 995 2051 ς
1016 2025 1071 2053 prae

289 2070 385 2105 primis
396 2076 460 2096 vero
476 2068 560 2095 libros
578 2067 709 2094 habentes
728 2073 743 2092 a
759 2065 845 2092 beatis
860 2064 992 2099 apostolis
1010 2066 1071 2098 post

290 2117 458 2143 Salvatorem
479 2117 601 2141 nostrum
623 2111 793 2146 conscriptos
815 2115 842 2138 et.
858 2118 905 2137 eos
929 2110 956 2137 in
976 2109 1072 2136 humeo

291 2162 329 2189 ris
356 2165 510 2196 portantes.
528 2166 561 2185 ac
583 2157 617 2185 de
634 2157 688 2185 illis
706 2157 828 2192 symbola
850 2155 945 2184 salutis
971 2159 1071 2182 nostra:

291 2207 459 2239 haurientes,
471 2212 526 2240 quo
545 2207 624 2239 pacto
639 2211 692 2230 non
717 2210 780 2229 vere
805 2210 883 2229 veros
901 2198 972 2229 ﬁlios
1001 2208 1071 2228 verm

289 2252 440 2280 Jerusalem
466 2258 548 2285 super
563 2250 691 2277 humeros
706 2249 837 2284 gerimus,
862 2248 1018 2283 quicunque
1038 2248 1072 2275 de

291 2297 417 2332 gentibus
433 2296 614 2330 undequaquc
624 2302 686 2321 cum
705 2294 749 2321 illa
763 2294 891 2328 conjungi
907 2293 1027 2320 student.

291 2341 481 2378 βαστάζοντες,
494 2341 519 2367 oi.
539 2341 592 2368 ἀπὺ
614 2340 668 2367 τῶν
685 2339 768 2367 ἐθνῶν
782 2337 887 2370 πάντεᾷ
903 2338 1071 2373 πανταχόθεν

329 2387 410 2416 Vens.
434 2387 477 2414 Η.
501 2386 569 2415 Ossa
588 2386 792 2422 germinabunt,
813 2386 956 2421 pristinam
986 2386 1073 2412 virtu-

291 2438 345 2461 tem
368 2433 523 2468 recipientia
547 2432 624 2467 juxta
648 2431 821 2459 Dominicaui
856 2431 1070 2466 praedictionem;

291 2479 362 2514 quod
378 2480 460 2506 etiam
476 2479 509 2506 de
519 2478 598 2505 beato
614 2477 738 2505 Ezechiel
761 2477 876 2504 historia
892 2477 986 2508 refert.
1002 2476 1072 2504 ossi-

291 2526 343 2553 bus
368 2525 455 2552 aridis
475 2524 599 2552 excitatis
622 2527 647 2551 et
675 2523 747 2551 inter
773 2530 803 2550 se
827 2527 890 2558 apte
912 2522 1074 2550 cohaerenti-

291 2571 342 2599 bus
358 2571 391 2598 ".

329 2618 409 2645 Vens.
427 2617 471 2645 l5.
489 2616 552 2644 Haec
569 2615 671 2652 profert
694 2619 721 2642 ut
734 2614 845 2646 indicet,
872 2613 954 2649 duom
978 2613 1073 2649 rapide

291 2663 423 2699 judicium
441 2662 576 2690 facturum
598 2662 635 2689 sit
655 2669 716 2689 cutn
731 2661 804 2688 Deus
827 2668 878 2688 nec
892 2665 1013 2695 tempore
1031 2661 1074 2687 in-

292 2709 394 2744 digeat,
411 2715 461 2735 nec
478 2714 552 2735 ntora
565 2717 572 2734 :
585 2714 640 2734 non
660 2706 732 2733 enim
755 2710 882 2734 externos
897 2709 1073 2732 accusatores

292 2757 444 2790 exspectat,
459 2752 506 2788 (iui
521 2754 578 2788 ipse
591 2756 690 2780 cuncta
706 2751 782 2779 novit
805 2756 951 2786 antequam
966 2751 1072 2784 ﬂerent,

294 2800 331 2828 uti
356 2799 458 2826 dictum
483 2803 526 2826 est
550 2807 557 2825 :
590 2807 599 2823 ι
623 2797 795 2832 lnoperatum
829 2804 917 2824 meum
950 2796 1073 2824 viderunt

333 2885 353 2901 “
362 2883 461 2913 Emit.
475 2891 577 2918 sum,
594 2883 626 2912 12
645 2891 705 2919 sqq.

1119 1610 1211 1641 αὐτοῖς
1225 1610 1342 1641 ἅπαντα,
1363 1609 1441 1644 δίκην
1459 1607 1561 1645 μητρός
1577 1607 1696 1644 χρηστῆς
1711 1607 1774 1642 περὶ
1790 1607 1821 1633 τὺ
1835 1606 1901 1632 ἴδιον

1118 1655 1212 1681 τέκνον
1226 1654 1432 1690 ἐνδεικνυμένης
1445 1655 1495 1690 τὴν
1509 1653 1608 1688 ἐαυτῆς
1622 1652 1782 1688 κηδεμονίαν

1153 1701 1208 1727 Καὶ
1222 1700 1307 1727 rain:
1333 1701 1456 1736 εὑρήσεις
1471 1699 1557 1731 οὓτως
1578 1698 1672 1734 ἔχοντα
1692 1699 1738 1724 ἐπὶ
1760 1698 1809 1732 τῆς
1830 1698 1903 1723 im-

1120 1747 1180 1783 ρίας
1190 1754 1197 1761 °
1215 1747 1245 1773 οὐ
1260 1746 1313 1782 μὴν
1331 1746 1399 1772 ἀλλὰ
1417 1746 1464 1772 καὶ
1476 1745 1528 1777 ἕως
1543 1745 1592 1780 τῆς
1604 1743 1682 1779 δεῦρο
1697 1744 1781 1774 οὕτως
1805 1742 1901 1777 ἔχοντα

1119 1791 1236 1818 τελεῖται
1246 1790 1310 1827 παρ’
1323 1791 1401 1826 ἡμῶν
1413 1791 1480 1826 μετὰ
1490 1791 1539 1826 τὴν
1554 1790 1704 1825 παρουσίαν
1714 1788 1760 1815 τοῦ
1775 1788 1901 1822 Σωτῆρος

1119 1836 1217 1872 ὴμῶν”
1238 1837 1278 1863 διὸ
1300 1837 1348 1863 καὶ
1369 1836 1418 1871 τὴν
1441 1836 1549 1871 ἀληθῶς
1566 1835 1741 1871 Ἰερουσαλὴμ
1768 1832 1902 1869 μεταδιὼ-

1121 1892 1214 1918 κομεν,
1231 1883 1277 1909 καὶ
1293 1883 1355 1914 τοὺς
1377 1881 1483 1917 ἀληθῶς
1501 1881 1642 1912 Ἰουδαίους
1663 1878 1833 1916 βαστάζομεν
1853 1879 1903 1912 φέ-

1122 1936 1213 1962 ροντες
1227 1927 1270 1953 ἐπ’
1285 1927 1367 1962 ὤμων
1383 1927 1429 1953 καὶ
1439 1926 1569 1961 γονάτων.
1578 1927 1634 1952 ’οτ’
1645 1925 1677 1952 ἂν
1685 1925 1714 1951 δὲ
1729 1924 1797 1960 μετὰ
1808 1924 1903 1959 χεῖρας

1122 1974 1227 2009 ἔχωμεν
1241 1973 1303 2004 τοὺς
1316 1972 1465 2007 μακαρίους
1478 1972 1628 2006 προφήτας,
1636 1971 1682 1997 καὶ
1695 1969 1902 2003 ἐντυγχάνωμεν

1121 2021 1181 2051 ταῖς
1198 2019 1308 2046 ἐκείνων
1323 2018 1434 2054 βίϐλοις,
1451 2018 1497 2044 καὶ
1512 2018 1558 2044 ἐπὶ
1568 2017 1613 2043 ¹ιὺν
1628 2016 1695 2043 Θεὸν
1712 2015 1758 2042 τοῦ
1776 2014 1903 2050 ’Δϐραάμ

1122 2065 1169 2092 καὶ
1189 2065 1242 2092 τῶν
1269 2064 1384 2100 καθεξῆς
1400 2063 1524 2099 πατέρων
1542 2062 1702 2097 ἐλπίζομεν·
1727 2062 1768 2088 ἔτι
1785 2061 1838 2097 μὴν
1855 2069 1895 2087 και

1121 2110 1184 2142 τοὺς
1197 2110 1347 2147 μακαρίους
1364 2109 1527 2141 ἀποστόλους
1539 2108 1613 2144 »μετά
1628 2108 1674 2135 τὸν
1693 2107 1806 2142 Σωτῆρα
1821 2105 1903 2141 ἡμῶν

1122 2156 1334 2192 ἐπιφερομένους
1353 2155 1403 2187 τὰς
1425 2155 1515 2182 αὐτῶν
1531 2154 1638 2190 βίϐλους
1659 2153 1774 2188 ἔχοντες,
1794 2153 1842 2178 καὶ
1859 2153 1902 2178 ἐπ’

1122 2201 1205 2237 ὤμων
1218 2201 1302 2233 αὑτὰς
1320 2201 1508 2237 βαστάζοντες,
1520 2200 1568 2227 καὶ
1580 2201 1609 2226 ἐν
1624 2200 1718 2231 αὐταῖς
1732 2199 1767 2225 τά
1780 2198 1903 2233 σύμϐολα

1122 2247 1172 2282 τῆς
1189 2247 1323 2283 σωτηρίας
1337 2247 1415 2282 ἡμῶν
1433 2245 1572 2282 μαθόντες,
1582 2245 1640 2277 πῶς
1653 2245 1714 2279 οὐχὶ
1722 2244 1828 2280 ἀληθῶς
1839 2245 1903 2275 τοὺς

1123 2292 1266 2327 ἀληθινοὺς
1282 2293 1356 2323 υἱοὺς
1371 2292 1421 2326 τῆς
1437 2290 1544 2327 ἀληθῶς
1561 2290 1747 2326 Ἰερουσαλὴμ,
1761 2290 1804 2315 ἐπ’
1819 2288 1902 2324 ὤμων

1085 2337 1244 2365 σπεύδουσιν
1257 2337 1299 2363 ἐπ’
1314 2335 1399 2372 αὐτὴν
1415 2334 1594 2371 συναχθῆναις

1159 2384 1214 2418 Τὴν
1234 2383 1300 2409 tam
1316 2383 1391 2418 ἰσχὺν
1409 2380 1576 2408 ἀναλαϐόντα
1589 2381 1659 2408 κατὰ
1673 2379 1728 2415 δὴν
1742 2377 1902 2413 δεσποτικὴν

1125 2428 1300 2462 ἐπαγγελίαν,
1311 2427 1400 2458 καθὼς
1415 2425 1488 2461 καὶὴ
1503 2425 1606 2461 ίστορια
1615 2424 1662 2452 τοῦ
1679 2423 1813 2460 μακαρίου
1825 2421 1905 2454 Ἰεζε-

1125 2475 1188 2510 κιὴλ
1200 2474 1330 2510 περιέχει,
1345 2471 1558 2508 ἀνεγειρομένων
1571 2470 1625 2497 τῶν
1635 2469 1724 2505 ξηρῶν
1737 2468 1850 2500 ὀστέων,
1858 2468 1904 2495 καὶ

1125 2519 1369 2555 ἀπολαμϐανόντων
1381 2519 1431 2554 τὴν
1444 2517 1580 2553 σύμπηξιν
1595 2516 1642 2542 καὶ
1656 2514 1797 2550 ἁρμονίαν.

1161 2608 1254 2636 Ταῦτα
1269 2606 1581 2643 παραλαμϐάνει,δηλῶν
1593 2605 1625 2632 τὸ
1639 2604 1705 2640 ταχὺ
1717 2603 1767 2638 τῆς
1776 2603 1903 2638 κρίσεως,

1126 2654 1156 2681 οὐ
1180 2654 1288 2689 χρόνου,
1304 2653 1334 2679 οὐ
1355 2652 1494 2688 διατριϐῆς
1514 2651 1641 2686 δεομένου
1666 2648 1733 2685 πρὸς
1761 2648 1841 2676 τοῦτο
1857 2643 1906 2674 τοῦ

1126 2700 1193 2727 Θεοῦ
1204 2709 1211 2715 ·
1225 2699 1286 2726 οὔτε
1306 2698 1361 2734 γὰρ
1376 2699 1474 2732 ἔξωθεν
1493 2697 1661 2733 κατηγόρους
1684 2696 1835 2732 περιμένει,
1849 2695 1908 2722 ἐπι-

1128 2743 1259 2779 στάμενος
1269 2743 1333 2780 πρὶν
1345 2743 1361 2778 ἤ
1373 2743 1420 2770 καὶ
1436 2743 1485 2778 τὴν
1499 2742 1599 2778 πρᾶξιν
1613 2743 1653 2774 είς
1666 2741 1744 2777 ἔργον
1763 2740 1827 2776 παρ’
1838 2738 1906 2775 ἐμοῦ

1128 2790 1304 2825 προχωρῆσαι
1316 2788 1387 2816 κατά
1401 2789 1432 2816 τὸ
1450 2788 1594 2824 εἰρημένον
1605 2796 1612 2804 ·
1631 2797 1641 2814 ι
1653 2787 1690 2814 Τὸ
1703 2784 1907 2822 ἀκατέργαστόν

1862 3030 2023 3067 λεμὰ
