2131 3167
239 219 309 248 l3"

955 217 988 245 IN
1002 218 1132 247 ΙΒΔΙΔΜ.

1790 219 1857 248 I378

237 286 288 314 μου
304 275 374 305 sum
395 277 420 304 οί
436 275 570 313 ὀφθαλμοί
587 283 644 303 σου.
655 284 666 302 ι
679 273 846 310 ’Δναγκαίως
861 275 962 307 τοίνυν,
974 277 1022 303 ἐκ·
1034 279 1045 308 Λ

1057 276 1146 307 ,οειιιί
1172 276 1212 304 lui
1226 276 1260 303 ".
1282 284 1292 301 s
1309 274 1406 304 Merito
1437 275 1523 311 igitur
1546 273 1708 304 rescindens
1727 277 1859 311 peccandi

237 322 344 351 κόπτων
362 322 409 349 τδν
431 321 511 356 λόγον
535 319 582 348 τοῦ
603 320 790 356 ἁμαρτάνειν,
813 319 1024 356 παρα-λαμϐάνει

236 367 292 404 πῦρ
303 368 351 395 καὶ
367 367 523 402 καταιγίδα,
538 366 553 394 ὃ
576 365 658 398 αὐτὸς
683 366 800 394 ἀνάπτει
813 366 843 393 ἐν
856 366 917 398 ταῖς
939 374 1025 394 συνει-

237 414 346 450 δήσεσιν
359 413 450 449 ήμῶν.

271 460 310 486 Δι’
328 456 362 495 ἧς
374 457 502 494 ἐμφαίνει
516 455 634 492 ψυχικὴν
648 455 769 489 κόλασιν,
788 456 836 484 καὶ
854 457 1024 494 τρωματίας

236 503 345 531 ἔσεσθαι
368 503 481 534 πολλοὺς
500 502 573 536 λέγει
584 509 591 517 ”
607 501 661 534 ἵνα,
678 501 723 528 διὰ
737 501 787 537 τῆς
801 502 888 538 ἀκοῆς
908 503 964 530 τῶν
979 503 1024 530 δο-

237 550 356 578 κούντων
369 546 444 584 αὺτῷ
457 547 581 583 φοϐερῶν
592 545 662 574 εἶναι
677 547 825 581 παιδεύσας
836 549 947 583 αὐτοὺς,
958 548 1024 576 ἁνα-

237 596 347 632 χαιτίσῃ
358 593 413 623 τῶν
423 593 641 629 ἁμαρτημάτων.

271 639 364 667 Ταῦτα
383 639 413 666 δέ
435 639 610 675 προστίθησιν
633 641 663 666 ἐν
692 639 786 675 μέσῳ,
801 639 832 667 οὐ
857 639 1024 676 κατηγορίαν

239 685 329 712 αὐτῶν
343 685 423 720 μόνον
444 685 626 721 ἐνιστάμενος,
637 685 705 713 ἀλλὰ
717 685 765 713 καὶ
780 686 917 721 σωτηρίαν
933 687 1025 718 αὐτοῖς

239 729 375 767 προξενῶν
389 729 433 757 διὰ
447 730 494 757 τοῦ
509 731 630 766 ἐλέγχου,
642 730 689 758 ἐὰν
702 731 869 767 ἐπιστήσωσι
883 731 929 758 τὸν
943 731 1006 758 νοῦν
1015 737 1023 746 ⁸

239 776 358 812 καὶγὰρ
382 775 428 802 τὸν
455 775 506 811 μῦν
530 776 679 812 παρέλαϐε,
700 776 755 808 ινα,
772 775 826 803 κᾶν
845 775 911 810 γοῦν
939 775 1024 808 οὕτως

238 821 406 853 αίδεσθέντες
428 821 460 847 τὸ
485 822 607 858 μυσαρὸν
629 822 684 848 τῶν
711 821 854 857 πράξεων,
878 820 1023 857 ἀνακωχὴν

239 866 344 894 δώσωσι
359 868 415 899 τοϊς
427 868 532 899 κακοῖς.

274 912 313 939 Οὐ
330 912 409 948 μόνον
422 912 450 939 δέ
462 912 517 939 τῶν
532 912 657 948 φανερῶν
673 911 799 948 πράξεων
815 912 905 940 αὐτῶν
914 912 1024 948 ἔλεγχον

239 958 365 990 ἐποιεῖτο,
377 958 445 985 ἀλλὰ
458 958 504 986 καὶ
520 958 610 986 αὐτῶν
623 958 678 985 τῶν
695 959 786 991 αὐτοῖς
801 958 1023 995 κινηθησομένων

240 1003 332 1030 κακῶν
346 1004 483 1039 λογισμῶν
493 1012 501 1020 ο
517 1004 586 1040 ὅπερ
596 1004 750 1039 ἀναγκαίως
764 1005 812 1031 καὶ
822 1004 963 1041 χρησίμως
979 1004 1024 1030 ἐπὶ

239 1048 288 1082 τῆς
303 1047 393 1074 αὐτῶν
408 1047 576 1079 λυσιτελείας
589 1048 685 1075 ἐποίει.
696 1049 836 1075 -Οὐκέτι
857 1048 906 1085 τὴν
921 1048 966 1075 διὰ
980 1048 1024 1075 λό-

239 1100 294 1126 γων
307 1091 420 1127 ἀπειλὴν
437 1091 607 1128 ποιούμενος,
619 1092 688 1120 ἀλλὰ
697 1092 746 1120 καὶ
756 1093 906 1129 παρουσίαν
921 1092 1024 1120 οἰκείαν

239 1136 471 1172 ἐπαγγελλόμενος
478 1145 485 1151 ·
497 1137 730 1174 πανταχόθεναὰρ
739 1137 778 1173 τῷ
790 1139 913 1174 Δεσπότῃ
923 1138 1025 1170 σκοπὸς

241 1182 326 1209 σῶσαι
343 1182 389 1210 τὸν
399 1182 475 1214 λαὸν,
489 1183 536 1209 καὶ
553 1183 649 1218 στῆσαι
661 1184 708 1210 τὸν
724 1183 803 1218 λόγον
817 1183 861 1211 τὸν
873 1183 942 1220 πρὸς
960 1184 1024 1216 τοὺς

241 1228 362 1264 πατέρας
376 1228 575 1264 γεγενημένον·
591 1229 652 1256 ὃθεν
666 1229 714 1256 καὶ
729 1229 772 1256 διὰ
791 1229 961 1266 σκυθρωπῶν
977 1230 1024 1257 καὶ

240 1273 365 1310 χρηστῶν
374 1273 461 1309 ὄψεων
475 1274 610 1310 σωτηρίαν
620 1275 711 1306 αὐτοῖς
723 1274 958 1310 πραγματεύεται.
968 1275 1024 1303 Kal

237 1320 301 1355 μετ’
320 1320 408 1355 ὀλίγη
421 1328 428 1335 ·
443 1320 493 1347 Τδν
509 1321 591 1348 αὑτὸν
605 1320 704 1356 τρόπον
718 1320 765 1347 καὶ
786 1319 902 1348 ἐνταῦθα
920 1320 970 1356 τὴν
985 1322 1026 1354 είς

240 1367 337 1399 αὐτοὺς
352 1367 496 1402 ἐπίσκεψιν
510 1366 592 1394 αὐτοῦ
609 1367 676 1394 ίδίαν
695 1367 846 1404 παρουσίαν
865 1366 948 1395 αὐτοῦ
961 1376 1026 1395 κατ-

240 1411 381 1446 αγγέλλει,
405 1411 510 1447 δηλῶν,
522 1412 559 1444 ὡς
574 1411 728 1444 ἐπισυνάξει
748 1411 848 1443 αὐτοὺς
860 1412 894 1438 ἐκ
918 1411 1026 1439 πάντων

240 1457 293 1484 τῶν
309 1457 392 1484 ἐθνῶν
400 1458 429 1484 ἐν
441 1455 482 1489 οἷς
494 1457 712 1493 ἀνεστράφησαν,
724 1457 785 1484 ἐκεῖ
794 1456 961 1492 ἐκμαθόντες
978 1457 1026 1484 καὶ

240 1502 290 1534 τὰς
300 1502 425 1537 γλώσσας
437 1502 537 1530 αὐτῶν.

281 1548 400 1575 Ἐκεῖθεν
416 1548 444 1575 δέ
467 1548 513 1575 καὶ
531 1548 594 1580 τοὺς
611 1548 762 1584 μακαρίους
777 1548 943 1581 ἀποστόλους
959 1548 1028 1576 δικέ-

242 1584 328 1621 στειλσ
353 1595 476 1630 κήρυκας
498 1594 559 1621 καθ’
575 1595 639 1631 ὅλης
653 1595 813 1631 οίκουμὲνης
829 1595 1028 1632 γενησομένους
1040 1610 1061 1640 c

241 1641 289 1668 ἀπ’
302 1641 393 1677 ἄκρων
405 1640 457 1672 ἕως
471 1641 576 1676 ἄκρων.

277 1686 383 1713 Ἵππων
396 1686 444 1712 καὶ
454 1687 572 1722 ἡμιόνων
592 1687 639 1714 καὶ
653 1686 795 1722 λαμπίνων
813 1687 965 1723 μέμνηται,
978 1686 1028 1722 δη-

242 1732 296 1759 λῶν
314 1732 364 1768 τὴν
384 1732 440 1759 τῶν
464 1732 548 1759 ἐθνῶν
572 1732 715 1768 εὐθυμίαν,
730 1733 792 1768 ἥτις
806 1732 923 1769 πρώτως
946 1731 1029 1768 ἐπλη-

215 1813 217 1815 ι
245 1777 323 1814 ροῦτο
334 1778 440 1805 ἐπὶιτοῦ
449 1778 576 1814 εὐνούχου
591 1778 640 1814 τῆς
659 1779 802 1815 Κανδάκης
816 1779 986 1816 βασιλίσσης,
998 1779 1029 1813 ὃς

241 1824 288 1852 τὸν
301 1824 431 1851 Φίλιππον
444 1824 540 1860 ἔφερεν
555 1824 601 1851 ἐπὶ
616 1824 663 1851 τοῦ
680 1825 802 1861 ἅρματος
819 1825 915 1852 αὐτοῦ.

278 1870 376 1897 οὐκέτι
397 1870 450 1906 γὰρ
471 1871 510 1902 είς
540 1870 634 1897 τοῦτον
657 1870 890 1907 ἀπατηθήσονται,
907 1871 968 1898 οὐδὲ
989 1871 1029 1908 τῷ

244 1916 338 1952 κόσμῳ
356 1915 442 1951 τούτῳ
463 1915 696 1951 δελεασθήσονται,
712 1918 759 1944 ιιαῒ⁵
777 1918 814 1949 ὡς
827 1917 886 1953 Θεῷ
912 1926 1029 1954 προσκυ-

243 1964 383 2000 νήσουσιν·
405 1963 472 1990 ἀλλὰ.
489 1963 772 2000 προσκολληθήσονται
795 1964 890 2000 Κυρίῳ
905 1964 944 2000 τῷ
959 1964 1027 1999 Θεῷ,

243 2010 292 2042 τὰς
307 2009 452 2045 ἐνδελεχεῖς
464 2009 558 2041 θυσίας
570 2009 762 2045 προσάγοντες,
774 2009 868 2037 οὐκέτι
882 2010 971 2047 τρίτον
980 2011 1027 2038 τοῦ

243 2054 365 2082 ἐνιαυτοῦ
380 2054 469 2089 μόνον,
485 2054 553 2080 ἀλλὰ
570 2053 630 2080 καθ’
650 2053 784 2089 ἐὸδομάδα
807 2055 854 2082 καὶ
874 2056 946 2091 μῆνα
966 2064 1028 2082 συν-

244 2100 430 2137 αθροιζόμενοι
446 2100 492 2126 ἐπὶ
507 2099 560 2126 τῶν
575 2099 661 2133 ἁγίων
679 2100 846 2136 ἐκκλησιῶν*
861 2102 891 2128 οὑ
908 2101 988 2137 μόνον
1001 2102 1028 2128 δέ

243 2147 296 2179 In);
310 2147 405 2174 τούτου
421 2148 575 2182 στήσονται,
589 2146 657 2173 ἀλλὰ
670 2147 778 2183 νύκτωρ
790 2149 836 2175 καὶ¹
850 2148 909 2184 μεθ’
923 2149 1028 2185 ἡμέραν

243 2193 274 2219 οὐ
285 2192 432 2220 παύσονται
442 2192 491 2228 τὴν
503 2192 685 2229 προσκύνησιν
698 2192 854 2229 ποιούμενοι
864 2195 904 2226 είς
911 2194 956 2222 τὸν
967 2195 1030 2231 ἁλη-

245 2239 317 2266 θινδν
332 2239 408 2266 Θεόν.

280 2285 341 2311 Τῶν
353 2284 587 2320 ἐπισυναχθέντων
599 2284 684 2312 ἐθνῶν
695 2286 742 2313 ἐπὶ
762 2286 882 2319 Ἐζεκίου
895 2286 1028 2322 βασιλέως
1043 2285 1066 2312 ι)

245 2331 303 2365 ἅμα
318 2330 358 2365 τῷ
381 2330 561 2366 Σεναχηρείμ.
578 2345 614 2352 --
627 2331 719 2358 Ταῦτα
737 2331 766 2358 δέ
781 2331 870 2359 πάντα
890 2333 1030 2368 τρανωθή-

245 2382 321 2401 σεται
335 2375 364 2401 ἐν
377 2376 409 2410 τῇ
425 2375 560 2411 παρουσίᾳ
572 2375 619 2402 τοῦ
634 2376 736 2412 Κυρίου
749 2378 781 2412 τῇ
799 2376 902 2413 φοϐερᾷ
922 2379 969 2404 καὶ
988 2379 1031 2404 ἐν-

245 2419 327 2454 δόξῳ·
345 2421 389 2447 ὅτε
401 2420 431 2447 τὸ
442 2421 628 2456 οίκουμενικὺν
640 2421 753 2457 θέατρον
768 2424 972 2458 συγκροτεῖται·
986 2424 1030 2451 ὅτε

246 2466 345 2497 πάντες
359 2466 526 2501 πανταχόθεν
545 2467 771 2503 συναχθήσονται·
786 2468 830 2495 ὅτε
853 2467 967 2501 ἕκαστος
985 2477 1030 2496 κο-

248 2513 348 2546 μιεῖται
362 2511 429 2546 πρὸς
442 2511 460 2539 ἃ
474 2511 590 2547 επραξεν
600 2521 606 2527 ·
621 2513 666 2539 ὅτε
681 2514 695 2539 ὁ
709 2513 824 2540 ἑκάστου
839 2513 938 2549 κλῆρος
949 2522 1031 2548 φανιο

247 2557 340 2592 ροῦται
350 2565 356 2571 ”
374 2557 418 2583 ὅτε
436 2557 545 2592 δψονται
559 2557 667 2593 ἀληθῶς
680 2559 733 2585 τῶν
745 2559 977 2595 Μραὸεὸηκότων
990 2561 1030 2596 τῷ

247 2602 306 2637 Θεῷ
332 2602 378 2628 τὸν
400 2602 528 2638 σκώληκα
544 2604 634 2632 αὐτῶν
653 2605 841 2640 ἀτελεύτητον,
859 2606 906 2632 καὶ
929 2606 959 2632 τὺ
974 2606 1030 2641 πῦρ

246 2647 336 2675 αὐτῶν
352 2648 497 2675 ἄσϐεστον·
510 2649 633 2676 τουτέστι
655 2650 686 2677 τδ
705 2652 845 2687 κριτήριον
858 2653 907 2688 τῆς
927 2652 1030 2687 οίκείας

247 2693 337 2721 αὐτῶν
360 2693 546 2729 συνειδήσεως,
563 2695 578 2721 ὃ
591 2695 668 2731 δίκην
690 2695 830 2731 σκώληκος
853 2697 1029 2733 ἀτελευτήτου

247 2738 277 2765 ἐν
293 2738 383 2770 αὐτοῖς
410 2738 568 2766 ῑνειλατιι·
591 2741 637 2768 καὶ
664 2741 828 2776 καταφλέξῃ
851 2742 948 2775 αὐτοὺς
974 2742 1031 2780 πῦρ

249 2783 370 2819 ηγάζον
383 2785 412 2811 ἐν
421 2785 525 2816 αὐτοῖς·
541 2786 588 2812 καὶ
600 2785 705 2814 ἔσονται
720 2788 832 2823 φαυροὶ
841 2789 906 2815 πᾶσι
916 2790 973 2821 τοῖς
981 2790 1031 2818 ἐπ-

249 2830 379 2864 εγνωκόσι
393 2830 438 2857 τδν
453 2831 557 2859 ἑαυτῶν
569 2832 702 2869 deeds-rw
716 2842 746 2861 τι
760 2834 807 2862 καὶ
816 2836 939 2872 τωιητήν.

285 2906 308 2923 ⁸⁸
318 2905 390 2935 Psal.
405 2914 537 2942 cum",
553 2909 595 2936 16.

1072 321 1219 354 rationem,
1239 321 1386 357 procellam
1407 324 1435 349 et
1454 322 1544 357 ignem
1559 320 1686 358 suscipit,
1702 328 1784 357 quem
1802 322 1861 358 ipse

1073 367 1100 396 in
1113 367 1290 396 conscientiis
1303 366 1407 395 nostris
1422 366 1562 394 accendet.

1106 457 1190 486 Vens.
1209 458 1251 486 16.
1269 457 1322 486 Per
1345 457 1464 493 gladium
1480 458 1617 494 signiﬁcat
1634 459 1774 495 spirituale
1785 458 1859 495 judi-

1073 503 1147 531 cium
1162 508 1189 531 et
1203 504 1306 532 multos
1320 503 1388 531 dicit
1412 511 1475 532 esse
1487 505 1683 538 vulnerandos,
1709 509 1740 532 ut
1759 505 1860 541 gravis-

1073 548 1150 577 simis
1164 549 1246 578 minis
1260 549 1397 583 deterriti,
1413 557 1429 577 a
1440 550 1563 585 peccatis
1577 550 1719 578 recedant.

1111 636 1192 664 Vens.
1206 636 1248 663 t1.
1266 635 1333 669 Quae
1346 635 1374 663 in
1390 636 1509 664 medium
1526 635 1616 670 adert,
1643 644 1697 665 non
1711 640 1817 665 tantum
1831 641 1862 665 nt

1073 689 1122 710 eos
1153 681 1356 714 incriminetur,
1382 681 1431 709 sed
1455 682 1538 709 etiam
1566 685 1595 710 ut
1614 682 1655 710 eis
1683 683 1800 710 salutem
1817 689 1861 710 ro-

1073 727 1305 763 prehensionibus
1316 730 1460 762 pneparet,
1477 728 1501 754 si
1514 727 1586 755 forte
1598 731 1718 756 mentem
1732 727 1859 756 intende-

1075 776 1146 800 rent.
1158 771 1196 799 De
1211 779 1289 800 mure
1305 771 1350 799 hic
1364 771 1496 806 loquitur,
1516 775 1545 798 ut
1559 771 1602 799 vel
1621 771 1657 798 ita
1671 771 1706 799 de
1721 771 1860 799 detestan-

1074 817 1118 845 dis
1126 817 1257 853 operibus
1273 817 1332 845 suis
1347 817 1555 851 erubescentes,
1569 824 1585 844 a
1595 816 1674 844 malis
1686 820 1858 844 revocentur.

1110 894 1194 924 Vens.
1215 895 1259 922 18.
1281 893 1342 922 Non
1359 901 1441 929 opera
1469 893 1551 921 modo
1571 893 1661 927 arguit
1685 892 1860 921 extrinsecus

1038 945 1062 976 ιι
1076 941 1247 978 apparentia,
1266 940 1314 969 sed
1331 941 1406 976 ipsas
1426 947 1535 976 quoque
1553 946 1654 974 pravas
1668 939 1768 967 mentis
1782 938 1859 973 cogi-

1074 989 1191 1016 tationes
1207 997 1214 1016 :
1230 987 1303 1023 quod
1327 987 1425 1014 merito
1446 991 1474 1015 et
1494 987 1642 1015 salubriter
1661 986 1694 1013 ad
1713 986 1859 1014 utilitatem

1075 1037 1197 1062 nostram
1215 1034 1336 1068 praestat.
1351 1046 1388 1052 —-
1400 1030 1460 1059 lam
1481 1038 1537 1059 non
1553 1031 1644 1059 verbis
1665 1031 1752 1058 minas
1769 1031 1860 1058 inten-

1074 1079 1124 1112 dit,
1145 1086 1223 1107 suam
1237 1085 1345 1114 quoque
1365 1078 1539 1112 praesentiam
1557 1076 1712 1104 annuntiat.
1732 1076 1784 1104 Per
1799 1084 1860 1104 om-

1074 1124 1120 1151 nis
1148 1123 1222 1151 enim
1243 1121 1334 1150 studet
1354 1121 1486 1150 Dominus
1514 1125 1545 1149 ut
1568 1122 1655 1150 salvet
1678 1121 1805 1156 populum
1831 1126 1859 1149 et

1075 1175 1229 1197 sermonem
1264 1167 1388 1203 perﬁciat
1411 1167 1445 1194 ad
1471 1171 1563 1203 patres
1595 1167 1729 1202 prolatum
1756 1175 1764 1194 :
1793 1166 1856 1194 ideo

1075 1219 1131 1241 tum
1148 1214 1230 1241 minis
1246 1221 1308 1240 cum
1325 1212 1469 1248 promissis
1491 1212 1606 1240 salutem
1626 1212 1693 1247 ipsis
1718 1217 1857 1248 operatur.

1074 1258 1109 1287 Et
1123 1259 1204 1294 paulo
1216 1263 1275 1294 post
1287 1267 1297 1286 :
1313 1258 1414 1286 Eadem
1433 1258 1540 1285 ratione
1547 1257 1592 1284 hic
1608 1264 1717 1292 quoque
1731 1264 1809 1284 suam
1829 1257 1858 1284 in

1074 1312 1122 1333 eos
1137 1305 1347 1340 inspectionem,
1368 1304 1516 1330 adventum
1530 1309 1611 1330 suum
1632 1302 1790 1336 denuntiat;
1811 1302 1861 1330 de-

1075 1349 1185 1378 clarans
1206 1356 1237 1377 se
1258 1355 1306 1375 eos
1325 1347 1360 1375 de
1375 1347 1503 1375 omnibus
1524 1346 1652 1383 gentibus
1678 1348 1861 1383 congregatu-

1075 1401 1149 1426 τοι,
1171 1393 1242 1421 inter
1254 1399 1325 1429 quas
1350 1392 1493 1429 degebant,
1508 1399 1624 1428 quarum
1647 1392 1730 1420 etiam
1753 1393 1860 1431 linguas

1076 1439 1224 1471 edisceban
1229 1456 1236 1467 .

1113 1535 1198 1566 Vens.
1210 1536 1254 1565 ιθ.
1269 1543 1348 1566 nunc
1361 1541 1444 1566 etiam
1459 1540 1555 1566 seatos
1570 1538 1707 1573 apostolos
1728 1543 1859 1568 ωιτη-τη

1078 1588 1167 1613 totum
1199 1587 1334 1612 terrarum
1359 1583 1453 1611 orbem
1487 1583 1662 1618 perlustrati,
1685 1583 1860 1621 Evangelium

1077 1630 1120 1659 vel
1135 1630 1164 1657 in
1178 1628 1308 1657 extremis
1322 1628 1481 1664 regionibus
1497 1629 1688 1664 praedicarent.

1112 1674 1197 1702 Vens.
1222 1674 1268 1702 20.
1297 1673 1347 1701 ilic
1373 1681 1459 1710 equos
1484 1675 1644 1710 mulosque,
1668 1678 1696 1703 et
1722 1676 1861 1711 lampenas

1076 1725 1220 1753 memorat,
1237 1720 1365 1748 indicans
1391 1721 1619 1755 praestantissimo
1643 1721 1734 1749 animo
1755 1722 1862 1751 futuras

1077 1770 1190 1803 gentes,
1215 1774 1295 1801 quem
1323 1767 1428 1801 primus
1447 1765 1571 1794 exhibuit
1596 1767 1741 1796 eunuchus
1762 1768 1861 1802 regina:

1076 1813 1226 1843 Candaces.
1243 1812 1289 1846 qui
1303 1811 1457 1846 Philippum
1472 1819 1557 1839 curru
1571 1819 1622 1840 suo
1635 1813 1720 1841 vexit.

1111 1858 1195 1887 Vsus.
1211 1858 1257 1885 23.
1269 1858 1328 1885 1am
1341 1865 1395 1884 non
1405 1857 1522 1892 amplius
1537 1859 1668 1886 errabunt
1681 1859 1754 1887 circa
1765 1859 1860 1888 Deum.

1076 1911 1127 1932 nec
1142 1903 1235 1931 mundi
1251 1903 1387 1931 illecebris
1409 1903 1492 1930 illecti
1525 1904 1577 1938 ipsi
1596 1909 1726 1939 tanquam
1744 1898 1808 1933 Ι)εό
1819 1905 1862 1933 in-
1888 1921 1890 1923 -

1077 1950 1213 1982 servient;
1238 1948 1287 1977 sed
1309 1956 1370 1976 cum
1387 1947 1502 1976 Domino
1519 1948 1574 1977 Deo
1589 1950 1780 1986 conglutinati.
1796 1959 1862 1979 con—

1078 1997 1156 2023 tinuo
1169 1995 1194 2023 ei
1212 1994 1347 2023 sacriﬁcia
1365 1994 1496 2027 onerent;
1515 1994 1571 2029 jam
1593 2003 1647 2023 non
1674 2000 1716 2024 ter
1735 1997 1817 2025 modo
1833 1998 1860 2025 in

1078 2048 1194 2073 annum,
1214 2039 1262 2067 sed
1280 2040 1308 2067 in
1331 2039 1452 2075 singulos
1473 2047 1601 2074 menses,
1631 2041 1715 2076 inque
1739 2043 1861 2078 singulas

1077 2084 1259 2113 bebdomades
1275 2085 1514 2120 congregabuntur
1532 2085 1559 2112 in
1583 2090 1693 2114 sanctas
1715 2088 1859 2116 ecclesias.

1078 2129 1154 2164 Quin
1180 2130 1246 2161 imo,
1263 2129 1381 2157 ulterius
1402 2129 1483 2158 etiam
1505 2131 1655 2166 progressi.
1682 2139 1733 2160 nec
1748 2132 1793 2161 die
1810 2141 1861 2162 nec

1078 2180 1159 2203 nocte
1176 2183 1191 2202 a
1207 2176 1282 2203 cultu
1297 2175 1355 2203 veri
1367 2174 1415 2203 Dei
1430 2176 1587 2204 cessabunt.

1114 2260 1198 2289 Vens.
1224 2260 1270 2288 24.
1302 2259 1443 2289 Cadaver:
1479 2262 1609 2290 videbunt
1644 2264 1765 2300 gentium
1797 2274 1859 2296 cum

1081 2306 1267 2334 Sennacherib
1290 2306 1421 2335 adversus
1445 2315 1536 2343 regem
1555 2308 1696 2337 Ezechiam
1713 2318 1862 2348 congrega-

1080 2355 1181 2378 tarum.
1201 2366 1237 2371 —
1258 2351 1324 2384 Quae
1348 2354 1438 2379 autem
1460 2353 1550 2380 omnia
1565 2354 1814 2384 manifestabuntur
1832 2358 1859 2385 in

1079 2396 1217 2424 horrendo
1234 2400 1262 2424 et
1291 2396 1391 2424 illustri
1411 2396 1457 2425 Dei
1474 2398 1602 2432 adventu,
1623 2407 1694 2432 cum,
1710 2407 1861 2430 convocato

1080 2445 1267 2468 creaturarum
1287 2440 1411 2469 omnium
1433 2446 1517 2474 coetu,
1537 2444 1664 2471 omnibus
1681 2444 1861 2482 undequaque

1079 2487 1213 2516 collectis.
1231 2487 1350 2523 quisque
1370 2495 1421 2523 pro
1450 2488 1557 2516 meritis
1589 2490 1647 2516 suis
1684 2491 1808 2525 accipiet,
1827 2500 1860 2519 ac

1081 2538 1141 2559 sors
1157 2531 1290 2566 cujusque
1308 2532 1459 2566 apparebit.
1473 2537 1499 2561 et
1516 2533 1646 2561 videbunt
1661 2543 1723 2562 vere
1740 2543 1858 2564 vermem

1080 2581 1254 2614 peccatorum
1264 2577 1454 2610 immortalem,
1466 2577 1609 2614 ignemque
1624 2587 1716 2607 eorum
1728 2581 1861 2610 inexstin-

1079 2622 1226 2657 guibilem;
1258 2621 1311 2649 hoc
1336 2625 1389 2653 est,
1417 2621 1549 2658 judicium
1578 2624 1771 2659 conscientia,
1800 2634 1862 2662 qua

1079 2666 1153 2692 velut
1167 2665 1267 2693 vermis
1283 2666 1446 2694 immortalis
1462 2667 1490 2695 in
1500 2675 1596 2695 eorum
1613 2669 1704 2696 animo
1720 2675 1860 2706 vertetur;

1079 2710 1229 2738 ettorrebit
1242 2712 1323 2738 etiam
1338 2719 1386 2741 eos
1398 2713 1469 2749 ignis
1478 2721 1512 2740 ex
1522 2713 1589 2748 ipsis
1597 2714 1715 2748 clicitus,
1730 2720 1758 2743 et
1773 2719 1862 2746 omni-

1081 2756 1132 2786 bus
1159 2757 1362 2793 conspiciantur
1393 2758 1440 2795 qui
1470 2758 1614 2789 Dominum
1638 2763 1861 2800 conditoremque

1080 2808 1160 2832 suum
1176 2808 1338 2840 agnoscunt.
